2678 4794
126 379 213 437 cnr.
231 376 322 432 xxr.
397 375 617 431 ursmarum
637 372 925 430 rnuonnrrcm.
1126 365 1194 434 251

126 556 351 642 debilitante,
380 564 504 628 totum
530 575 661 650 corpus
688 551 846 637 laxante,
867 546 1084 648 sanguinem
1111 559 1201 626 atte-

125 679 274 754 nuante,
291 667 470 765 originem
489 665 591 739 ducit
605 692 613 749 ;
651 687 699 736 ex
715 663 845 736 iisdem
863 663 937 735 fere
953 662 1069 734 causis
1085 664 1202 737 oritur

123 784 349 876 (1111111111),
388 776 642 873 similibusque
666 798 761 872 saepe
786 772 956 846 remediis
981 772 1202 871 reprimitur.

123 892 241 967 Haud
257 915 340 965 raro
356 902 479 963 tamen
498 889 648 961 oritura
665 887 864 985 suppressis
877 885 937 958 vel
949 885 1204 960 deficientibus

123 1003 321 1079 mensibus.
373 1000 561 1086 Mulieres,
584 1023 669 1096 quae
685 999 749 1071 tali
767 999 895 1071 morbo
911 997 1085 1084 laborant,
1103 997 1203 1072 haud

123 1115 174 1190 ita
189 1114 296 1191 facile
311 1136 354 1186 ao
376 1136 472 1186 sanae
495 1109 656 1210 gravidae
671 1108 779 1196 fiunt,
804 1109 874 1196 vel,
901 1111 930 1182 si
957 1110 1200 1208 conceperint,

125 1227 260 1302 crudus
275 1227 389 1299 foetus
418 1247 513 1321 saepe
538 1222 642 1295 brevi
669 1221 798 1295 effluit.
848 1222 1009 1308 Quodsi
1033 1245 1203 1321 prospere

126 1348 278 1413 uterum
295 1336 443 1435 gesserit
460 1333 542 1407 talis
558 1333 701 1420 mulier,
731 1332 880 1407 morbus
896 1358 972 1431 quo
988 1336 1089 1432 prius
1106 1333 1204 1407 labo·

127 1460 272 1523 raverat
288 1447 360 1521 fere
375 1444 594 1545 reprimitur,
624 1444 773 1519 sortasse
789 1467 980 1541 nunquam
998 1445 1202 1529 rediturus;

126 1558 327 1659 praesertim
344 1559 374 1632 si
391 1569 473 1657 post
491 1566 635 1657 partum
653 1555 785 1629 idonea
800 1557 889 1629 vitae
904 1557 997 1629 ratio
1014 1557 1137 1631 fuerit.

175 1692 378 1747 ncccxxu
401 1671 545 1744 Vitium
563 1669 714 1742 demum
731 1678 797 1755 est,
814 1669 844 1742 si
861 1692 1014 1756 menses,
1031 1671 1201 1767 quamvis

125 1806 248 1883 neque
280 1781 463 1880 suppressi
496 1804 618 1879 neque
646 1781 757 1854 nimis
795 1781 938 1879 copiose
971 1779 1205 1877 profluentes,

124 1918 221 1995 agne
236 1902 362 1969 tamen
381 1904 520 1967 etcum
538 1893 662 1967 dolore
678 1895 785 1980 uteri,
814 1893 1039 1978 lumborum,
1066 1892 1204 1989 capitis,

125 2006 302 2107 gravique
319 2005 434 2079 totius
451 2005 607 2103 corporis
624 2005 909 2103 perturbatione,
936 2003 1050 2078 solitis
1076 2015 1114 2077 et
1143 2026 1204 2075 na·

113 2115 304 2193 -turalibus
337 2115 537 2189 intervallis
570 2125 780 2215 erumpunt.
854 2116 991 2191 Multae
1031 2115 1205 2200 foeminae,

124 2252 210 2329 quae
224 2226 327 2303 nulla
344 2227 404 2301 vel
419 2227 513 2301 levia
529 2228 729 2301 admodum
747 2227 970 2325 hujusmodi,
997 2227 1123 2325 primis
1135 2252 1202 2325 pu-

124 2338 272 2415 beribus
288 2341 404 2427 annis,
420 2349 582 2437 expertae
598 2349 702 2412 erant
718 2339 959 2426 incommoda,
975 2338 1130 2413 florente
1142 2339 1204 2410 ad-

126 2450 199 2528 buc
226 2462 347 2537 aetate,
376 2452 538 2549 ipsosque
567 2460 719 2549 vegetae,
748 2461 787 2524 et
814 2450 978 2549 alioquin
1004 2473 1109 2536 sanae,
1136 2449 1206 2524 hoc

127 2564 235 2641 modo
264 2564 341 2637 fere
357 2571 548 2662 aegrotant,
581 2564 726 2660 quoties
742 2586 884 2636 menses
914 2561 1051 2635 debent
1079 2561 1204 2635 fluere.

128 2675 413 2751 Incommodum
446 2674 506 2747 vel
539 2699 560 2747 a
593 2683 775 2748 crescente
813 2673 1010 2749 solidarum
1044 2675 1207 2772 partium

127 2786 311 2875 firmitate,
339 2785 400 2859 vel
415 2811 436 2858 a
453 2784 568 2859 nimia
583 2787 795 2860 arteriarum
813 2795 852 2860 et
868 2785 1087 2859 foraminum
1111 2785 1206 2859 uteri

128 2900 373 2975 contractione
388 2898 600 2984 oriundum,
630 2898 800 2972 remediis
828 2897 1038 2971 laxantibus
1054 2908 1093 2971 et
1121 2919 1206 2971 ano

127 3010 235 3108 dynis
246 3011 389 3110 optime
398 3008 633 3085 sublevatur:
660 3034 781 3108 neque
793 3020 933 3084 temere
944 3010 991 3083 ad
1001 3008 1207 3084 calefacien-

129 3124 190 3211 tn,
216 3122 456 3213 stimulantis,
485 3133 550 3199 aut
578 3121 755 3199 cardiaco
784 3123 954 3208 remedia,
975 3120 1098 3219 qualia
1128 3143 1207 3192 mu·

130 3232 286 3309 lierculae
296 3246 422 3309 amant
437 3236 642 3334 proecipere,
668 3233 957 3332 confugiendum
975 3241 1053 3318 est;
1078 3254 1207 3328 quam·

130 3346 186 3418 vis
213 3345 418 3421 istiusmodi
451 3346 614 3445 profecto
642 3346 809 3431 remedia,
843 3345 996 3419 incitato
1028 3343 1208 3416 nimimm

129 3458 316 3556 sanguinis
348 3467 467 3544 motu,
500 3458 674 3533 renixum
705 3456 814 3541 illurn
846 3481 868 3530 a
900 3454 1077 3528 firmitate
1109 3454 1206 3528 uteri

128 3568 280 3668 ejusque
321 3571 536 3644 arteriarum
577 3570 825 3643 contractione
861 3579 987 3642 ortum
1028 3588 1207 3665 superare,

128 3702 345 3779 mensesque
361 3704 587 3779 promovere,
604 3681 753 3778 possint.

174 3815 393 3869 ncccxxvr.
429 3792 579 3866 Vitium
605 3815 757 3890 quoque
780 3801 847 3877 est,
884 3792 913 3865 si
931 3789 1075 3878 mulier,
1099 3799 1208 3864 aetate

130 3926 200 4002 qua
215 3905 328 3978 debet
345 3928 422 3978 esse
438 3905 620 3992 foecunda,
638 3902 770 3977 sterilis
787 3910 851 3976 est.
906 3902 994 3976 Hoc
1010 3901 1208 3999 aliquando

131 4012 170 4088 fit
186 4025 338 4114 propter
353 4039 500 4112 pravam
519 4016 629 4103 uteri,
659 4026 724 4089 aut
752 4014 938 4103 tubamm,
970 4023 1036 4087 aut
1064 4010 1207 4088 ovorio·

132 4146 222 4214 rum,
239 4124 420 4214 fabricam,
449 4128 577 4226 qualis,
606 4129 645 4201 in
671 4127 859 4202 nonnullis
890 4127 1060 4225 quamvis
1085 4124 1208 4197 admo-

133 4235 222 4314 dum
238 4238 326 4313 raris
350 4239 540 4339 exemplis,
565 4241 791 4341 inspectione
819 4240 1039 4316 cadaverum
1064 4235 1208 4308 detecta
