2678 4794
134 329 223 385 oar.
240 329 339 386 xxv.
407 327 627 387 maurorum
646 335 934 396 rnaouamcm.
1131 331 1205 412 307

175 530 479 585 neoccnxxxnr.
503 508 618 598 Quod
633 511 850 609 qualitatem
867 541 955 591 vero
985 516 1056 593 eibi
1085 523 1201 598 acutis

126 623 259 697 morbis
283 621 588 696 decumbentibus
621 625 861 721 permittendi
885 631 1030 717 attinet,
1058 630 1202 707 Natura

122 734 200 831 ipsa
216 756 336 830 usque
352 745 489 821 monet,
514 758 601 809 eum
625 759 674 809 ex
690 735 859 835 frugibus
876 748 915 812 et
930 739 1098 829 oleribus,
1125 767 1201 817 non

121 869 169 918 ex
186 846 367 933 omnibus,
382 870 461 920 esse
476 847 756 922 desumendum.
795 840 997 924 Rarissime
1009 853 1200 930 observan-

118 967 183 1032 tur
198 958 370 1057 exempla
387 960 683 1048 febricitantium,
708 962 775 1059 qui
799 985 933 1049 earnes,
959 963 1130 1063 cibosque
1152 990 1202 1041 ex
1320 1000 1327 1013 ·

114 1071 163 1145 ¹iis
179 1071 374 1157 oonfeetos,
404 1073 574 1170 quamvis
603 1072 887 1160 delicatissimos,
914 1084 980 1147 aut
1008 1088 1201 1175 appetunt,

118 1191 186 1257 aut
210 1184 290 1257 sine
314 1183 460 1258 fastidio
496 1183 811 1282 contemplantur;
846 1184 960 1257 iidem
988 1209 1076 1259 vero
1100 1190 1200 1288 aegri,

119 1317 243 1391 poma,
254 1306 321 1370 aut
336 1294 536 1394 legumina,
552 1307 618 1370 aut
634 1296 788 1370 demum
804 1319 936 1394 panem
953 1321 1200 1392 communem,

123 1405 331 1480 avidissime
347 1407 536 1481 interdum
553 1407 793 1483 devorabunt.

172 1538 465 1594 nccccnxxxrv.
492 1520 597 1606 Quin
613 1528 651 1593 et
667 1520 761 1593 ratio
776 1519 894 1609 docet,
919 1522 1042 1623 fruges
1058 1526 1097 1599 iu
1119 1526 1200 1600 tali·

65 1661 71 1667 ·
122 1631 191 1706 bus
217 1632 353 1706 morbis
377 1655 445 1730 pro
477 1632 651 1706 alimento
675 1633 844 1708 omnibus
872 1635 983 1734 longe
1006 1649 1198 1735 praestare:

117 1744 302 1844 imprimis
318 1746 407 1842 quia
422 1743 491 1831 hae,
516 1744 544 1818 si
563 1743 675 1819 modo
691 1756 789 1819 recte
805 1761 1098 1843 concoquuntur,
1125 1748 1199 1847 ple-

118 1880 281 1954 rumque
298 1858 422 1931 minus
437 1857 622 1945 nutriunt,
649 1873 687 1933 et
714 1858 784 1932 nisi
801 1870 1093 1957 concoquuntur,
1119 1885 1200 1958 per·

119 1970 290 2069 spiouum
309 1980 365 2045 est
393 1971 575 2045 nocituras
604 1994 703 2056 esse;
730 1980 813 2044 tum
831 1994 982 2071 quoque
1010 1973 1098 2069 quia
1122 1995 1199 2046 oor-

117 2106 191 2181 pus
206 2083 316 2157 nimis
345 2084 507 2157 excitant
535 2093 574 2156 et
590 2083 814 2170 calefaciunt,
841 2095 879 2159 et
893 2085 995 2159 sitim
1011 2086 1198 2160 indueunt

117 2194 178 2270 vel
194 2206 344 2295 augent,
371 2206 410 2268 et
436 2196 574 2269 febrem
603 2218 700 2293 saepe
727 2195 952 2281 intendunt;
977 2207 1061 2270 turn
1078 2221 1198 2295 porro,

81 2314 88 2335 “
115 2308 207 2406 quia
222 2309 311 2407 ipsae
326 2307 430 2383 facile
445 2317 484 2381 et
501 2317 631 2406 sponte
648 2315 875 2406 putrescunt,
902 2315 941 2379 et
964 2307 1112 2382 forsitan
1129 2309 1200 2382 hu·

114 2444 236 2496 mores
251 2420 419 2520 eorporis,
437 2419 484 2493 ad
494 2420 608 2494 istum
626 2426 765 2492 statum
777 2419 856 2516 jam
871 2418 981 2491 nimis
995 2427 1199 2517 vergentes,

115 2532 280 2608 velocius
295 2533 334 2605 in
348 2531 584 2630 putredinem
597 2530 746 2628 rapiunt
759 2559 768 2616 ;
794 2540 833 2604 et
845 2530 1009 2616 demum,
1026 2530 1114 2628 quia
1129 2530 1198 2604 dif-

117 2644 250 2719 ficilius
274 2654 313 2719 et
341 2645 480 2718 tardius
509 2644 548 2715 in
566 2642 771 2717 ventriculo
789 2643 984 2717 solvuntur
1007 2651 1047 2716 et
1070 2664 1199 2716 coneo-

116 2766 286 2856 quuntur
302 2781 415 2855 quam
431 2756 565 2854 fruges,
594 2764 634 2828 et
649 2755 734 2829 ideo
750 2755 892 2830 diritius
917 2754 957 2827 in
974 2779 1019 2828 eo
1034 2777 1197 2829 eommo-

113 2880 253 2946 rantnr.
292 2868 435 2967 Fruges
452 2892 539 2941 vero
555 2864 659 2941 facile
674 2866 814 2952 solutae,
831 2877 869 2941 et
885 2866 988 2941 brevi
1004 2877 1196 2954 oonoootae,
1335 2906 1337 2914 ·

114 2983 242 3057 statim
258 3004 305 3054 ex
323 2979 527 3054 ventriculo
542 2981 580 3054 in
598 2979 772 3055 intestina
789 2987 992 3067 transeunt,
1014 2989 1054 3053 et
1069 2978 1197 3054 alvum

115 3094 236 3169 laxam
253 3094 404 3180 faciunt,
431 3103 470 3166 et
486 3117 616 3192 eorpus
633 3093 777 3167 modice
793 3092 909 3181 alunt,
938 3090 1002 3166 sed
1018 3115 1094 3165 non
1111 3115 1196 3167 one-

118 3217 209 3295 rant,
225 3231 349 3305 neque
366 3206 554 3303 saginant;
584 3206 683 3280 idem
701 3204 915 3304 refrigerant
940 3204 1196 3300 potiusquam

117 3316 342 3404 mlefaoiunt,
368 3329 406 3391 et
439 3319 539 3392 sitim
565 3317 704 3405 sedant,
743 3324 780 3390 et
805 3317 944 3390 febrem
978 3324 1196 3410 temperant,

117 3440 155 3503 et
169 3430 360 3529 putredini
377 3430 520 3504 fortiter
535 3437 743 3504 ooourrunt

162 3565 443 3620 nccccnxxxv.
472 3541 617 3616 Omnes
627 3542 754 3640 igitur,
777 3540 840 3614 vel
864 3538 994 3615 saltem
1011 3538 1195 3638 pleraeque

115 3653 239 3754 fruges
255 3680 341 3754 quae
357 3656 397 3728 in
415 3655 605 3728 communi
621 3677 692 3728 usu
711 3662 812 3742 sunt,
835 3676 945 3751 poma
961 3661 1115 3738 matura,
1140 3675 1194 3724 ra-

115 3766 211 3842 dioes
228 3767 436 3853 esculentae,
452 3764 559 3851 olera,
576 3764 776 3864 legumina,
793 3775 832 3837 et
849 3765 903 3838 far
919 3787 1040 3852 omne,
1065 3762 1194 3836 horde-

117 3900 337 3967 umorem,
354 3879 533 3967 triticum,
550 3900 672 3975 oryza,
691 3879 753 3951 &a
770 3885 810 3950 et
821 3874 1007 3974 glutinosa
1022 3874 1194 3972 quaedam

118 3988 289 4066 alimenta
306 4016 354 4065 ex
370 3991 504 4091 plantis
521 3989 694 4076 derivata,
711 3986 830 4062 veluti
846 3987 978 4087 gluten
994 3986 1122 4061 radicis
1139 4008 1194 4056 or·
1233 4070 1237 4077 .

117 4099 199 4193 obis,
213 4113 281 4181 aut
297 4128 403 4204 sugo,
421 4114 464 4179 ut
480 4112 643 4188 vocatur,
660 4099 769 4176 variis
785 4099 906 4175 modis
921 4108 1023 4176 cocta
1047 4106 1087 4173 et
1102 4117 1192 4191 prae·

615 4234 642 4287 U
662 4223 685 4287 2
