2678 4794
130 439 215 501 car.
233 443 319 498 xm.
424 432 644 497 nnmerum
663 442 951 499 rrruourrrcar.
1138 436 1208 506 128

131 622 264 696 viribus
281 617 421 694 scilicet
437 620 525 719 oegri
555 619 721 707 minutis,
746 619 886 693 viribus
903 619 1023 694 morbi
1047 620 1209 714 intensis,

127 734 247 809 dolore
276 732 409 830 cupitis
438 741 503 806 aut
531 731 660 806 delirio
688 731 859 819 inductis,
889 731 1037 831 cibique
1061 756 1208 811 concoc-

124 848 222 920 tione
248 844 442 944 impedita.
511 843 635 943 Igitur
659 868 734 918 non
760 844 872 918 modo
900 845 980 942 ipse
1005 844 1211 921 molestissi-

124 982 226 1033 mum
243 958 409 1032 adversae
425 955 646 1030 valetudinis
663 958 812 1055 signum
829 965 895 1043 est,
919 957 983 1031 sed
1000 967 1039 1030 et
1054 955 1211 1033 aliorum

129 1096 221 1169 soepe
238 1082 280 1143 et
296 1071 466 1169 gravium
485 1068 664 1143 malornm
684 1093 800 1143 eausa.
946 1076 952 1085 '

172 1204 338 1257 ccccnr.
381 1181 566 1255 Excessus
600 1200 751 1278 quoque
785 1180 903 1255 somni
936 1179 1037 1254 haud
1077 1204 1214 1313 parum

130 1304 245 1367 nocet.
295 1293 435 1366 Totum
465 1292 657 1365 hominem
676 1290 847 1377 debilem,
877 1292 1077 1419 torpidum,
1103 1264 1214 1368 bebe-

132 1425 218 1491 tem,
248 1402 321 1477 lere
347 1402 494 1478 fatuum
513 1403 657 1478 reddit:
684 1415 828 1477 motum
857 1403 1044 1500 sanguinis
1068 1404 1209 1504 langui·

133 1516 221 1590 dum
251 1515 345 1603 facit,
380 1527 418 1592 et
451 1517 643 1615 plerasque
672 1515 887 1589 secretiones
920 1527 957 1588 et
984 1518 1211 1591 excretiones

129 1628 272 1703 minuit.
322 1628 428 1703 Hinc
445 1628 648 1727 plenitudo,
673 1629 839 1714 obesitas,
863 1626 1071 1716 flacciditas,
1096 1627 1205 1703 etad

127 1741 247 1814 omnia
263 1741 353 1815 vitae
369 1764 522 1815 munera
539 1742 768 1840 impotentia.

172 1875 333 1927 cccciv,
360 1853 491 1927 Causae
520 1853 733 1950 hujusmodi
750 1876 918 1927 excessus
947 1860 1044 1937 sunt,
1069 1850 1130 1927 vel
1153 1876 1209 1928 so·

126 1960 197 2037 litae
228 1964 352 2039 somni
386 1990 504 2039 causae
529 1964 608 2064 jam
644 1967 842 2064 lectoren)
877 1965 1078 2051 recensitae,
1111 1964 1215 2040 ultra.

126 2074 277 2149 modurn
303 2077 468 2163 intensae,
496 2076 556 2150 vel
572 2078 709 2152 vitium
740 2077 889 2176 aliquod
916 2077 1063 2166 cerebri,
1089 2077 1208 2152 veluti

124 2186 354 2286 compressio,
371 2187 579 2279 inundatio,
595 2191 660 2263 &c
683 2189 741 2263 vel
758 2189 970 2287 aliquando,
988 2201 1032 2264 ut
1048 2190 1207 2277 videtur,

124 2299 291 2374 debilitas
304 2324 444 2397 magna,
461 2300 618 2389 insolita,
635 2313 675 2374 et
690 2301 737 2375 ab
749 2297 896 2375 insolita
909 2323 1015 2373 cansa
1032 2302 1206 2386 inductam

124 2411 237 2487 veluti
257 2411 328 2486 sub
355 2411 470 2486 linem
487 2412 721 2511 quarundam
739 2411 908 2496 febrium,
937 2408 998 2482 vel
1019 2411 1058 2482 in
1075 2434 1206 2483 conva-

123 2520 343 2599 lescentibus
371 2549 418 2598 ex
450 2526 495 2599 iis
524 2523 679 2622 aliisque
712 2522 859 2607 morbis,
892 2521 1062 2618 quamvis
1085 2521 1125 2593 in
1151 2521 1209 2595 bis

123 2631 303 2735 exemplis
332 2635 496 2712 multum
525 2636 620 2711 absit
650 2644 800 2711 uttam
829 2633 1030 2707 diuturnus
1059 2656 1216 2708 somnus.

124 2758 272 2833 noceat3
303 2746 364 2820 vel
380 2747 560 2846 siquando
579 2747 673 2822 forte
689 2771 827 2821 moeror
851 2760 916 2820 aut
933 2756 1055 2820 metus
1078 2766 1208 2845 graves

124 2869 160 2933 et
175 2860 359 2946 diuturni,
377 2861 514 2934 mirum
531 2871 569 2934 et
591 2861 870 2959 inexpectatum
888 2882 1053 2957 soporem
1071 2858 1206 2933 indux-

124 2971 226 3045 erint
278 2970 469 3069 Denique,
498 2972 573 3046 sola
589 2971 867 3058 consuetudine,
895 2970 980 3070 plus
1003 2969 1109 3067 justo
1124 2970 1206 3043 dor·

125 3082 224 3168 mire,
241 3088 317 3156 nori
335 3084 415 3156 sine
431 3105 567 3180 magno
585 3084 691 3172 mulo,
708 3083 861 3183 quidam
879 3080 1047 3156 homines
1072 3082 1206 3156 didice-

129 3202 224 3269 runt.
291 3193 373 3268 Nec
406 3192 541 3268 desunt
572 3194 743 3296 exempla
775 3194 980 3280 bominum,
1013 3194 1091 3292 qui,
1129 3193 1207 3267 sine

129 3303 316 3379 manifesta
331 3330 448 3393 causa,
475 3316 572 3381 totos
588 3307 676 3395 dies,
693 3305 754 3381 vel
770 3308 881 3380 etiarn
900 3328 1051 3392 menses,
1078 3328 1207 3379 somno

128 3415 188 3489 vix
205 3415 425 3516 interrupto,
441 3419 673 3496 tronsiemnt.

170 3550 303 3604 ccccv.
332 3529 491 3618 Somnia,
525 3531 649 3630 qualia
684 3530 907 3605 dormientes
934 3553 1028 3630 saepe
1051 3532 1205 3633 agitant,

125 3635 318 3727 delectant,
343 3653 498 3742 angunt,
525 3653 674 3732 terrent,
709 3641 748 3719 in
777 3667 892 3718 novos
917 3644 1020 3718 orbes
1046 3647 1217 3745 rapiunt,-

126 3771 189 3846 pro
205 3751 343 3826 morbis
371 3755 559 3830 amedicis
576 3755 701 3831 haberi
726 3754 866 3833 solent:
891 3758 1034 3856 quippe
1055 3783 1141 3856 quoe
1164 3759 1215 3831 in-

127 3862 385 3958 perfectissimo
401 3890 529 3941 somno
546 3866 606 3942 vel
622 3891 769 3967 prorsus
786 3869 918 3956 desint,
935 3869 994 3942 vel
1011 3870 1113 3943 nulla
1139 3867 1205 3942 sal-

129 3979 198 4046 tem
215 3975 275 4049 sui
291 3977 447 4076 vestigia
462 3990 528 4054 aut
546 3979 754 4053 memoriam
772 3978 983 4078 relinquant
1001 3981 1168 4078 (cccxc).

173 4108 321 4162 ccccvi.
360 4088 480 4165 Fiunt
514 4091 575 4166 vel
611 4100 761 4191 propter
784 4091 970 4166 bominem
995 4114 1072 4165 non
1096 4090 1218 4189 plene⁵

131 4197 297 4293 sopitum,
321 4200 382 4274 eni
407 4204 581 4277 memoria
616 4214 655 4277 et
679 4203 895 4305 imaginatio
918 4202 1039 4276 adbuc
1062 4201 1202 4299 vigent,

133 4307 297 4399 quamvis
319 4311 521 4389 uoluntatis
545 4316 700 4415 imperio
724 4314 975 4396 manumisser:
1011 4310 1073 4384 vel
1095 4336 1202 4413 prop·
