2678 4794
139 388 213 459 282
555 394 809 454 coNsPEcws
1014 397 1100 453 CAP.
1118 398 1206 454 m.

137 601 219 653 raro
229 578 368 679 justam
383 574 536 650 farinam
552 574 785 674 adipiscitum
816 581 855 647 et
871 572 941 673 ipsi
958 571 1032 648 fere
1047 574 1216 676 languidi

135 701 237 780 sunt,
253 687 440 787 animique
455 686 555 775 levis,
574 685 701 774 mollis
724 686 951 761 effoeminati.
1002 687 1091 761 Non
1107 689 1216 762 dubi·

135 828 201 878 um
218 806 332 904 igitur
347 811 415 889 est,
440 801 526 874 istas
548 800 783 895 mutationes,
808 797 1017 898 similesque
1045 800 1109 874 sed
1135 825 1216 874 ma-

128 916 228 1016 jores
243 914 373 1001 adhuc,
399 937 484 1011 quae
512 914 551 987 in
581 913 659 988 aliis
676 913 893 986 animalibus
909 913 1164 999 observantur,
1193 937 1215 984 a

134 1030 327 1128 pubertate
342 1036 382 1100 et
398 1028 598 1101 secretione
614 1025 763 1100 seminis
780 1024 1054 1124 quodammodo
1077 1022 1214 1121 pende·

134 1133 184 1227 re,
209 1160 432 1238 quacunque
449 1139 601 1214 demum
620 1139 760 1213 ratione
776 1139 878 1212 fiant.
928 1137 1067 1211 Parum
1094 1134 1213 1223 refert,

132 1252 210 1326 sive
226 1262 414 1327 retentum
432 1252 546 1326 iirerit
574 1252 651 1339 diu,
669 1251 747 1326 sive
770 1249 873 1348 justa
890 1248 1036 1322 Venere
1060 1247 1214 1324 exhaus-

131 1371 214 1438 tum
233 1388 368 1439 semen.
412 1365 508 1440 Haec
523 1389 612 1439 vero
628 1364 739 1438 nimis
755 1361 855 1435 culta
870 1359 978 1435 valde
994 1370 1112 1448 nocet,
1125 1384 1214 1459 prae·

130 1477 257 1550 sertim
276 1477 497 1574 junioribus
523 1501 685 1574 quorum
701 1476 842 1549 animos
858 1474 993 1573 pariter
1007 1498 1050 1547 ac
1065 1496 1213 1572 corpora

129 1589 296 1663 multum
313 1587 532 1688 degenerat:
558 1588 663 1686 cujus
679 1588 731 1661 rei
749 1588 841 1667 ratio
854 1586 953 1660 baud
969 1585 1121 1661 obscura
1131 1586 1211 1672 erit,

130 1699 246 1798 siquis
262 1724 387 1775 secum
404 1701 629 1800 reputaverit
646 1712 785 1799 quanta
801 1701 857 1773 vis
873 1700 1046 1774 universo
1062 1698 1212 1798 corpori,

129 1823 170 1887 et
179 1812 318 1913 generi
333 1835 489 1888 nemaeo
506 1812 696 1910 imprimis,
713 1811 893 1887 inferatur
909 1811 1065 1885 Venere.

179 1946 376 1999 occaxm.
393 1922 568 1997 Florente
584 1932 703 2011 aetate,
720 1934 758 1999 et
771 1923 879 2011 virili,
896 1924 1063 1998 homines
1079 1923 1127 1996 ad
1140 1923 1213 1997 Ve-

130 2059 257 2110 nerem
275 2035 417 2133 optime
433 2034 567 2110 valent.
618 2036 747 2112 Prima
775 2046 964 2112 senectute
988 2036 1066 2136 apti
1082 2036 1213 2123 adhuc,

130 2146 194 2222 sed
209 2147 388 2247 pigriores
404 2145 450 2221 ad
467 2147 624 2222 Veneris
640 2148 772 2247 praelia.
824 2149 977 2224 Summa
989 2172 1077 2223 vero
1093 2170 1213 2223 senec·

128 2268 213 2335 tute
229 2259 360 2334 Venus
384 2267 451 2335 aut
475 2258 577 2336 nulla
600 2270 666 2351 est,
691 2269 758 2336 aut
782 2263 923 2350 sterilis,
954 2271 993 2336 et
1017 2260 1158 2337 elambi
1173 2267 1213 2335 et

128 2395 287 2447 exsucca
302 2373 444 2472 corpori
460 2374 592 2472 gravis,
609 2396 735 2474 neque
751 2373 825 2449 sere
840 2374 995 2474 impune
1006 2373 1212 2461 toleranda;

128 2485 308 2560 nimirum
332 2484 422 2586 quia
446 2486 595 2560 senibus
620 2512 747 2565 sensus
783 2489 904 2563 omnis
928 2486 1063 2576 deficit,
1093 2499 1134 2564 et
1157 2487 1214 2562 vis

128 2620 288 2674 nervom
304 2598 427 2673 minor
442 2607 510 2689 est,
528 2608 567 2672 et
582 2602 772 2701 sanguinis
788 2611 912 2677 motus
929 2600 1150 2700 languidior,
1174 2607 1212 2672 et

128 2711 345 2783 secretiones
361 2710 437 2784 fere
453 2712 642 2808 parciores,
658 2713 839 2812 imprimis
856 2713 1014 2800 seminis,
1038 2711 1211 2788 musculi·

128 2841 205 2914 que
220 2820 287 2916 qui
304 2819 374 2895 hoc
398 2820 552 2918 ejiciunt
568 2823 716 2910 debiles,
741 2833 779 2896 et
795 2824 871 2896 sere
887 2823 1088 2922 paralytici,
1104 2847 1211 2925 prop

126 2936 184 3001 ter
199 2930 393 3004 innumera
408 2931 544 3008 horum
555 2956 736 3030 organum
750 2934 993 3035 partiumque
1009 2937 1210 3012 vicinarum

126 3039 233 3126 mala,
250 3041 386 3138 quibus
403 3052 571 3116 senectus
588 3042 749 3119 obnoxia
760 3055 818 3119 est
844 3047 1019 3146 (nccxv).
1070 3048 1210 3149 Magna

125 3159 253 3227 autern
269 3152 316 3226 de
332 3151 389 3227 his
405 3153 513 3229 rebus
543 3154 738 3231 hominurn
764 3155 990 3234 differentia:
1017 3160 1209 3235 decantan-

126 3271 190 3338 tur
204 3265 303 3340 enim
320 3265 490 3367 exempla
507 3278 649 3356 senum,
666 3268 706 3342 in
723 3271 849 3346 castris
866 3273 1021 3347 Veneris
1038 3275 1211 3348 strenuis·

125 3373 218 3450 sime
246 3381 482 3468 merentium,
511 3389 711 3480 postquam
737 3395 888 3458 centum
917 3408 1031 3461 annos
1052 3387 1209 3485 comple-

126 3499 277 3576 verant;
303 3515 427 3590 neque
443 3515 530 3567 sane
546 3491 716 3586 dubium,
744 3507 812 3572 aut
839 3498 930 3572 adeo
946 3523 1084 3587 rarum,
1112 3510 1209 3575 octo

123 3601 315 3697 genesium
332 3613 475 3703 patrem
493 3604 582 3681 fieri.

174 3733 368 3790 nchxrv.
395 3717 538 3794 Deficit
553 3719 752 3820 aliquando
768 3722 930 3798 maribus
946 3724 1148 3824 generandi
1160 3722 1211 3798 sa-

124 3822 251 3912 cultas,
276 3837 315 3902 et
332 3828 435 3904 nulla
450 3833 588 3931 cupido
604 3843 670 3920 est,
688 3857 811 3934 neque
826 3859 993 3934 unquam
1010 3838 1141 3937 arrigit
1151 3837 1212 3912 -in-

123 3959 236 4035 guen,
253 3961 377 4039 neque
403 3933 527 4019 semen
545 3947 740 4035 emittitur,
769 3956 919 4045 propter
934 3949 1026 4022 vitia
1052 3948 1129 4025 sere
1153 3949 1210 4047 ig·

122 4057 211 4123 nota
226 4075 460 4150 organorum,
482 4065 576 4155 puta
594 4081 745 4156 pravam
763 4058 810 4133 ab
827 4060 904 4160 ipsa
920 4072 1053 4137 natura
1068 4060 1211 4136 deriva-

122 4168 200 4235 tam
228 4160 411 4253 fabricam,
446 4167 507 4242 vel
536 4169 722 4244 defectum
753 4195 881 4247 sensus
905 4174 966 4247 vel
989 4175 1231 4253 secretionis:

122 4270 265 4375 Saepius
279 4301 369 4360 vero
395 4278 479 4357 talis
506 4281 728 4387 impotentia
745 4285 866 4364 oritur
881 4287 929 4363 ab
950 4286 1029 4365 aliis
1044 4289 1209 4389 partium
