2694 4792
129 334 203 421 63⁶
541 340 791 397 consracrns
900 398 907 409 ,
967 339 1066 395 car.
1083 343 1238 398 xxxrx,

137 527 280 626 optima
295 522 370 596 fere
387 529 475 594 sunt
491 529 530 595 et
545 519 814 605 efficacissima3
839 540 916 591 non
939 518 1090 595 desunt
1105 532 1231 596 tamen

138 639 206 738 qui
223 620 339 710 varias
355 634 483 708 herbas
499 656 607 720 acres,
623 656 826 730 earumque
842 630 923 706 olea
939 632 1115 708 volatilia
1129 635 1229 710 alias-

141 775 217 848 que
246 747 525 846 praeparationes
555 743 715 818 multum
744 739 920 830 laudant;
956 746 1080 820 veluti
1106 759 1230 823 rutam

142 860 428 961 graveolentem,
459 857 676 955 juniperum
703 855 877 943 sabinam,
902 856 1097 932 mentham
1122 860 1228 957 pule·

142 975 261 1072 gium,
287 970 512 1045 helleborum
529 971 690 1068 nigrum,
713 967 874 1066 aliasque
891 966 990 1043 bene
1008 969 1137 1043 multas
1154 971 1224 1044 mi·

143 1109 278 1158 norum
311 1093 349 1155 et
382 1082 499 1179 magis
527 1083 751 1156 incertarum
780 1082 942 1167 virium3
982 1081 1111 1179 qualos
1136 1093 1225 1156 sunt

144 1193 371 1269 aristolochia
400 1194 629 1291 serpentaria,
668 1215 793 1266 crocus
817 1193 969 1280 satiras,
996 1194 1225 1268 marrubium

144 1306 305 1404 vulgare,
317 1304 538 1380 nutrireris
547 1303 803 1404 partheniam,
817 1309 879 1379 &a
931 1304 1223 1404 Amplissimum

144 1417 317 1515 profecto,
336 1428 377 1490 et
392 1442 538 1516 prorsus
557 1418 702 1505 mirum,
719 1416 765 1490 de
775 1417 917 1491 viribus
932 1414 1117 1492 hellebori
1133 1420 1223 1518 nigri

142 1529 182 1601 in
196 1530 385 1603 mensibus
396 1529 592 1616 eliciendis,
609 1530 861 1602 testimonium
879 1531 1097 1629 accepimus
1111 1556 1134 1604 a
1151 1535 1223 1605 viro

141 1643 458 1740 experientissimo
475 1651 514 1715 et
529 1641 772 1728 celeberrimo,
797 1642 862 1739 qui
878 1659 1052 1718 summos
1082 1645 1121 1717 in
1150 1654 1221 1717 arte

141 1755 283 1829 medica
300 1755 454 1830 honores
464 1756 528 1829 diu
542 1754 745 1853 occuparit.
796 1753 881 1827 Non
899 1753 1096 1829 dubitavit
1109 1754 1220 1830 clarus

142 1865 203 1941 hic
214 1879 342 1941 auctor
355 1866 560 1941 firmissime
571 1889 784 1950 asseverare,
801 1874 948 1939 tantum
969 1867 1014 1940 in
1031 1868 1096 1942 'uta
1111 1866 1218 1940 herba

140 1978 258 2050 inesse
285 1979 471 2061 virtutem,
505 1987 549 2049 ut
578 1977 644 2051 vix
674 1977 901 2051 meminisset
930 2003 1029 2067 eam,
1063 2003 1149 2054 cum
1175 1979 1217 2052 ad

139 2109 283 2160 menses
312 2084 507 2161 eliciendos
534 2088 620 2162 data
648 2099 752 2175 esset,
790 2112 889 2188 spem
917 2114 1027 2165 suam
1059 2115 1217 2190 unquam

139 2195 329 2285 fefellisse;
372 2222 485 2297 seque
518 2212 691 2299 praeterea
724 2214 875 2290 notasse,
911 2205 1215 2303 quotieammque,

139 2318 290 2407 propter
316 2334 465 2409 pravam
491 2314 652 2410 partium
670 2315 1013 2404 conformationem,
1039 2318 1103 2392 vel
1118 2318 1214 2391 aliam

140 2444 402 2521 quamcunque
430 2448 588 2512 causam,
616 2426 748 2500 frustra
776 2427 943 2502 adhibita
973 2429 1118 2518 ferisset,
1142 2441 1214 2505 tum

139 2535 357 2632 sanguinem
376 2560 442 2634 per
457 2537 543 2610 alias
556 2538 632 2611 vias
644 2537 755 2613 fuisse
767 2540 1012 2638 propulsum;
1039 2541 1214 2618 nndeool·

138 2643 239 2743 legit,
258 2648 443 2746 egregiam
461 2659 499 2724 et
512 2648 733 2748 singularem
747 2675 893 2750 prorsus
906 2654 988 2729 vim
1002 2656 1212 2754 sanguinem

138 2757 365 2855 propellendi
383 2762 546 2835 remedio
572 2786 639 2837 suo
667 2774 840 2838 constare.
892 2765 969 2840 Sed
1000 2767 1211 2843 dormitabat

136 2877 234 2940 certe
261 2868 378 2944 bonus
395 2896 518 2960 senex,
544 2895 736 2973 nunquam
766 2876 870 2950 aliter
898 2886 1057 2954 tantum
1085 2881 1129 2953 de
1151 2876 1204 2951 tali

135 2980 414 3070 medicamento,
429 2986 544 3083 inque
554 2986 618 3060 tali
633 2987 768 3073 morbo,
782 2990 1047 3067 testimonium
1058 2993 1204 3074 daturus,

136 3087 280 3164 honesti
298 3093 435 3167 scilicet
451 3098 520 3168 viri
550 3109 588 3170 et
617 3099 790 3196 sapientis
817 3102 949 3175 medici
967 3105 1144 3202 gravitate
1159 3112 1208 3174 at-

136 3226 211 3300 que
228 3204 425 3301 pnrdentia
442 3207 577 3304 pariter
589 3209 797 3310 indignum,
815 3223 853 3287 et
865 3217 1113 3313 experientiae
1126 3238 1213 3315 pene

135 3317 362 3414 quotidianae
398 3320 682 3399 dissentaneum.
750 3325 934 3413 Quamvis
968 3330 1077 3404 enirn
1111 3327 1215 3402 herba

132 3424 226 3500 adeo
242 3428 389 3505 laudata
406 3431 545 3506 honum
559 3433 758 3530 aliquando
769 3436 978 3512 remedium
991 3441 1074 3530 fiat,
1092 3453 1130 3516 et
1141 3463 1216 3515 mu·

131 3538 283 3634 guinem
302 3541 463 3628 forsitan,
489 3568 554 3642 per
581 3560 729 3621 utemm
756 3550 881 3625 minus
906 3564 1132 3642 exeuntem,
1155 3578 1218 3654 per

128 3647 214 3722 alias
231 3651 309 3724 vias
324 3674 593 3754 nonnunquam
606 3658 700 3733 foras
716 3661 919 3761 propulerit
936 3664 1063 3762 (quod
1076 3667 1218 3741 asnede

128 3763 231 3835 omni
247 3763 382 3837 acriore
398 3769 668 3845 medicamento
693 3774 908 3849 stimulante
922 3776 1109 3853 credibile
1127 3787 1219 3876 est);

128 3883 276 3949 tantum
292 3876 394 3951 abest
412 3891 455 3953 ut
472 3881 542 3956 hoc
567 3894 789 3982 perpetuum
818 3897 884 3961 aut
909 3897 1061 3964 eertum
1088 3892 1150 3978 sit,
1178 3902 1220 3966 nt

127 4008 175 4058 ne
192 3987 343 4064 decimae
359 3990 493 4089 cuique
509 4019 617 4093 aegrae
635 4022 718 4095 quae
745 4021 823 4072 eam
856 3998 1024 4076 hauserit
1050 4006 1223 4079 remedio

125 4095 246 4184 fuerit,
273 4124 393 4199 neque
423 4104 627 4182 millesimae
651 4111 786 4212 cuique
802 4109 871 4187 alia
887 4122 927 4188 et
945 4114 1126 4194 morbosa
1143 4143 1223 4194 aar»

124 4210 249 4309 guinis
265 4214 446 4314 profluvia
463 4217 632 4297 effecerit.
