2678 4794
125 402 197 476 406
529 412 778 468 cossascrus
866 422 870 429 v
988 412 1076 466 cer.
1093 412 1216 468 mr.

124 596 356 678 vehemente,
372 590 499 689 pulsus
516 601 581 663 aut
594 590 704 662 nimis
720 588 859 662 validos
872 595 939 660 aut
955 586 1066 662 nimis
1077 589 1216 664 celeres

123 707 241 783 facere
277 711 446 805 possunt;
482 712 566 775 tum
592 725 689 786 vero,
725 701 912 799 sanguinis
949 700 1138 788 detractio,
1172 713 1214 775 et

124 818 285 895 remedia
302 815 489 901 diluentis,
506 825 545 886 et
561 811 815 900 senonensia,
833 826 871 887 et
888 811 1124 912 anticepticu,
1147 818 1211 888 &c

125 932 314 1005 sedantem
331 927 506 1001 effectum
516 926 751 1023 praestabunt.
791 926 877 998 Pari
895 926 1210 1023 quoqueratione,

125 1042 235 1116 multi
252 1039 392 1114 dolores
377 1037 606 1135 ,multique
623 1046 747 1109 motus
771 1036 974 1122 abnormes,
991 1034 1113 1123 fabris,
1135 1035 1210 1110 alvi

125 1151 262 1239 fluxus,
279 1152 454 1237 vomitus,
472 1150 672 1235 convulsio,
699 1130 953 1235 inflammatio,
973 1149 1208 1225 adiversissi-

124 1266 196 1339 mis
212 1289 308 1363 saepe
333 1264 450 1339 causis
475 1263 657 1349 oriuntur,
687 1272 726 1335 et
742 1263 994 1337 diversissimis
1006 1260 1209 1390 aliquando
1239 1340 1246 1353 ,

124 1376 296 1451 remediis
320 1368 626 1475 compescuntur3
655 1401 741 1473 quae
765 1387 889 1450 tamen
914 1375 1050 1461 omnia,
1075 1398 1105 1447 ει
1094 1374 1208 1449 ulti-

124 1511 231 1563 mum
263 1499 408 1570 tantum
436 1512 564 1562 eorum
589 1486 765 1562 effectum
789 1500 1006 1587 spectamus,
1043 1486 1207 1564 sedentia

125 1600 379 1699 dicipossunt.

176 1735 347 1791 Mccxvr.
374 1714 499 1789 Missis
515 1736 602 1786 vero
628 1711 800 1787 omnibus
830 1736 916 1810 quae
941 1737 1007 1810 per
1030 1711 1147 1786 alium
1170 1720 1207 1786 et

124 1827 243 1923 magis
272 1829 459 1926 proprium
490 1837 528 1898 et
557 1822 812 1921 simpliciorem
840 1825 1029 1911 effectum,
1059 1825 1141 1900 vim
1156 1848 1206 1900 se·

122 1936 273 2010 dantem
291 1937 473 2034 possidere
489 1934 696 2021 videantur,
725 1936 772 2009 de
787 1936 832 2010 iis
850 1947 995 2011 tantum
1012 1936 1074 2011 hic
1098 1961 1205 2036 agen·

124 2047 216 2121 dum
233 2049 312 2134 erit,
338 2070 423 2145 quae
441 2046 613 2145 primast
630 2047 896 2147 simplicissima
913 2074 978 2124 sua
1003 2050 1043 2124 in
1060 2073 1206 2148 corpore

122 2158 287 2235 humano
303 2160 447 2234 oenone
464 2158 556 2251 (sive
573 2158 651 2235 haec
677 2174 864 2260 perspecta
880 2173 919 2236 et
948 2161 1137 2261 explomta
1152 2161 1205 2235 fu·

124 2273 194 2348 erit
220 2281 350 2372 necne)
387 2296 535 2347 sensum
569 2283 792 2373 motumque
814 2275 894 2372 jam
927 2282 1125 2372 praesentes
1153 2290 1204 2346 so

124 2387 237 2486 piunt
261 2398 299 2461 et
323 2387 542 2486 reprimunt,
580 2394 618 2460 et
643 2411 774 2485 corpus
808 2387 847 2460 in
877 2397 1065 2484 posterum
1103 2386 1205 2479 (dum

124 2501 290 2599 ipsorum
317 2499 470 2575 effectus
505 2499 628 2600 duret)
666 2498 791 2573 minus
815 2499 974 2573 sentiens
1009 2508 1049 2573 et
1073 2497 1206 2574 mobile

125 2613 298 2687 reddunt.

175 2746 358 2806 Mccxvu.
378 2724 733 2798 Medicamentomm
747 2735 873 2799 autem
885 2749 971 2823 quae
986 2723 1057 2798 hoe
1068 2722 1204 2799 faciunt

124 2834 229 2933 copia
255 2833 354 2906 haud
382 2859 489 2931 parca
504 2836 651 2910 existit:
677 2837 816 2934 optima
834 2861 921 2910 vero
945 2847 984 2910 et
1009 2832 1201 2910 efficadssi-

123 2968 184 3019 ms
200 2969 327 3019 eorum
346 2944 394 3017 ad
410 2946 487 3019 duo
502 2970 636 3043 genera
652 2945 756 3018 facile
773 2948 895 3020 referri
913 2959 1084 3046 possunt;
1112 2967 1197 3019 rsur-

124 3055 240 3133 cotim
268 3055 459 3143 nimirum,
484 3066 523 3129 et
551 3056 820 3154 refrigerantia;
848 3084 933 3158 quae
961 3060 1111 3158 quidem
1127 3077 1201 3129 non

123 3168 385 3266 magnitudine
400 3167 524 3254 modo,
548 3168 612 3241 sed
628 3177 759 3242 natura
775 3169 886 3244 etiam
905 3196 1052 3248 suarum
1071 3169 1203 3246 virium

124 3280 226 3355 houd
242 3305 372 3381 purum
389 3278 576 3354 differunt.

176 3389 639 3468 Mccxv111.Narcotica
628 3392 810 3491 1mprimis
837 3394 908 3492 <cuj
914 3395 1058 3469 usmodi
1084 3417 1205 3470 exem

123 3502 185 3603 pla
213 3528 291 3577 esse
316 3514 470 3603 possunt
492 3504 632 3603 opium,
659 3504 890 3603 hyosciamus
919 3508 1037 3605 niger,
1061 3504 1203 3583 conium
1254 3482 1262 3503 ’

123 3613 363 3702 maculatum,
393 3619 471 3714 &ct
501 3615 798 3714 refrigerantibus
825 3616 948 3691 multo
964 3602 1140 3692 validiora
1167 3626 1203 3689 et

124 3727 276 3802 certiora
292 3739 391 3815 sunt,
408 3753 549 3816 verum,
566 3738 611 3804 ut
626 3729 809 3804 creditum
826 3739 891 3816 est,
908 3730 947 3803 in
965 3729 1096 3805 multis
1113 3751 1203 3805 mor·

123 3838 190 3926 bis,
207 3839 315 3912 van'is
332 3839 379 3911 de
395 3842 526 3929 causis,
538 3842 662 3917 minus
679 3841 818 3916 idonea.
962 3848 968 3860 '

175 3972 343 4025 mccxrx.
369 3951 538 4028 Effectus
554 3952 735 4029 mareotici
759 3952 922 4039 remedii,
948 3962 986 4027 et
1001 3953 1202 4052 praesertim

124 4062 210 4162 opii,
235 4064 522 4160 quodomnium
541 4065 661 4141 forsan
677 4066 860 4164 optimum
878 4074 989 4139 estet
1006 4064 1118 4165 longe
1135 4064 1203 4140 usi·

124 4174 357 4263 tutissimum,
374 4177 403 4250 si
422 4175 564 4249 modim
580 4178 788 4276 quantitate
805 4188 998 4276 sumptum
1017 4178 1141 4267 fuerit,
1166 4174 1202 4250 hi

122 4283 199 4362 {ere
214 4297 324 4366 sunt:
353 4287 495 4391 placida
510 4291 681 4391 quaedam
697 4289 812 4369 animi
827 4290 963 4391 pariter
991 4299 1031 4367 et
1047 4287 1202 4393 corporis
