2694 4792
134 350 207 417 442
539 355 787 412 cossrrrcrus
982 352 1081 409 car.
1100 352 1239 409 xxxta

138 537 276 612 Multis
291 557 442 636 quoque
459 534 556 608 varia
572 558 693 608 amara
721 532 991 608 medicamenta
1017 532 1233 632 plurimum

138 651 366 749 profuerunt.

189 784 352 838 Mcccxr.
378 759 483 835 Hinc
500 759 651 833 medicis
677 757 896 858 quibusdam
917 781 1141 856 persuasum
1160 770 1227 848 est,

139 875 258 949 multa
276 873 483 950 istiusmodi
501 878 671 969 (mcccx)
689 871 958 946 medicamenta
972 894 1046 945 non
1064 883 1224 948 tantum

139 987 278 1061 viribus
308 988 381 1062 suis
413 984 711 1083 astringentibus,
747 992 814 1057 aut
846 983 1114 1071 roborantibus,
1154 996 1224 1062 aut

16 1160 21 1172 .
138 1098 425 1185 stimulantibus,
439 1098 611 1171 adversus
621 1119 762 1169 acorem
779 1094 909 1181 valere,
926 1119 1041 1192 quam
1054 1097 1222 1173 sistendo

29 1273 42 1291 .
138 1210 197 1286 vel
214 1211 453 1309 temperando
464 1208 793 1311 sernaenlotioaem
809 1208 907 1282 illam
933 1208 981 1281 ad
1009 1232 1129 1307 quam
1158 1210 1217 1289 ali.

136 1335 263 1399 menta
275 1335 398 1398 nostra
410 1323 502 1397 adeo
512 1320 685 1421 proclivia
703 1327 1104 1418 (ncxxv111,ncxx1x)
1122 1333 1213 1410 sunt,

137 1462 297 1536 quaeque
321 1437 361 1511 in
387 1460 525 1512 acorem
545 1436 647 1510 brevi
673 1434 864 1508 desineret.
916 1434 1106 1522 Quamvis
1135 1459 1214 1510 vero

135 1573 213 1624 non
241 1551 290 1624 sit
318 1550 528 1648 negandum
556 1549 822 1623 medicamenta
851 1545 921 1619 ista
948 1569 1092 1646 magna
1118 1549 1212 1647 copia

135 1662 322 1736 alimentis
334 1663 467 1737 nostris
479 1662 634 1736 admista
648 1660 718 1734 hoc
733 1681 837 1757 posse
854 1656 1008 1745 efficere,
1026 1670 1069 1733 et
1085 1659 1135 1734 fel
1151 1659 1211 1735 boe

136 1775 300 1849 modom
313 1798 462 1873 corpore
472 1774 707 1849 utrlrssrmum
719 1795 805 1859 esse
818 1780 856 1844 et
866 1773 1209 1869 acoremlnexxxrq

135 1888 325 1984 corrigere,
350 1897 388 1959 et
403 1884 734 1983 fermentationem
753 1907 993 1983 compescere,
1017 1887 1089 1959 vix
1105 1887 1209 1961 credi·

136 1997 210 2070 bile
225 2006 282 2071 est
298 1998 439 2094 copiam
458 2008 534 2070 tarn
552 1997 727 2096 exiguam
739 2020 868 2071 eorum
881 1998 1023 2095 acoegri
1034 2022 1209 2074 assumere

133 2106 299 2192 solent,
289 2120 447 2182 intanta
473 2109 544 2182 cibi
573 2133 690 2184 massa
717 2108 858 2208 aliquid
887 2108 1018 2197 valere,
1046 2112 1209 2212 quamvis

133 2219 381 2295 ventriculum
400 2221 564 2296 multum
582 2223 749 2298 roborare
764 2233 830 2297 aut
844 2224 1017 2310 excitare,
1045 2233 1113 2299 aut
1128 2224 1208 2299 libe·

134 2331 430 2407 ram'humorum
447 2334 527 2433 ejus
544 2335 780 2409 secretionem
798 2358 1012 2434 promovere
1030 2338 1155 2434 possit

183 2467 364 2522 sreccxrr.
390 2448 477 2522 Non
496 2458 619 2522 tamen
637 2447 727 2522 levis
743 2448 925 2521 momenti
943 2459 999 2521 est
1018 2459 1067 2522 ut
1081 2450 1152 2524 cibi
1167 2449 1209 2525 ab

132 2584 236 2634 acore
251 2561 311 2634 vel
315 2559 610 2661 firmcatcliorrc
624 2560 837 2634 alienissimi
855 2573 1064 2646 sumantur,
1082 2585 1210 2648 camos,

132 2673 235 2745 verbi
252 2673 380 2770 gratia,
397 2673 645 2771 alimentaque
661 2697 709 2745 ex
726 2672 770 2745 iis
787 2681 921 2770 parata,
939 2696 1017 2770 pne
1034 2673 1209 2775 frugibus,

132 2792 170 2855 et
187 2808 263 2880 prae
279 2785 462 2871 omnibus,
486 2785 658 2858 alimenta
677 2783 944 2882 (cujuscunque
961 2786 1039 2860 sint
1055 2788 1208 2886 generis)

132 2905 310 2969 concoctu
339 2921 450 2995 quarn
480 2896 661 2971 facillima.
712 2898 802 2984 Quo
830 2896 1020 2971 difficilius
1046 2899 1139 2971 enirn
1169 2909 1211 2973 et

134 3007 272 3082 tardius
289 3007 507 3082 alimentum
533 3009 692 3107 quodvis
718 3009 973 3108 concoquitur,
999 3034 1048 3084 eo
1070 3010 1211 3085 diutius

132 3120 172 3194 in
206 3119 411 3194 ventriculo
439 3122 629 3206 retinetur,
670 3121 855 3220 hujusque
883 3123 1071 3198 actionem
1098 3125 1212 3224 magis

131 3233 299 3333 impedit,
325 3244 363 3308 et
380 3235 441 3321 sic,
469 3235 641 3332 quamvis
657 3234 806 3310 forsitan
824 3259 890 3309 sua
906 3247 1044 3310 natura
1061 3239 1212 3312 minime

131 3370 306 3435 acescens,
342 3345 412 3421 alia
443 3346 618 3422 alimenta
651 3347 763 3422 simul
796 3360 984 3446 assumpta
1009 3350 1125 3425 nimis
1148 3349 1210 3424 ser·

132 3462 287 3533 mentan‘
312 3460 398 3535 facit
425 3461 606 3559 (ucxxx),
641 3460 759 3536 donec
782 3459 861 3534 haec
885 3462 1041 3536 tandem
1067 3485 1211 3562 prorsus

129 3581 302 3645 acescant„

181 3703 379 3758 Mcccxrrr.
406 3685 575 3760 Multum
598 3710 748 3786 quoque
772 3687 931 3786 prodest,
957 3696 998 3761 et
1014 3711 1209 3788 nunquam

129 3791 269 3893 negligi
287 3795 407 3884 debet,
424 3798 462 3870 in
478 3800 638 3874 sanando
651 3799 847 3876 ventriculi
863 3824 979 3887 acore,
996 3812 1046 3876 ut
1062 3801 1210 3876 materia

128 3907 250 3980 omnis
274 3920 445 4008 corrupta
460 3923 499 3984 et
515 3912 617 3986 acida
633 3936 720 4010 quae
735 3913 775 3985 in
793 3936 837 3986 eo
853 3912 959 3996 adsit,
983 3936 1056 4011 per
1080 3915 1209 3988 idonea

128 4017 406 4106 medicamenta,
442 4023 504 4095 vel
538 4048 684 4098 sursum
717 4024 778 4098 rel
815 4023 989 4098 deorsum
1017 4037 1207 4126 purgetur.

127 4129 228 4204 Talis
244 4133 344 4206 enim
363 4135 514 4207 materia
526 4137 563 4209 in
576 4137 782 4211 ventriculo
798 4137 923 4211 relicta
939 4160 1011 4234 pro
1028 4138 1209 4212 sementa

124 4252 192 4332 est,
218 4247 416 4347 omniaque
431 4245 614 4338 alimenta,
639 4248 805 4352 alioquin
832 4250 904 4326 rite
921 4249 1207 4373 'concoqueuda
