2678 4794
183 350 255 425 262
597 357 847 418 eousrucrus
1037 362 1123 417 cnr.
1141 363 1244 421 xxm

179 547 292 647 partis
311 542 518 642 'cujuslibet
555 547 674 639 partes
700 534 839 611 affectae
864 549 1113 623 marcescunt3
1151 538 1252 638 quod

178 659 328 758 signum
353 677 496 752 semper
512 650 650 724 malum
667 657 734 736 est,
756 646 1004 743 morbumque
1019 648 1080 718 vel
1104 675 1254 746 prorsus

178 768 423 852 insanabilem,
440 763 500 837 vel
517 771 645 837 sanatu
662 758 931 845 difficillimum,
953 756 1099 830 indicat.
1151 760 1253 834 Talis

179 893 278 956 artus
300 875 487 979 paralytici
511 875 614 949 tabes
637 872 716 946 fieri
749 880 880 970 potest,
917 869 977 943 vel
999 878 1148 969 propter
1171 872 1251 946 vim

178 992 388 1067 arteriarum
406 986 516 1062 simul
532 1011 620 1062 cum
636 986 675 1059 vi
692 983 943 1058 musculorum
959 992 1172 1080 pereuntem
1186 995 1254 1059 aut

177 1100 399 1187 labefactam,
434 1099 537 1197 quod
578 1096 777 1196 aliquando
811 1096 963 1181 amidit3
1004 1093 1063 1167 vel
1105 1106 1268 1193 propter¹

176 1220 392 1311 perpetuam
421 1221 521 1285 artus
546 1212 722 1310 quietem,
748 1232 833 1306 quae
848 1209 937 1282 eitra
962 1205 1153 1305 paralysin,
1193 1208 1253 1282 vel

174 1323 309 1397 vitium
336 1332 458 1397 motus
483 1323 681 1423 sanguinis,
716 1319 776 1393 vel
813 1343 898 1394 sane
922 1319 1092 1392 morbum
1119 1318 1251 1408 ullum,
1278 1340 1280 1345 ·

174 1443 294 1533 partes
311 1458 450 1522 omnes,
467 1436 667 1534 praesertim
678 1431 911 1518 musculosaa
927 1453 1143 1504 maraesuere
1154 1429 1252 1520 facit,

174 1570 250 1621 non
268 1569 369 1620 secus
386 1570 428 1620 ac
438 1545 562 1643 justus
574 1568 663 1619 usus
675 1567 734 1616 eas
747 1554 881 1616 torosas
894 1541 1034 1627 reddin
1060 1541 1132 1630 vel,
1151 1543 1250 1618 deni-

174 1682 260 1756 que,
276 1672 426 1757 propter
441 1658 520 1732 vim
536 1657 651 1755 ipsam
669 1680 753 1753 quae
763 1654 945 1752 jacturam
963 1653 1159 1730 solidarum
1173 1680 1250 1755 par·

174 1770 273 1844 tium
300 1770 406 1844 novis
431 1769 602 1869 appositis
626 1766 812 1865 particulis
837 1774 989 1864 reparat,
1019 1765 1250 1843 deficientem

175 1891 214 1955 et
231 1892 449 1980 corruptam,
470 1882 500 1955 si
517 1881 594 1954 haec
621 1879 661 1952 in
677 1879 798 1952 nervis
815 1879 882 1952 sita
900 1891 964 1952 est.
1016 1878 1251 1955 Marceseunt

174 2016 325 2090 quoque
341 2002 460 2089 partes
476 1991 657 2088 quoedam,
673 1989 822 2064 fortasse
838 2014 1032 2088 nunquam
1059 1992 1250 2088 pristinam

173 2112 439 2200 recuperaturae
455 2101 592 2176 molem
609 2109 675 2176 aut
684 2103 861 2202 vigorem,
878 2126 1047 2202 amagna
1062 2105 1250 2204 sanguinis

168 2212 323 2312 jactura,
352 2216 417 2290 aut
446 2216 550 2316 gravi
566 2214 729 2303 vulnere,
757 2225 824 2289 aut
841 2215 960 2290 ulcere
976 2240 1034 2288 eas
1051 2215 1118 2290 diu
1145 2216 1250 2292 inles-

174 2334 287 2401 tante.

224 2459 380 2515 necem.
405 2439 689 2516 Nutrimentum
714 2441 850 2540 pendet
869 2440 1032 2516 multum
1058 2466 1079 2514 a
1104 2442 1248 2541 quanti·

174 2557 260 2638 tate,
290 2574 358 2626 nec
386 2553 510 2627 minus
528 2577 549 2625 a
564 2552 741 2651 qualitate
757 2553 919 2628 ciborum
937 2577 1029 2651 quos
1059 2555 1248 2642 sumimus,

173 2661 352 2735 nimirum
370 2689 529 2761 quorum
547 2665 674 2739 eadem
690 2665 799 2739 moles
816 2675 854 2738 et
864 2666 1008 2763 pondus
1024 2664 1109 2763 plus
1125 2667 1247 2740 minus

173 2772 338 2844 materiei
355 2775 552 2847 nutrientis
569 2777 769 2848 continent.
813 2776 981 2850 Multum
999 2800 1149 2875 quoque
1159 2801 1245 2875 pen-

171 2878 237 2955 det
253 2905 274 2951 a
291 2885 524 2956 conaoctione
540 2884 635 2956 bona
652 2884 712 2959 vel
727 2886 937 2983 imperfecta
953 2889 1024 2962 cibi
1040 2889 1106 2988 qui
1123 2912 1244 2987 sump-

172 2992 234 3063 tiis
250 2989 371 3064 fuerit.

181 3122 187 3137 ·
223 3122 394 3175 ncccmr.
420 3103 479 3177 Ut
495 3103 605 3179 homo
622 3108 688 3205 qui
713 3109 870 3184 secunda
887 3110 1022 3187 fruitur
1039 3111 1248 3187 valetudine

172 3209 247 3286 fere
262 3213 356 3287 bene
385 3213 558 3302 nutritur,
586 3216 790 3294 dummodo
819 3233 874 3295 sat
891 3223 1059 3298 habuerit
1076 3224 1148 3299 cibi
1172 3223 1247 3298 ido·

171 3324 256 3399 nei:
282 3327 334 3400 sic
349 3327 415 3425 qui
439 3327 588 3402 adversa
604 3329 817 3405 valetudine
843 3333 1006 3410 laborant
1029 3335 1249 3436 plerumque

170 3433 267 3507 male
284 3438 512 3526 nutriuntur,
542 3449 580 3514 et
605 3465 700 3541 saepe
716 3452 754 3517 et
770 3446 892 3521 subito
910 3460 1160 3524 marcescunt:
1186 3447 1247 3524 sci·

170 3542 266 3631 lieet,
296 3549 385 3644 quia
400 3549 490 3623 dum
520 3563 673 3651 aegrotat
689 3557 883 3656 quisquam
902 3560 1025 3633 eibum
1058 3585 1141 3636 raro
1157 3562 1249 3636 bene

170 3657 322 3751 appetit,
340 3659 454 3734 rarius
470 3663 590 3738 adhue
606 3666 699 3740 bene
708 3673 917 3769 uonooquit
933 3682 970 3745 et
987 3697 1085 3772 saepe
1102 3673 1250 3749 insolito

170 3762 363 3862 dispendio
392 3772 617 3865 exhauritur,
648 3778 829 3879 dissipatis
856 3785 1030 3859 nimirum
1058 3785 1159 3860 ultra
1176 3810 1247 3861 mo-

169 3873 261 3949 dum
278 3877 403 3955 fluidis
419 3888 577 3984 corporis
607 3892 781 3988 partibus,
811 3903 849 3968 et
865 3896 987 3971 solidis
1004 3897 1171 3974 multum
1187 3897 1249 3972 de·

168 3986 265 4060 tritis
281 3989 555 4070 vehementlore
583 4002 643 4074 etri
672 4001 917 4100 subjiciuntur
933 4018 1038 4084 motu
1052 4038 1061 4095 ;
1088 4010 1192 4110 quod
1207 4009 1248 4082 in

168 4097 329 4175 febribus
345 4106 515 4181 omnibus
531 4111 711 4210 imprimis
725 4115 883 4190 notabile
899 4130 963 4194 est.
1014 4121 1153 4221 Neque
1164 4146 1248 4222 pro·

171 4206 266 4287 fecto
282 4213 437 4293 absurda
454 4218 601 4296 videtur
616 4223 751 4322 opinio,
780 4227 958 4327 plurimos
973 4233 1132 4324 morbos,
1158 4257 1248 4335 prae·
