2678 4794
126 347 174 417 ta
524 360 775 417 consencrns
891 372 917 418 ,·
1048 363 1135 419 cnr.
1151 363 1204 419 rr.

128 547 208 614 tem
224 564 272 614 ex
289 548 400 638 parte,
425 537 558 612 nititur
573 538 714 626 mirum,
728 536 823 612 illud
838 545 878 610 et
902 536 976 611 sere
992 538 1205 616 incredibile

127 652 358 752 singulorum
375 673 551 725 sensuum
567 658 806 724 externorum
824 673 980 723 acumen
1005 662 1044 726 et
1068 654 1204 751 perfec·

17 752 21 759 ’
125 765 190 853 tio,
207 788 291 864 qnae
306 762 396 835 varii
412 761 590 848 homines,
606 763 714 837 variis
731 762 899 862 occupati
916 763 1083 861 negotiis
1106 765 1204 839 mul·

125 885 167 951 to
183 901 253 951 usu
282 873 399 948 solent
427 873 600 973 adipisci3
629 876 800 973 quamvis
827 875 912 951 satis
941 877 989 949 sit
1005 877 1203 951 verisimile

125 985 354 1088 perfectionis
395 984 609 1084 hujusmodi
649 987 818 1061 nonnihil
851 987 1093 1062 tribuendum
1126 1013 1204 1065 esse

124 1097 326 1173 conditioni
341 1121 575 1198 organorum,
592 1124 678 1198 quae
693 1102 802 1175 variis
818 1099 938 1174 modis
954 1101 1036 1175 acui
1061 1103 1202 1198 possint

123 1210 247 1286 crebra
270 1212 541 1300 exercitatione,
576 1222 615 1286 et
649 1213 698 1286 ad
721 1206 866 1313 propria
891 1236 1045 1287 munera
1070 1212 1202 1289 melius

123 1325 249 1421 aptari.
312 1324 415 1400 Bene
438 1335 573 1400 notum
598 1336 654 1401 est
688 1296 825 1424 orgilna
848 1305 972 1399 motlis
997 1323 1067 1398 hoe
1091 1324 1203 1399 modo

122 1435 224 1510 baud
239 1463 371 1536 parum
387 1439 572 1539 proficere.

170 1574 348 1627 cxxxrx.
374 1551 552 1626 Attentio
575 1575 598 1626 a
612 1551 806 1627 voluntate
822 1549 1098 1650 quodammodo
1115 1573 1202 1649 pen·

105 1661 209 1749 ,det3
235 1673 359 1738 tamen
377 1664 597 1765 plerumque
613 1665 724 1739 datur
739 1665 904 1738 sensibus
920 1663 1061 1750 validis,
1086 1662 1208 1749 novis,

116 1766 305 1875 jucundis,
322 1777 485 1876 ingratis,
507 1777 627 1875 iisque
643 1777 798 1850 demum
814 1776 881 1875 qui
898 1786 1062 1910 meptem
1080 1776 1203 1873 quivis

123 1888 236 1963 modo
252 1897 385 1987 praeter
401 1890 552 1971 solitum
569 1888 736 1962 afficiunt
752 1887 812 1961 vel
829 1896 1075 1962 commovent.
1115 1898 1122 1909 '

172 2023 260 2075 cxc.
288 2001 391 2095 Hinc
408 2012 465 2077 tot
481 2025 537 2076 res
554 2002 619 2074 vix
636 2027 678 2075 ac
694 2025 741 2074 ne
757 2003 824 2076 vix
840 2002 995 2100 quidem
1011 2008 1203 2099 perceptae,

122 2112 292 2211 quamvis
316 2114 440 2189 idonei
464 2114 504 2187 in
521 2137 657 2210 organa
680 2138 854 2189 sensuum
881 2112 1064 2212 impulsus
1088 2111 1135 2186 ab
1159 2112 1203 2185 iis

121 2224 208 2317 sacti
234 2226 318 2315 sint,
346 2226 407 2301 vel
431 2228 462 2301 si
488 2226 773 2325 quodammodo,
802 2226 973 2326 quamvis
998 2226 1122 2300 minus
1147 2248 1204 2299 ac·

122 2346 260 2432 curate,
297 2350 479 2439 perceptae
503 2339 652 2427 fuerint,
687 2341 813 2414 statim
842 2337 1019 2413 oblivioni
1049 2336 1201 2412 traditae.

120 2450 228 2526 Hinc
242 2476 350 2527 novae
366 2476 510 2551 semper
526 2478 591 2541 res,
617 2453 755 2548 caeteris
771 2453 929 2552 paribus,
953 2450 1117 2528 maxime
1141 2448 1204 2523 ob-.

123 2575 286 2654 servatae,
312 2567 476 2665 novique
501 2591 627 2671 sensus
644 2565 868 2639 validissimi.
920 2563 1023 2634 Hinc
1039 2585 1134 2659 saepe
1150 2585 1205 2635 re·

122 2679 231 2774 petiti
250 2701 385 2765 sensus,
411 2679 582 2776 quamvis
599 2677 722 2761 validi,
749 2675 851 2748 brevi
875 2669 1069 2744 familiares
1094 2672 1240 2758 fiunt,·“··¹

124 2796 163 2858 et
189 2786 263 2860 fere
289 2788 552 2885 negliguntur;
589 2785 781 2857 debiliores
805 2806 892 2855 vero
918 2779 1110 2878 impulsus,
1135 2786 1204 2882 qui

123 2905 248 2969 tamen
265 2896 413 2970 s'ensum
433 2897 518 2969 satis
534 2893 701 2968 validum
726 2892 811 2966 dare
828 2891 1002 2978 solebant,
1028 2916 1125 2991 saepe
1148 2920 1204 2970 re.

122 3009 241 3106 petiti,
266 3030 390 3105 neque
425 3006 578 3080 omnino
604 3004 870 3106 percipiuntur,
899 3027 1022 3102 neque
1048 3005 1121 3080 ulla
1145 3011 1205 3085 sui

122 3121 280 3220 vestigia
295 3120 334 3194 in
351 3119 476 3194 a'nimo
491 3118 720 3216 relinquunt.
1219 3214 1224 3221 ἱ

173 3255 283 3309 cxnl.
303 3233 400 3309 Sunt
412 3233 479 3332 qui
495 3242 643 3307 strenue
654 3230 888 3308 contendunt
899 3232 1090 3308 hominem
1107 3233 1205 3309 inter

64 3365 67 3371 ’
122 3347 359 3422 sentiendum
400 3347 554 3422 unicum
597 3356 745 3419 tantum
781 3369 929 3421 sensum
961 3345 1019 3419 vel
1046 3347 1099 3419 rei
1140 3370 1203 3420 ex·

116 3469 236 3551 ,temae
265 3461 538 3560 perceptionem
567 3482 713 3558 semper
740 3457 1002 3556 contemplari;
1036 3458 1100 3532 sed
1126 3468 1204 3531 tam

121 3569 225 3645 facile
243 3580 395 3671 tamque
423 3571 546 3647 subito
562 3571 610 3645 ad
634 3595 744 3645 suum
761 3570 1038 3670 quodammodo
1062 3570 1203 3644 arbitri-

122 3707 187 3757 um
206 3683 252 3756 ab
270 3709 346 3758 uno
362 3683 409 3757 ad
425 3684 539 3758 alium
553 3708 702 3759 sensum
718 3685 771 3757 ire
787 3693 900 3780 atque
917 3683 1044 3769 redire,
1071 3690 1114 3755 ut
1130 3685 1204 3781 pri-

121 3820 186 3870 mo
202 3796 343 3872 intuitu
360 3795 498 3872 multos
529 3796 640 3873 simul
657 3820 784 3895 capere
813 3793 882 3868 sibi
898 3793 1204 3869 videatur-Sed

122 3908 193 3982 hoc
204 3909 333 3983 'minus
346 3918 488 3983 eertum
505 3919 571 3984 est.

172 4043 299 4099 chn.
318 4020 574 4095 Certissimum
592 4044 680 4095 vero
692 4027 747 4093 est
760 4017 950 4091 hominem
968 4041 1062 4114 saepe
1079 4015 1203 4115 plures
1225 4018 1228 4023 ’

122 4158 248 4208 sensus
265 4131 429 4232 ejusdem
446 4134 590 4232 generis
607 4130 719 4206 simul
735 4130 929 4228 percipere,
947 4127 1153 4203 dummodo
1162 4129 1204 4202 hi

121 4247 175 4320 ita
198 4245 374 4348 conjungi
399 4253 437 4320 ct
454 4246 559 4346 quasi
575 4243 718 4319 misceri
744 4241 896 4343 possint,
922 4250 967 4317 ut
983 4265 1097 4318 unam
1114 4265 1202 4340 ,per-
