2678 4794
101 357 188 413 CAl’.
204 354 342 411 xxxn.
397 347 618 406 Mnntclm
636 350 927 408 rnuounmcffl.
1107 347 1181 424 447

101 544 241 618 tosum;
271 543 353 606 tum
383 528 537 602 demum
565 527 710 616 fossilia,
735 539 774 603 et
803 531 1004 628 praesertim
1034 530 1183 612 acidane

101 644 369 745 sulphuricuru,
400 640 500 739 quod
525 642 695 715 omniurn
721 640 871 715 forsitan
896 643 1083 741 optimum
1117 658 1184 724 est.

103 757 382 831 Observandum
400 763 456 826 est
472 754 597 826 omnia
612 750 723 827 acido
740 775 815 827 non
833 754 945 828 modo
962 778 1028 852 per
1042 757 1184 832 mixtu·

99 893 173 943 ram
190 867 383 944 clenicam
412 864 601 963 putredini
625 866 762 952 obesse,
787 865 979 940 sedetiam
998 891 1064 965 per
1087 869 1184 942 vires

100 1006 182 1055 suas
197 983 441 1077 astringentes
458 978 621 1073 (uxmx)
652 986 692 1049 et
707 975 959 1076 refiigerautes
977 977 1183 1077 (mccxxx)

101 1094 139 1167 in
158 1092 283 1168 multis
300 1089 438 1163 morbis
453 1088 612 1186 putridis
629 1087 736 1161 utilia
759 1088 863 1174 ficri,
888 1099 927 1163 et
951 1089 1060 1166 acida
1078 1112 1184 1190 vege·

100 1202 233 1279 labilia
250 1203 401 1276 fortasse
417 1200 488 1273 alio
504 1199 627 1273 adhuc
643 1198 756 1273 modo
771 1224 880 1298 opem
897 1202 982 1289 fere,
999 1203 1184 1278 scilicetsi

99 1316 140 1389 in
174 1339 323 1412 corpore
356 1310 524 1391 similiter
557 1335 598 1385 ac
623 1311 748 1411 fruges
776 1323 938 1388 recentes
965 1315 1184 1391 fermentata

99 1426 250 1500 fuerint.

151 1560 347 1612 mcccxxv.
365 1534 465 1610 Sales
477 1560 564 1609 vero
581 1533 760 1612 alcalinos
777 1536 878 1635 quod
893 1538 1039 1625 attinet,
1055 1550 1093 1615 et
1104 1542 1184 1640 qui·
1235 1541 1251 1554 ⁴*

99 1648 187 1724 dem
204 1673 333 1722 omnes
350 1648 439 1722 alios
456 1649 556 1735 sales,
573 1657 737 1734 neutros,
756 1659 901 1737 terreos,
918 1660 956 1724 et
974 1651 1185 1738 metallicor
1215 1638 1222 1649 ’

98 1763 269 1860 quamvis
282 1761 449 1860 plerique
465 1785 605 1847 eorum,
622 1761 682 1834 vel
699 1761 817 1835 forsan
835 1786 975 1849 omnes,
992 1773 1097 1837 extra
1108 1786 1186 1836 cor-

100 1899 170 1973 pus
186 1875 238 1948 ita
254 1872 418 1946 adhiberi
435 1872 587 1970 possint,
613 1896 774 1970 cumque
791 1875 899 1947 variis
917 1874 1025 1948 rebus
1043 1884 1185 1972 putres-

98 1986 268 2060 centibus
282 1985 334 2058 ita
351 1984 505 2068 misceri,
531 1993 576 2057 ut
601 1986 835 2082 putredinem
854 2009 978 2061 earum
997 1987 1084 2060 satis
1108 1984 1185 2060 effi-

98 2097 233 2171 caciter
248 2096 464 2195 impediant,
489 2119 620 2192 parum
651 2108 735 2195 apta
752 2098 913 2171 remedia
929 2098 1116 2185 videntur,
1140 2107 1186 2173 ut

98 2206 171 2282 hoc
187 2208 337 2282 consilio
354 2209 392 2281 in
410 2206 499 2279 vivo
514 2230 667 2304 corpore
692 2206 945 2281 adhibeantur.
996 2209 1186 2307 Imprimis

97 2320 188 2419 quia
217 2331 365 2395 tanturn
400 2342 528 2391 eorum
562 2318 699 2391 assumi
731 2320 874 2415 nequit,
907 2329 1092 2415 quantum
1120 2341 1186 2418 per

97 2433 304 2507 mixturam
321 2428 515 2505 thetricum
539 2452 627 2503 cum
644 2438 747 2502 tanta
764 2428 862 2503 mole
890 2453 933 2502 ac
960 2452 1092 2526 corpus
1117 2429 1186 2504 bu·

98 2568 251 2620 manum
269 2553 325 2617 est
341 2543 381 2615 id
398 2551 607 2639 praestaret3
642 2550 724 2615 tum
742 2540 831 2638 quia
854 2539 1026 2614 nonnulli
1043 2564 1091 2614 ex
1107 2540 1185 2614 effl-

96 2656 293 2731 cacissimis
310 2677 450 2740 eorum,
476 2677 582 2751 parce
599 2652 759 2740 admisti,
785 2651 961 2726 videntur
976 2652 1100 2750 potius
1117 2677 1183 2751 pu·

97 2767 281 2842 tredinem
298 2789 535 2865 promovere;
561 2774 645 2839 tum
658 2762 811 2837 demum
825 2763 913 2861 quia
925 2763 1037 2839 multi
1054 2788 1184 2841 eorum

97 2903 230 2979 corpus
246 2879 358 2952 nimis
375 2878 549 2963 excitant,
575 2885 615 2950 et
638 2874 857 2967 calefaciant,
885 2884 925 2949 et
940 2876 1037 2949 sitim
1063 2876 1183 2952 inten-

96 2992 216 3077 dunt;
242 3002 279 3065 et
296 3013 424 3064 omnes
441 2990 592 3063 fortasse
604 2986 822 3087 sanguinem
834 2987 999 3084 aliosque
1010 2986 1183 3066 humores

98 3103 210 3177 nimis
220 3113 416 3177 attenuant
427 3115 467 3176 et
479 3100 590 3176 nimis
599 3124 698 3175 acres
710 3100 882 3174 reddunt.
924 3099 1183 3176 Certissimum

95 3224 245 3289 estnon
263 3213 376 3288 modo
392 3213 483 3286 sales
507 3209 698 3300 atratinus,
723 3213 787 3287 sed
811 3211 1009 3288 numatam
1034 3236 1184 3310 quoque

94 3323 196 3401 eodoe
225 3327 305 3424 (qui
322 3327 361 3398 in
378 3325 548 3400 carnibus
564 3325 779 3400 condiendis
795 3327 887 3400 adeo
903 3324 1033 3398 efficax
1050 3324 1183 3422 reperi-

95 3447 173 3534 tur)
198 3438 329 3512 vivum
347 3460 513 3534 oorpusa
530 3437 727 3534 putredine
744 3439 898 3512 minime
913 3436 1120 3523 defendere,
1144 3445 1185 3511 et

96 3549 224 3649 potius
241 3549 311 3623 boc
326 3549 463 3623 vitium
480 3547 629 3645 gravius
644 3558 685 3623 et
700 3549 868 3625 infestius
884 3547 1047 3636 reddere,
1069 3549 1122 3623 ita
1138 3559 1184 3624 ut

95 3659 286 3735 nonnullis
302 3660 454 3734 medicis
471 3682 684 3756 persuasum
707 3661 766 3748 sit,
790 3658 1001 3737 scordalum
1026 3661 1093 3735 vix
1116 3672 1183 3736 aut

94 3794 145 3846 ne
161 3773 229 3847 vix
245 3772 398 3871 quidem
416 3769 588 3858 accidere,
613 3771 685 3845 nisi
711 3772 751 3845 in
775 3772 819 3845 iis
836 3771 904 3870 qui
930 3771 1000 3847 boc
1028 3772 1100 3847 sale
1124 3772 1184 3850 usi

93 3894 228 3959 essent

147 4017 367 4073 mcccxxvn
402 3997 500 4072 Sunt
532 4007 571 4071 et
604 3994 675 4070 alia
698 3995 868 4096 quaedam
901 3997 1193 4085 medicamenta.

94 4132 182 4208 quae
199 4110 238 4182 in
252 4110 341 4183 vivo
357 4133 506 4208 corpore
522 4133 589 4206 pro
601 4108 834 4209 antireptt'ca's
850 4134 982 4210 parum
992 4107 1127 4194 valent,
1144 4121 1184 4182 et

95 4244 177 4296 raro
194 4222 433 4308 conveniunt,
462 4223 631 4320 quamvis
647 4223 746 4297 inter
760 4245 804 4300 ea
819 4247 841 4297 a
857 4219 1044 4298 nonnullis
1061 4241 1183 4292 recen-
