2678 4794
72 391 161 447 cnr.
178 389 321 446 xxxrv.
372 383 593 443 memorum
610 360 902 443 ruroarmcm.
1076 375 1149 452 473

70 567 224 643 dantur.
284 566 372 642 Non
401 563 526 640 omnia
552 586 642 638 vem
668 561 819 637 metalla
850 587 938 661 quae
965 564 1154 641 vomitum

73 681 175 755 cient
190 704 257 778 pro
272 676 443 754 remediis
458 678 698 765 converiunt,
727 675 847 750 veluti
864 700 1033 777 cupmm,
1049 675 1155 776 quod
1257 770 1260 777 ι

76 793 174 866 inter
189 791 383 866 vomitoria
397 789 575 864 recenseri
592 788 694 877 solet,
719 789 892 887 quamvis
917 788 1022 864 nulla
1044 812 1156 888 pecu·

75 902 177 978 liaris
193 903 387 979 commoda
403 900 536 975 habere
551 901 732 991 videntia,
748 913 788 976 et
803 911 955 1001 propter
970 903 1154 1003 insignem

73 1040 182 1090 suam
210 1015 460 1100 acrimoniam,
485 1023 524 1087 et
540 1022 710 1089 naturam
725 1015 793 1089 vix
821 1038 897 1089 non
923 1023 1158 1102 venenatam,

75 1150 271 1226 nunquam
288 1127 368 1201 dari
384 1125 528 1213 debeat,
550 1125 623 1200 nisi
638 1148 695 1200 res
710 1124 819 1201 valde
834 1136 977 1226 urgeat,
1006 1137 1046 1202 et
1074 1126 1157 1202 nul·

75 1238 159 1315 lum
174 1238 276 1312 aliud
294 1239 413 1313 tutius
429 1237 745 1313 medicamentum
760 1238 801 1310 in
818 1248 995 1340 promptu
1012 1240 1071 1314 sit.

129 1373 368 1425 mcccuxxx.
389 1349 501 1424 Varia
512 1373 665 1449 quoque
680 1349 1014 1442 medicamentaex
1030 1374 1159 1452 argen-

77 1474 121 1538 to
150 1464 239 1538 vivo
266 1471 392 1560 parata
407 1462 597 1538 vomitum
619 1461 743 1548 „cient;
769 1461 833 1536 sed
861 1486 982 1537 unum
1009 1473 1160 1539 tantum

75 1599 219 1662 eorum,
244 1574 381 1649 scilicet
395 1573 635 1675 mab-srdpdua
650 1573 1041 1675 hydrargpristcvua,
1062 1576 1160 1650 inter

76 1687 276 1763 vomitoria
286 1695 537 1762 enumeratur:
555 1686 625 1761 hoc
634 1711 787 1786 quoque
795 1688 845 1762 ob
855 1688 1039 1787 insignem
1053 1711 1160 1764 stram

76 1799 327 1886 acrimoniam,
353 1807 391 1874 et
408 1798 691 1874 violentissimos
708 1799 862 1875 effectus
891 1823 986 1898 quos
1014 1799 1160 1911 incor-

76 1934 169 2011 pore
198 1910 331 1985 habere
360 1909 463 1998 solet,
496 1935 577 1985 raro
601 1911 808 1999 adhibetur,
844 1935 968 2011 neque
996 1911 1161 2011 profecto

75 2022 271 2097 communi
298 2022 383 2097 usui
407 2022 561 2096 omnino
577 2026 892 2102 accommodatum
910 2034 976 2100 est
1028 2023 1160 2098 Narra·

76 2144 143 2210 tur
158 2135 198 2208 in
214 2133 404 2209 nonnullis
416 2134 564 2221 morbis,
581 2137 746 2210 venereis
761 2137 953 2234 imprimis,
970 2146 1009 2210 et
1024 2135 1161 2234 hydro-

77 2246 225 2346 phobia,
242 2246 458 2321 mirabiliter
474 2246 664 2319 interdum
680 2246 882 2345 profuisse;
907 2258 946 2320 et
963 2248 1050 2319 satis
1066 2248 1161 2318 veri-

75 2359 197 2434 simile
213 2370 269 2434 est
285 2359 326 2433 id
341 2369 475 2458 praeter
490 2359 688 2446 vomitum,
714 2381 896 2457 magnum*
918 2381 1015 2455 saepe
1039 2357 1161 2430 salivae

76 2470 228 2546 fluxum
244 2494 323 2545 esse
339 2484 541 2545 moturum.
593 2469 666 2545 Sed
691 2469 769 2544 haec
793 2471 919 2542 omnia
947 2467 1124 2542 beneficia
1139 2494 1163 2542 a
1240 2550 1246 2559 ι

77 2585 219 2659 viribus
235 2583 315 2680 ejus
331 2582 536 2657 vomitoriis
552 2582 708 2656 minime
723 2581 898 2682 pendent.

129 2717 381 2770 mcccnxxxu
407 2694 566 2770 Zincum
581 2695 694 2768 etiam
711 2694 1026 2769 medicamentum
1043 2690 1161 2766 vomi·

76 2807 219 2885 terium
249 2806 387 2905 praebet
415 2806 524 2882 valde
552 2806 694 2895 efficax,
731 2817 770 2881 et
799 2807 972 2905 quamvis
999 2803 1161 2905 generali
1242 2890 1250 2901 „

77 2919 165 2996 usui
196 2920 321 2992 minus
345 2918 535 3007 idoneum,
560 2928 710 3018 propter
738 2919 900 2993 subitam
930 2928 969 2992 et
996 2915 1160 2992 validam

78 3056 185 3107 suam
204 3033 399 3119 actionem,
416 3033 455 3105 in
474 3030 603 3107 multis
620 3031 801 3131 exemplis
818 3031 1069 3119 utilissimum,
1084 3030 1161 3106 sul·

77 3142 176 3243 pisos
194 3143 330 3218 scilicet
346 3143 454 3232 zinci,
480 3143 581 3243 quod
596 3168 671 3217 non
688 3145 780 3218 adeo
805 3168 885 3218 acre
909 3155 975 3219 aut
1003 3168 1161 3218 venena·

78 3267 164 3330 tum
181 3266 237 3329 est
253 3258 345 3354 quin
376 3259 462 3330 satis
491 3267 576 3335 tuto
604 3255 683 3331 dari
712 3257 836 3357 possit,
861 3265 901 3331 et
929 3254 1040 3328 simul
1068 3255 1162 3329 adeo

79 3367 246 3442 validum
264 3378 329 3454 est,
355 3378 400 3443 ut
417 3369 521 3466 quasi
538 3380 679 3467 puncto
707 3369 883 3468 temporis
912 3367 1163 3466 plenissimam

79 3481 325 3555 vomitionem
343 3481 447 3567 cieat,
473 3490 512 3554 et
534 3480 619 3554 ideo
643 3506 719 3581 prae
746 3482 919 3556 omnibus
944 3480 1020 3554 fere
1048 3481 1161 3580 hujus

79 3594 224 3690 generis
240 3592 412 3667 remediis
427 3594 633 3680 conveniat,
651 3596 681 3669 si
698 3596 791 3695 quid
808 3594 999 3694 perniciosi
1016 3604 1083 3670 aut
1099 3618 1161 3668 ve·
1203 3642 1208 3664 .

79 3704 207 3778 nenati
225 3707 264 3778 in
282 3703 530 3778 ventriculum
547 3704 660 3780 fuerit
675 3707 878 3806 ingestum,
902 3706 964 3781 vel
989 3707 1020 3780 si
1048 3706 1161 3793 hunc,

80 3841 302 3917 quacunque
319 3818 366 3892 de
383 3840 500 3905 causa,
526 3817 648 3893 subito
664 3830 703 3895 et
721 3817 829 3919 plene
846 3820 1035 3925 exinanire
1058 3817 1160 3916 cupi·

79 3953 176 4004 mus.

132 4064 396 4119 meccuxxxn.
415 4043 479 4118 Ex
496 4044 670 4119 omnibus
686 4068 775 4119 vero
791 4044 959 4131 metallis,
987 4043 1106 4117 forsan
1123 4066 1158 4116 e·
1179 4065 1182 4070 ·

80 4156 173 4229 tiam
191 4166 230 4229 et
247 4180 295 4230 ex
311 4159 484 4232 omnibus
508 4157 587 4232 aliia
602 4158 711 4232 rebus
727 4155 971 4234 acrimoniam
987 4155 1159 4228 maximis

80 4268 224 4353 viribus
240 4267 288 4343 ad
304 4269 479 4346 ciendum
491 4271 675 4348 vomitum
693 4270 819 4372 pollet,
837 4268 1028 4372 multaque
1042 4266 1159 4378 medi·
