2678 4794
60 346 148 400 CAP.
164 343 207 396 X.
338 338 560 395 mumolum
578 341 867 398 THEORETICAE.
1086 337 1133 411 93

59 522 137 620 qui,
163 527 331 618 corrupta
359 542 493 615 magna
519 519 654 592 cerebri
685 530 797 617 parte,
829 519 880 593 nii
911 521 1135 596 incommodi

59 645 307 731 perceperunt,
325 632 443 704 donec
459 630 609 704 tandem
627 632 749 706 subito
766 634 969 707 corruerint
986 634 1135 709 convul-

61 748 89 819 si
105 757 140 820 et
156 742 383 818 moribundi.
692 752 718 769 '⁴
961 820 963 824 Α
1043 842 1046 847 .

101 880 219 932 cccn.
248 856 425 952 Superest
453 863 491 926 et
517 853 617 927 aliud
644 879 816 931 sensnum
835 860 1062 930 intemorum
1081 858 1135 930 vi-

61 970 162 1057 tium,
178 968 226 1042 ab
239 968 299 1043 his
315 967 469 1039 omnino
485 966 684 1054 diversum,
702 968 849 1041 fatuitas
867 969 1011 1043 seilicet.
1064 968 1133 1040 Fa·

60 1082 111 1154 tui
126 1090 216 1156 sunt
228 1080 296 1177 qui
307 1077 494 1176 judicium
506 1079 552 1150 de
563 1078 672 1152 rebus
685 1079 847 1165 nulium,
863 1089 902 1152 et
920 1080 1134 1153 memoriam

60 1203 119 1266 aut
144 1191 299 1279 nullam,
324 1202 389 1264 aut
415 1191 504 1263 vitae
530 1189 744 1264 muneribus
771 1193 960 1289 imparem,
987 1191 1131 1265 habent.

61 1301 229 1376 Fatuitas
242 1302 409 1400 quaedam
427 1325 551 1375 revera
563 1302 735 1376 omnibus
752 1303 952 1377 infantibus
968 1327 1132 1378 eommu-
1170 1349 1182 1374 .

60 1413 128 1499 nis,
153 1413 332 1501 naturalis,
355 1438 478 1512 neque
494 1414 661 1488 morbosa
691 1425 768 1487 est:
794 1414 941 1512 quodsi
960 1414 1055 1489 ultra
1079 1417 1133 1489 in-

60 1522 211 1598 fantiam
235 1527 481 1625 permanserit,
507 1536 590 1600 tum
607 1526 757 1599 morbus
775 1535 830 1599 est
846 1527 978 1625 gravis,
1003 1537 1042 1600 et
1058 1525 1132 1628 ple·

58 1660 215 1735 rumque
230 1637 447 1711 insanabilis.
499 1637 642 1711 Similes
668 1661 710 1711 ac
735 1637 805 1711 alia
830 1662 1005 1712 sensuum
1022 1640 1132 1713 inter-

59 1770 187 1822 norum
216 1749 309 1823 vitia
335 1750 484 1824 fatuitas
512 1750 677 1848 agnoseit
703 1772 840 1834 causas,
865 1761 1050 1847 quantum
1076 1748 1134 1823 hae

58 1860 166 1935 oculis
176 1860 241 1934 vel
257 1861 426 1961 snalpello
438 1863 561 1961 detegi
579 1863 738 1962 possint:
764 1860 951 1962 epilepsim
961 1860 1134 1960 frequens

58 1995 172 2046 comes
189 1984 230 2047 et
245 1974 399 2049 effectus
416 1974 636 2050 observatur.
689 1973 795 2060 Haec,
814 1977 842 2047 si
856 2000 877 2047 a
893 1974 1010 2048 causis
1027 1983 1133 2048 extra

58 2094 161 2184 (aput
190 2088 272 2160 sitis
296 2089 478 2187 originem
504 2088 665 2175 duxerit,
690 2087 808 2160 veluti
834 2112 856 2160 a
880 2085 1068 2160 vermibus
1092 2086 1132 2159 in

58 2195 236 2273 intestinis
252 2198 535 2298 hospitantibus,
553 2200 714 2299 expulsis
725 2200 924 2286 vermibus,
935 2210 1133 2298 sanataque

58 2309 239 2410 epilepsia,
264 2334 371 2385 mens
388 2310 492 2386 fatuo
507 2311 704 2409 aliquando
720 2311 869 2384 accedit.

103 2445 239 2497 eccur.
267 2423 386 2498 Haud
417 2423 581 2498 absimile
610 2435 677 2511 est,
702 2423 911 2497 fatuitatem
937 2422 1133 2506 infantum,

61 2541 95 2606 et
117 2536 314 2623 memoriae‚
341 2536 502 2633 ideoque
521 2534 654 2633 judicii
679 2532 875 2618 defectum,
899 2531 966 2629 qui
989 2529 1135 2604 senibus

61 2646 191 2735 aoeidit,
215 2672 239 2721 a
253 2657 361 2722 statu
379 2647 515 2721 cerebri
544 2646 583 2719 in
601 2646 658 2720 his
673 2645 784 2721 nimis
800 2644 884 2719 duri
896 2653 934 2719 et
950 2641 1071 2743 rigidi,
1096 2641 1146 2725 in,

63 2754 224 2838 illisrero
239 2761 357 2837 nimis
374 2759 505 2852 mollis,
529 2758 625 2834 oriri.
784 2792 874 2977 Ἀ
