2678 4794
70 369 160 425 car.
177 353 313 422 xxxrr.
365 362 580 418 immonsa
597 361 879 420 rnaonamorr.
1080 354 1149 420 441

71 546 130 619 vis
146 568 289 620 acorem
305 566 380 616 non
406 542 500 616 bene
523 541 718 640 corrigant,
743 541 920 625 eundern⁴
936 549 1060 616 tamen
1090 542 1153 616 ali-

70 668 256 757 quantum
275 654 501 741 obtundunt,
526 663 564 726 et
581 653 829 727 ventriculum
849 654 989 742 saltem,
1013 665 1051 728 et
1064 655 1159 728 infe·

76 771 208 843 riorem
226 779 366 866 partem
384 765 494 863 gulae,
510 775 549 838 et
566 765 753 853 intestina,
770 766 1156 865 abeoquodammodo

74 880 290 955 defendunt.
341 879 493 952 Horum
511 886 637 951 autern
656 879 751 953 vires
767 890 806 952 et
822 904 911 953 usus
927 902 975 953 ex
985 879 1066 977 jam
1082 880 1156 954 dic·

76 995 124 1068 tis
142 997 298 1090 (iucem)
315 990 420 1065 facile
437 989 702 1088 intelligentur.

126 1129 277 1182 mcccx.
295 1106 436 1177 Praeter
447 1126 535 1176 vero
546 1101 611 1176 has
624 1127 680 1178 res
692 1128 778 1201 quae
794 1103 954 1180 strictius
970 1102 1156 1180 ontacidoe

74 1220 196 1295 vocari
213 1228 379 1316 possunt,
404 1223 536 1313 utpote
553 1239 636 1312 quae
661 1239 803 1290 acorem
828 1217 907 1313 jam
933 1219 1157 1294 existentem

73 1332 200 1405 statim
230 1330 424 1426 corrigant,
462 1338 551 1402 sunt
578 1338 617 1401 et
645 1327 765 1401 multa
792 1327 862 1401 alia
888 1331 1157 1406 medicamenta

71 1458 161 1539 quar
186 1439 366 1516 aotaclda
390 1439 667 1537 quodammodo
691 1441 764 1514 dici
789 1459 944 1539 queunt,
976 1445 1156 1519 nimirum

71 1579 161 1652 quae
177 1577 320 1648 acorem
337 1554 377 1624 in
394 1552 600 1626 ventriculo
625 1553 724 1626 nasci
748 1553 970 1651 impediunt
1022 1556 1157 1642 Qualia

72 1677 162 1740 sunt
195 1664 315 1739 multa
347 1664 616 1738 medicamenta
652 1667 903 1765 astringentia,
940 1667 1156 1756 roborantia,

72 1777 312 1852 stimulantia.
376 1777 473 1850 Sunt
498 1777 564 1873 qui
591 1778 792 1874 opinantur
822 1778 1000 1852 nonnulla
1029 1804 1076 1852 ex
1103 1803 1157 1852 as.

73 1889 322 1988 tringentibus
339 1888 628 1975 medicamentis,
655 1890 792 1964 scilicet
819 1915 906 1988 quae
923 1915 971 1964 ex
987 1890 1157 1990 frugibus

71 2003 298 2087 derivantur,
323 2001 497 2075 adversus
520 2024 662 2074 acorem
680 2001 802 2076 valere
818 2002 975 2099 pervim
993 2001 1157 2101 aliquam

72 2113 266 2212 specialem
295 2137 370 2211 qua
398 2113 539 2186 acidam
558 2114 748 2186 materiam
778 2114 924 2189 sibimet
952 2114 1156 2203 attrahunt,

72 2237 113 2300 et
130 2226 309 2312 detinent,
334 2237 372 2299 et
388 2226 590 2323 corrigunt,
615 2224 724 2297 simili
750 2224 827 2297 fere
856 2226 968 2298 modo
997 2251 1039 2300 ac
1067 2226 1157 2300 sales

70 2337 228 2414 alcolini
243 2340 426 2412 lacerent:
453 2337 557 2435 quod
573 2349 695 2410 tamen
713 2336 837 2409 minus
854 2347 997 2410 certum
1015 2347 1091 2421 est;
1119 2346 1158 2411 et
1245 2366 1248 2371 ·

71 2453 249 2549 quoniam
267 2460 410 2525 certum
427 2450 581 2523 omnino
601 2458 657 2522 est
685 2458 743 2522 tot
767 2448 854 2521 alias
876 2458 942 2533 res,
968 2474 1054 2547 quae
1071 2473 1157 2530 ven

72 2563 249 2638 triculum
278 2564 402 2662 ipsum
420 2561 482 2636 vel
499 2571 623 2636 toturn
652 2585 785 2661 corpus
801 2562 984 2649 roborant,
1010 2585 1158 2635 concor»

72 2675 214 2749 tionem
243 2675 411 2749 alimenti
442 2672 707 2773 promovendo,
737 2698 881 2748 acorem
911 2697 1041 2761 arcere,
1066 2674 1159 2748 veri·

72 2787 231 2862 similius
264 2798 320 2861 est
353 2788 594 2886 astringentia
625 2785 688 2860 illa
722 2786 990 2861 medicamenta
1024 2786 1157 2866 eodem

72 2901 188 2974 modo
205 2900 384 2998 prodesse.
437 2900 497 2973 Sic
509 2900 633 2974 crebra
649 2899 809 2998 corporis
825 2900 1050 2988 exercitatio,
1062 2899 1158 2974 lava·

73 3012 128 3086 tio
152 3012 297 3109 frigida,
322 3015 386 3086 &c
416 3011 555 3087 multos
584 3036 606 3085 a
634 3012 806 3085 morboso
834 3021 873 3084 et
900 3011 1159 3087 molestissimo

72 3125 270 3199 ventriculi
295 3149 398 3199 acore
415 3127 565 3223 penitus
581 3124 804 3209 liberarunt;
832 3123 942 3199 multi
958 3126 1075 3199 etiam
1088 3148 1159 3224 ope

71 3237 198 3335 cyathi
217 3239 319 3324 meri,
345 3249 411 3311 aut
427 3238 589 3338 spiritus
605 3237 794 3325 destillari,
819 3248 886 3312 aut
904 3237 1060 3336 pauxilli
1076 3237 1158 3311 salis

72 3350 294 3435 communis,
320 3362 387 3425 aut
403 3352 538 3448 piperis
556 3351 664 3448 nigri,
683 3356 745 3426 &c
775 3375 862 3424 cum
880 3350 973 3435 cibo,
997 3348 1057 3421 vel
1074 3359 1159 3447 post

72 3461 284 3559 prandium,
308 3462 369 3535 'vel
386 3473 473 3535 ante
491 3463 689 3560 prandium
715 3463 906 3561 assumpti,
931 3462 1026 3535 bene
1042 3485 1080 3535 se
1097 3460 1159 3535 ha·

73 3573 175 3658 bent,
193 3573 287 3647 bene
298 3584 548 3671 concoquunt,
565 3586 604 3645 et
620 3575 666 3646 ab
682 3599 786 3649 acore
802 3574 966 3672 alioquin
981 3573 1160 3649 molestia·

73 3686 170 3761 aimo
187 3685 315 3760 futuro
332 3710 479 3785 prorsus
489 3685 751 3761 defenduntur.
803 3688 928 3760 Immo
944 3698 1086 3762 certum
1103 3695 1159 3761 est

72 3798 195 3896 ipsum
224 3798 373 3874 acidum
398 3797 670 3898 sulphurisacm,
707 3800 910 3897 prudenter
938 3800 1160 3887 adhibitum,

72 3910 249 3985 adversus
267 3913 479 3987 morbosum
495 3911 690 3986 ventriculi
708 3936 851 3987 acorem
869 3937 964 4012 saepe
981 3911 1081 3986 haud
1098 3935 1159 4009 pa·

72 4046 156 4097 rum
175 4023 355 4100 valuisse:
382 4024 554 4100 nonnulli
581 4027 693 4099 etiam
711 4037 894 4100 testantur
910 4050 948 4101 se
964 4022 1084 4099 simile
1099 4024 1159 4098 be·

73 4135 252 4213 neficium
269 4138 315 4211 ab
332 4163 402 4213 usu
420 4139 520 4214 succi
543 4138 728 4215 limonum
755 4140 945 4215 interdum
972 4137 1158 4236 accepisse.
