2694 4792
125 383 197 457 390
528 388 781 446 consenesce
1009 390 1098 443 car.
1116 393 1210 446 xxx.

126 567 356 666 Hujusmodi
373 565 598 649 stimulantia
615 567 786 651 remedia,
811 562 988 640 cardiaco
1005 566 1154 656 scilicet,
1171 578 1208 643 et

124 681 354 765 stomachico,
379 688 417 752 et
433 678 583 777 quidem
603 679 718 752 multa
734 679 815 764 alia,
832 678 1040 751 roborantia
1054 704 1205 778 quoque

125 794 223 866 liunt
242 794 326 884 (arc,
344 797 454 886 Mer);
479 814 602 888 neque
619 791 753 864 mirum
766 790 835 863 erit
851 791 1035 887 cuiquam,
1051 791 1203 865 effectus

127 930 256 980 eorum
282 906 320 976 in
346 902 524 1000 augendis
555 904 808 977 musculorum
834 903 976 975 viribus
1009 902 1205 1001 aliquando

126 1020 212 1092 satis
225 1041 300 1090 esse
313 1013 505 1101 durabiles,
523 1015 554 1087 si
571 1015 683 1088 modo
699 1039 823 1089 secum
842 1015 1077 1112 perpenderit
1093 1040 1204 1112 quam

126 1140 248 1204 arctus
285 1131 382 1202 iuter
416 1129 532 1200 sarias
568 1129 725 1226 corporis
761 1126 968 1200 functiones
1006 1127 1204 1201 intercedat

126 1266 257 1328 nexus,
282 1250 320 1313 et
336 1262 449 1338 quarn
467 1239 606 1312 mirum
630 1240 667 1311 in
688 1239 843 1312 modum
872 1262 1001 1312 omnes
1027 1239 1076 1311 ad
1099 1263 1203 1337 gene·

128 1353 239 1426 ralem
266 1355 431 1450 vigorem
470 1351 727 1425 sustinendum
765 1350 982 1437 conducant,
1021 1362 1060 1424 et
1095 1376 1201 1449 quam

126 1474 299 1565 prompte
316 1460 533 1538 beneficium
552 1463 652 1561 quod
669 1471 788 1561 partes
817 1462 986 1561 quaedam
1005 1462 1051 1536 ab
1068 1463 1202 1536 idoneis

128 1578 298 1651 remediis
315 1572 591 1650 stimulantibus
607 1575 812 1674 acceperint
841 1598 926 1648 cum
943 1573 1096 1673 reliquis
1112 1599 1202 1649 oom-

127 1693 348 1765 municetur.

181 1826 382 1879 mccxxrx.
408 1805 528 1878 Tanta
554 1802 665 1875 etiam
683 1800 738 1872 vis
764 1810 819 1874 est
844 1798 1092 1874 remediorum
1119 1823 1203 1897 quo

128 1916 284 1989 rundam
304 1915 586 1999 stimulantium,
612 1922 813 2009 tantusque
837 1913 932 1984 inter
948 1913 1065 1985 varias
1091 1921 1203 2010 partes

128 2037 166 2099 et
182 2027 298 2098 varias
324 2025 530 2101 functiones
547 2025 705 2123 corporis
721 2048 840 2099 nexus
865 2037 977 2120 atque
1002 2046 1202 2110 consensus,

126 2147 172 2211 ut
188 2139 265 2212 vita
287 2137 364 2236 jam
395 2162 490 2237 pene
515 2138 680 2212 extincta
695 2160 761 2234 per
777 2161 820 2209 ea
835 2136 959 2209 denuo
982 2136 1201 2234 integretur:

126 2271 250 2347 neque
266 2249 420 2325 dubium
439 2261 506 2338 est,
523 2249 661 2325 multos
678 2260 754 2323 tam
773 2272 887 2346 prope
902 2249 1089 2321 exanimes
1102 2257 1144 2320 ut
1159 2247 1202 2319 si-

127 2361 167 2433 bi
184 2361 301 2435 relicti
317 2386 511 2461 nunquam
528 2362 758 2447 revixissent,
777 2385 847 2458 ope
863 2360 1081 2434 idoneorum
1092 2382 1203 2432 reme·

128 2473 276 2548 diorum
293 2475 516 2548 stimulantis
534 2475 690 2573 generis,
715 2472 833 2546 veluti
851 2472 897 2544 ab
921 2473 1002 2569 ipso
1018 2470 1205 2570 sepulchro

126 2585 239 2660 fuisse
255 2597 408 2684 ereptos,
433 2596 471 2661 et
488 2586 535 2660 ad
551 2587 668 2661 vitam
685 2585 865 2672 reductos,
895 2595 934 2659 et
950 2585 1074 2683 plures
1090 2584 1205 2659 adhuc

128 2697 247 2771 simile
272 2699 493 2773 beneficium
521 2723 597 2772 esse
613 2707 836 2798 accepturos,
862 2699 892 2772 si
909 2698 1021 2771 modo
1050 2697 1205 2773 remedia

88 2895 91 2900 ,
126 2808 214 2880 satis
231 2820 402 2909 prompte
418 2822 456 2884 et
472 2819 744 2909 perseveranter
760 2809 900 2884 fuerint
915 2809 1087 2883 adhibita.

178 2941 356 2999 mccxxx.
382 2924 445 2996 Ex
463 2923 654 2998 effectibus
671 2922 917 2996 remediorum
934 2920 1203 2996 stimulantium

127 3032 167 3102 in
193 3033 387 3106 excitanda
410 3034 469 3106 vel
495 3034 665 3133 augenda
692 3035 906 3108 arteriarum
935 3035 1085 3118 actione,
1109 3056 1206 3130 saepe

127 3143 423 3239 praescribuntur,
448 3167 570 3242 neque
597 3145 733 3243 inepte,
758 3147 806 3218 ad
831 3145 1022 3219 solvendas
1047 3145 1206 3218 obstruo

128 3255 247 3330 tiones
272 3255 395 3355 quales
420 3254 519 3329 haud
544 3279 624 3329 raro
647 3257 687 3329 in
713 3257 821 3331 variis
848 3258 1013 3356 partibus
1040 3258 1206 3355 corporis,

127 3378 167 3441 et
183 3371 383 3467 praesertim
408 3370 448 3441 in
465 3368 610 3466 organis
640 3371 912 3444 secerneutibus
932 3371 1095 3466 (occur),
1121 3369 1208 3442 acci·

127 3477 235 3567 dunt,
260 3492 299 3555 et
323 3480 383 3554 vel
407 3480 586 3578 impedita
612 3483 724 3579 partis
757 3481 898 3555 affectae
923 3480 1116 3556 functione
1140 3481 1208 3554 toti

125 3592 268 3688 corpori
284 3602 428 3681 nocent,
452 3593 516 3668 ¹'vel
534 3593 574 3666 in
600 3594 688 3667 alios
715 3603 753 3668 et
776 3595 959 3693 graviores
977 3593 1125 3667 morbos
1148 3593 1207 3667 de·

125 3702 263 3776 sinunt.
315 3702 533 3779 Dolendum
551 3705 667 3803 magis
684 3715 739 3780 est
764 3730 878 3803 quam
895 3705 1119 3793 mirandum,
1145 3730 1207 3804 op·

127 3815 219 3888 tima
243 3826 281 3888 et
306 3816 552 3891 efficacissima
576 3817 710 3891 horum
744 3818 991 3892 remediorum
1026 3818 1209 3915 (quamvis

127 3947 398 4026 nonnunquam
416 3929 629 4003 mirabiliter
653 3931 807 4028 prosint)
833 3931 1006 4005 adversus
1031 3928 1123 4004 tales
1147 3929 1210 4005 ob·

126 4038 343 4114 structiones
359 4064 432 4113 non
452 4064 594 4140 semper
610 4041 739 4116 valere.

176 4172 372 4227 mccxxxr.
398 4153 580 4241 Quaedam
607 4178 652 4226 ex
688 4155 732 4227 iis
770 4153 859 4229 olim
886 4156 1024 4228 credita
1057 4153 1212 4231 fuerunt

125 4263 289 4341 multum
306 4263 475 4369 prodesse
503 4265 543 4342 in
572 4265 807 4349 attenuandis
824 4266 934 4344 variis
949 4266 1111 4373 corporis
1140 4265 1211 4345 bu·
