2678 4794
620 282 661 359 iii

102 480 177 567 uti;
199 476 406 578 presertim
423 501 509 553 cum
532 482 641 577 pauci
665 481 704 554 in
734 477 925 556 Britannia
950 487 1070 555 nostre
1095 462 1186 556 hoe
1300 456 1303 461 Ι

101 618 258 668 sermone
288 616 394 678 nune
420 592 692 667 oonseribantur
720 592 813 679 libri,
838 602 876 666 et
904 592 992 689 ipse,
1019 603 1061 665 ut
1088 615 1165 665 mos

98 715 148 778 est
175 705 423 804 professorum
440 704 479 776 in
496 702 593 778 alma
611 705 811 779 Academia
828 703 1017 788 Edinensi,
1043 726 1166 774 verna-

97 817 179 891 culo
208 840 377 890 sermone
407 815 535 890 docere
552 816 695 890 soleam.
747 816 851 904 Quin
880 825 917 889 et
945 814 1054 888 multi
1083 836 1169 910 erga

98 952 157 1001 me
182 928 352 1002 benevoli
377 952 439 1001 me
467 927 514 1000 de
543 927 609 1002 bae
637 941 676 1002 re
705 930 797 1002 serio
824 928 1107 1010 admonuerunt,
1131 933 1170 996 et

99 1039 303 1138 Bibliopola
321 1064 434 1126 meus,
460 1041 516 1113 vir
542 1039 725 1127 honestus,
750 1039 897 1113 etmihi
919 1037 1169 1122 amicissimus,

101 1161 139 1224 et
155 1151 193 1223 in
210 1177 249 1224 re
265 1152 421 1226 literaria
437 1153 601 1249 apprime
624 1177 746 1250 sagas,
771 1176 833 1224 me
857 1152 1045 1226 certiorem
1072 1149 1168 1233 fecit,

101 1286 232 1361 parum
249 1288 270 1335 e
286 1287 325 1335 re
340 1287 422 1335 mea
437 1263 513 1336 fore
530 1263 687 1337 latinum
704 1263 840 1337 librum
858 1263 1056 1360 scripsisse;
1082 1284 1170 1358 pau-

105 1396 166 1445 eos
178 1376 278 1446 enim
291 1398 387 1448 nunc
399 1375 554 1449 existere
572 1375 702 1450 talium
718 1375 766 1449 de
782 1400 821 1450 re
838 1376 977 1449 medica
993 1374 1170 1447 librorum

103 1495 168 1557 aut
184 1484 333 1559 lectores
347 1496 413 1560 sut
429 1498 621 1586 emptores.

149 1596 360 1695 Nequibam
377 1622 463 1672 eum
481 1610 584 1673 tanto
601 1599 681 1672 viro
706 1600 752 1673 de
778 1625 845 1676 suo
862 1602 1011 1700 negotio
1027 1609 1169 1674 contro-

101 1710 251 1781 versiam
269 1709 382 1795 inire;
408 1712 576 1808 quamvis
590 1711 689 1785 haud
702 1712 805 1787 facile
817 1713 1041 1799 crediderim,
1058 1710 1171 1784 seien-

102 1820 162 1893 tiae
191 1820 343 1894 medieae
372 1822 538 1896 studium
568 1848 824 1922 aggressurum
854 1850 930 1899 esse
958 1844 1173 1922 quenquam

101 1929 288 2008 literarum
304 1933 396 2007 adeo
412 1935 587 2039 nescium,
613 1946 657 2010 ut
682 1937 740 2009 vel
765 1949 930 2036 aspectus
956 1935 1062 2010 latini
1088 1932 1173 2006 libri

101 2066 246 2141 prorsus
262 2046 461 2124 terreret.·l
475 2047 608 2145 Neque
633 2050 795 2148 profecto
821 2051 1043 2150 negaverim,
1068 2047 1173 2122 latini

102 2159 274 2231 sermonis
291 2160 489 2247 scientiam,
515 2171 653 2258 quanta
669 2173 734 2235 aut
759 2185 859 2236 nune
888 2163 1058 2260 cuiquam
1076 2185 1175 2234 eom·

102 2280 213 2365 petat,
238 2280 305 2345 aut
332 2270 421 2345 olim
446 2271 532 2370 ipsis
559 2274 743 2347 veteribus
768 2275 906 2361 fuisset,
932 2299 1029 2374 aegre
1046 2273 1175 2347 suffec-

106 2390 223 2454 turam
250 2382 296 2454 ad
319 2381 495 2480 plurimos
523 2383 632 2456 libros
648 2384 916 2482 intelligendos,
942 2384 1176 2482 pseudo-lati·

109 2511 187 2577 nos,
213 2493 274 2564 sed
289 2493 400 2568 ferreo
415 2494 508 2568 adeo
525 2506 563 2567 et
579 2495 718 2566 intorto
735 2518 902 2566 sermone
919 2506 1121 2576 oontextos,
1138 2502 1177 2564 et

110 2612 164 2675 tot
192 2603 344 2678 barbaris
372 2604 760 2704 sesquipedalibusque
788 2603 974 2678 vombulis
1003 2603 1177 2690 horridos,

104 2725 149 2788 ut
163 2715 270 2791 Julio
289 2716 433 2793 Coesori
448 2716 642 2816 Scaligero
659 2718 739 2814 ipsi,
765 2716 795 2790 si
825 2717 894 2790 hoe
922 2715 998 2790 solo
1028 2713 1178 2789 consilio

104 2840 317 2928 resurgeret,
343 2855 467 2905 eorum
487 2830 572 2904 satis
589 2828 701 2903 ardua
717 2829 811 2903 foret
827 2828 1090 2927 interpretatio.

153 2941 244 3015 Post
269 2953 324 3016 tot
345 2943 425 3040 jam
454 2943 603 3017 barbara
627 2941 747 3039 elapsa
775 2941 905 3028 secula,
930 2965 1041 3015 nemo
1069 2964 1177 3015 sanus

106 3064 254 3128 oonatus
282 3055 394 3129 fuerit
418 3080 565 3130 auream
594 3052 792 3142 Ciceronis,
821 3054 1051 3152 aliorumque
1078 3063 1178 3126 vete·

107 3184 188 3238 rum
212 3169 430 3266 scriptorum
457 3167 687 3253 latinitatem,
721 3175 760 3240 et
792 3167 923 3239 miram
948 3165 1178 3263 elegantium,

108 3278 290 3364 aemulari;
316 3280 517 3378 praesertim
542 3280 590 3353 de
618 3288 695 3352 arte
712 3279 852 3376 quavis,
879 3288 969 3376 puta
986 3278 1032 3348 de
1048 3301 1087 3349 re
1103 3298 1179 3349 me-

108 3387 195 3474 diu,
219 3392 445 3490 scriptumst
471 3390 626 3489 singulae
650 3391 750 3464 enirn
775 3399 869 3461 artes
885 3396 924 3460 et
940 3386 1100 3461 seientise
1118 3411 1181 3460 vo·

107 3499 233 3574 mbula
248 3501 420 3599 quaedam
446 3502 515 3576 sibi
532 3505 687 3601 propria,
712 3500 903 3598 multaque
931 3524 1033 3574 sensa
1059 3498 1181 3597 expri-

108 3612 242 3685 mendo
273 3637 295 3686 a
329 3614 503 3687 sermonis
536 3613 726 3712 elegantiis
758 3612 911 3685 omnino
940 3611 1181 3700 abhorrentis,

107 3734 300 3820 nequeunt
324 3747 399 3798 non
430 3724 570 3800 habere.
635 3724 789 3809 Tamen,
828 3736 872 3797 ut
900 3722 1040 3820 opinor,
1071 3746 1183 3820 penes

107 3857 418 3934 unumquemque
444 3849 586 3935 semper
610 3836 733 3923 fuerit,
758 3846 797 3910 et
823 3858 1045 3933 quoeunque
1070 3833 1118 3906 de
1143 3854 1184 3905 re

108 3947 343 4044 scripturum,
368 3971 534 4022 sermone
551 3949 608 4023 uti
625 3947 789 4046 simpliee
814 3956 852 4020 et
878 3947 1078 4046 perspicuo,
1104 3942 1185 4040 qui·
1264 3980 1269 3991 =

111 4078 191 4131 eum
210 4068 410 4134 eontentus
427 4084 502 4134 esse
518 4061 646 4146 debet;
672 4084 747 4134 non
768 4058 868 4132 enirn
886 4059 994 4132 eredo
1009 4057 1186 4149 cuiquam

109 4188 208 4245 nune
232 4169 287 4244 fas
312 4194 389 4245 esse
405 4174 563 4269 optimos
594 4182 634 4247 et
662 4168 955 4272 elegantissimos
967 4165 1117 4267 propius
1132 4170 1186 4236 at·

624 4293 696 4360 22.
