2678 4794
88 446 93 457 ,
127 377 212 434 err.
230 372 316 449 xrs.
407 372 626 429 munierum
644 374 932 434 nnsonnrrcra.
1135 371 1203 441 las
1258 459 1260 463 ‚

124 550 205 631 lum
220 550 329 653 styli,
358 564 426 628 aut
452 554 607 629 ductum
624 552 858 645 thoracleam,
886 565 953 631 aut
969 557 1122 633 demum
1139 584 1200 633 ve·

126 689 212 743 mm
225 668 340 767 ipsum
370 664 608 755 nubelariam,
636 667 819 743 desinunt.
870 670 938 744 Ad
955 669 1024 747 hoc
1050 693 1201 769 quoque

123 802 235 879 genus
250 804 427 856 vasorum
439 781 626 879 pertinent
637 805 722 878 quae
731 794 910 857 vot-antur
919 781 1047 871 lactea,
1064 784 1202 858 seilicet

124 914 201 991 quse
225 894 278 969 nb
305 895 492 969 intestinis
518 893 682 981 orientia,
712 918 851 994 perque
867 896 1121 981 armentarium
1145 919 1201 968 re-

125 1006 253 1103 partia,
268 1006 544 1081 nutrimentum
560 1006 601 1080 in
619 1007 837 1106 sanguinem
854 1007 1006 1085 vehunt.

164 1122 391 1195 oeoexxxrx„
431 1118 524 1193 Vasa
549 1120 769 1194 resorbentia
793 1122 927 1208 omnia,
963 1134 1046 1196 tum
1071 1120 1200 1210 lactem

127 1234 202 1305 lum
217 1254 306 1329 quae
321 1240 501 1305 vocantur
516 1229 752 1330 lymphatica,
781 1232 842 1304 vel
859 1233 1006 1320 hiantia,
1032 1234 1094 1307 vel
1111 1259 1200 1332 pen-

128 1338 211 1417 dulo
223 1344 269 1415 in
284 1367 369 1417 cava
384 1344 486 1417 unde
502 1344 684 1430 oriuntur,
715 1344 897 1432 humores,
915 1370 997 1418 suos
1013 1345 1199 1432 hauriunt,

128 1444 169 1527 nt
183 1453 344 1541 videtin,
357 1455 394 1527 vi
411 1455 584 1552 quadarn,
609 1454 728 1553 qualis
746 1455 845 1529 tubis
862 1456 1090 1555 capillaribus
1115 1482 1199 1531 con-

128 1564 258 1665 tingit:
283 1589 402 1665 neque
431 1569 533 1640 enim
550 1568 606 1641 vis
633 1566 707 1641 ulla
724 1593 745 1640 a
762 1578 867 1666 tergo
898 1581 952 1642 est
969 1594 1044 1666 qua
1071 1568 1199 1667 imple-

127 1674 1199 1778 mmmmfflmmmmmmmmm‚

128 1789 235 1865 veluti
251 1790 434 1866 athorace
447 1791 507 1864 vel
519 1792 713 1878 intestinis,
726 1793 869 1892 impleri
882 1803 1046 1891 possunt.
1082 1791 1200 1866 Juvat

128 1910 243 1976 tamen
269 1913 418 1977 motum
448 1903 619 2001 lymphae,
646 1904 706 1976 vel
731 1903 829 2003 clyti
855 1928 968 2002 quem
997 1903 1198 1990 continent,

127 2034 287 2089 rasorum
304 2016 572 2089 resorbentium
586 2016 641 2090 vis
653 2016 869 2103 musculosa,
888 2028 925 2089 et
935 2039 1100 2114 pressura
1110 2040 1198 2113 qua-

129 2120 311 2227 liscunque
341 2127 429 2226 ipsis
457 2128 636 2201 acciderit.
699 2129 799 2202 Nam
827 2128 952 2202 nullus
977 2129 1197 2227 plerumque

129 2234 226 2314 dtur
253 2239 396 2313 reditus
435 2238 608 2338 lymphae,
645 2250 796 2339 propter
824 2242 1034 2313 innumeras
1062 2239 1198 2336 quibus

129 2370 202 2425 usu
215 2354 298 2452 ipsa
314 2362 456 2426 scatent
472 2352 605 2426 valvas.

165 2486 312 2539 nestun.
339 2463 568 2561 Hujusrnodi
585 2488 670 2535 vasa
687 2486 838 2560 quoque
862 2463 1071 2533 innumeras
1084 2457 1198 2558 glan-

129 2570 227 2651 daus
251 2575 486 2673 conglobatas
510 2575 659 2661 habent,
685 2597 775 2672 quas
800 2573 971 2656 subeunt,
997 2581 1035 2643 et
1063 2594 1198 2656 revera,

129 2688 281 2761 maxima
297 2685 428 2760 saltem
457 2697 637 2786 exparte,
663 2685 817 2758 formare
834 2683 1029 2758 videntur:
1059 2682 1199 2758 adeunt

129 2807 243 2901 tamen
273 2797 436 2897 singulas
470 2822 593 2873 earum
622 2797 755 2871 ramuli
785 2796 937 2895 quidam
970 2795 1126 2882 nervosi,
1160 2805 1198 2868 et

129 2928 203 2983 tusa
231 2911 451 3009 sanguinem
469 2910 659 2996 vehentia;
686 2909 785 2984 unde
815 2932 939 2982 sensus
957 2917 994 2980 et
1009 2908 1065 2981 vis
1082 2907 1198 2980 irrita·

129 3017 212 3108 bilis,
228 3031 268 3096 et
284 3022 368 3095 ideo
385 3020 626 3094 inflammatio
655 3021 860 3118 aliquando.
913 3020 989 3092 Hae
999 3015 1198 3118 glandulas

128 3128 161 3203 in
176 3134 397 3229 quibusdam
416 3135 574 3231 corporis
589 3133 752 3232 partibus
769 3156 973 3206 numerosae
995 3131 1197 3205 admodum

129 3254 233 3315 sunt:
257 3244 371 3318 veluti
389 3246 427 3316 in
446 3246 609 3342 inguine,
627 3244 745 3331 axilla,
763 3244 989 3320 anese-aterio.

173 3377 345 3430 ccccxii.
376 3356 476 3429 Usus
501 3356 700 3428 earundem
717 3380 847 3454 parum
864 3366 997 3429 notus:
1024 3353 1198 3426 dicuntur

131 3465 313 3561 particulas
330 3468 506 3565 quasdam
525 3467 661 3539 albidas
678 3468 781 3563 quasi
800 3466 972 3540 fabricare
988 3474 1027 3538 et
1044 3475 1197 3551 tornare,

133 3576 246 3670 quales
262 3580 300 3651 in
318 3578 490 3652 vesiculis
507 3579 625 3653 rubris
643 3579 829 3677 sanguinis
845 3580 1100 3676 reperiuntur:
1136 3575 1199 3651 sed

135 3682 192 3761 loo
205 3691 331 3765 minus
347 3704 490 3764 certum
508 3702 572 3766 est.

175 3824 364 3876 ccccxnu.
392 3804 496 3899 Saepe
513 3802 756 3875 obstruuntur
772 3801 830 3872 hae
855 3799 1038 3897 glandulae
1053 3799 1200 3897 conglo-

136 3904 226 3999 btrtre,
249 3926 289 3987 et
304 3916 344 3986 in
362 3916 553 4013 ingentem
570 3915 704 3986 molem
725 3922 883 3997 tument,
911 3912 1130 4010 plerumque
1154 3911 1200 3983 ab

139 4022 199 4093 aeri
220 4025 344 4124 aliquo
369 4027 415 4098 ad
439 4028 535 4124 ipsas
560 4025 691 4111 delato,
717 4023 904 4096 interdum
929 4024 1078 4097 fortasse
1094 4037 1132 4095 et
1156 4021 1202 4093 ab

140 4127 207 4205 aliis
221 4139 336 4210 causis
365 4139 489 4211 minus
518 4140 696 4237 cognitis3
724 4137 823 4209 utin
842 4136 1002 4219 strumis,
1026 4133 1086 4205 vel
1111 4154 1202 4204 soro·

143 4236 207 4314 fula
221 4258 263 4319 ut
279 4258 442 4333 vocatur,
459 4248 563 4346 cnjus
575 4248 693 4324 morbi
705 4249 874 4348 primaria
884 4245 945 4320 vel
958 4239 1202 4339 frequentissi-
