2678 4794
127 288 175 358 18
532 296 784 355 conaracros
1073 298 1159 356 car.
1177 298 1205 355 1.

128 501 212 555 mos
236 476 391 565 morbos,
420 473 479 549 vel
503 472 653 549 fortasse
676 471 929 549 inevitabilem
955 483 1125 565 mortem,
1154 476 1209 551 in-

131 592 317 668 duxerint

179 729 276 782 nvn.
301 701 495 800 Denique,
512 698 716 776 innumeris
732 697 884 786 casibus,
911 721 980 773 neo
995 722 1076 773 raro
1091 702 1210 777 maxi-

128 819 201 893 mia
216 811 394 915 periculis,
417 812 530 889 bomo
545 810 728 911 objicitur,
744 809 966 912 plerumque
980 811 1136 911 quidem
1153 816 1210 887 in·

128 927 282 1007 ootumis
309 948 507 1002 evasurust
545 949 641 1024 soepe
667 936 792 1001 tamen
822 924 953 999 infelix
977 925 1209 1012 succumbit:

127 1062 225 1137 saepe
241 1037 396 1128 saueius,
425 1048 611 1126 contusus,
638 1037 805 1113 membra
819 1026 955 1115 flactris
971 1048 1037 1113 aut
1052 1037 1209 1127 laxatus,

125 1175 225 1249 aegre
239 1151 389 1238 evadit;
413 1173 684 1251 nonnunquam
709 1174 855 1250 prorsus
872 1147 1089 1224 insanabilis.
1140 1150 1209 1225 Ca-

127 1285 263 1361 susque
291 1262 517 1363 hujusmodi,
544 1288 759 1363 quanquam
784 1265 943 1364 primam
966 1288 989 1337 a
1010 1286 1117 1338 eausa
1145 1287 1208 1337 ex-

126 1384 232 1451 tema
247 1376 428 1474 originem
446 1377 603 1465 trabant,
622 1376 723 1454 haud
738 1400 821 1451 raro
834 1377 874 1450 in
890 1376 1054 1451 internos
1064 1377 1208 1450 morbos

126 1485 313 1564 desinunt
562 1474 576 1493 ’
644 1490 650 1504 “
1127 1492 1131 1499 “

174 1622 292 1677 nv111.
319 1600 416 1677 Hoee
439 1600 565 1675 omnia
580 1600 825 1688 extrinsecum
855 1625 924 1676 neo
949 1603 1090 1676 minora
1107 1602 1208 1677 intus

18 1760 22 1779 ·
122 1712 284 1811 pericula
299 1714 508 1791 imminent.

177 1849 262 1905 ux.
288 1827 399 1907 Dum
423 1825 536 1925 spirat
560 1826 674 1900 homo
697 1825 832 1900 lethale
857 1826 926 1902 sibi
951 1826 1107 1928 aliisque
1135 1831 1208 1927 spi·

125 1939 293 2013 rantibus
316 1960 505 2013 venenum
529 1936 666 2013 fundit.
731 1939 869 2038 Neque
893 1938 991 2015 solus
1019 1939 1208 2039 pulmonis

124 2046 261 2123 halitus
277 2048 370 2124 adeo
386 2059 517 2124 nocet:
538 2058 665 2124 manat
680 2060 720 2125 et
734 2050 781 2125 ab
798 2052 901 2125 omni
917 2051 1012 2125 cutis
1028 2050 1208 2127 foramine

124 2162 279 2237 materia
304 2161 552 2250 subtilissima,
588 2171 781 2252 venenata,
809 2163 960 2238 sortasse
983 2174 1206 2263 putresoens,

124 2298 210 2371 qaae
226 2273 292 2350 diu
308 2273 469 2362 oolleota,
494 2296 618 2374 neque
633 2299 700 2375 per
713 2300 820 2351 auras
836 2275 981 2365 diffusa,
1004 2286 1043 2351 et
1063 2278 1208 2377 corpori

124 2385 250 2463 denuo
273 2386 433 2476 admota,
470 2398 537 2463 aut
571 2388 708 2463 iterum
743 2388 784 2462 in
811 2387 861 2463 -id
897 2388 1021 2487 ipsum
1050 2399 1206 2490 reoepta,

122 2501 348 2600 gravissimis
372 2501 509 2577 morbis
545 2501 684 2588 infieit;
723 2525 791 2577 nec
819 2501 915 2577 sistit
942 2499 1112 2600 gradum,
1142 2502 1206 2578 sed

122 2613 241 2689 veluti
266 2616 362 2689 vires
386 2639 452 2713 per
476 2613 657 2713 pabulum
675 2623 799 2702 *nacta
827 2612 938 2711 longe
962 2612 1111 2710 lateque
1140 2639 1206 2715 per

124 2726 281 2822 populos
296 2735 489 2825 grassatur.

174 2857 237 2909 Lx.
264 2836 494 2911 Fanetiones
509 2856 661 2932 quoque
677 2830 861 2918 animales,
878 2854 971 2930 quas
996 2842 1122 2909 nostro
1150 2860 1205 2910 ar·

124 2944 235 3021 bitrio
250 2945 426 3044 regimus,
450 2966 550 3042 saepe
565 2953 631 3019 aut
647 2941 901 3042 negliguntur,
923 2951 990 3018 aut
1005 2943 1117 3020 nimis
1141 2973 1205 3024 ex·

122 3064 303 3132 ementur.
364 3054 431 3130 Ex
454 3065 616 3154 utroque
651 3051 870 3152 paruum.
936 3042 1102 3146 Desidii,
1128 3061 1205 3136 sive

122 3168 239 3243 animi
267 3169 345 3243 sive
379 3167 549 3267 corporis,
585 3165 783 3263 utriusque
805 3164 901 3240 vires
935 3167 1202 3270 languescunt:

121 3281 238 3357 nimia
254 3279 528 3370 exercitatione,
552 3277 653 3353 haud
669 3276 794 3353 minus
815 3276 1014 3356 laeduntur.
1065 3283 1205 3361 Statuit

122 3395 224 3471 enim
241 3391 396 3493 provida
411 3416 535 3469 rerum
551 3390 704 3479 Parens,
721 3399 767 3465 ut
782 3389 1012 3492 singularum
1028 3396 1203 3493 partium,

122 3515 162 3581 et
186 3507 349 3583 universi
372 3505 532 3605 eorporis
556 3503 745 3602 animique
770 3504 867 3579 vires
891 3530 962 3581 usu
986 3506 1205 3583 roborentur

122 3625 162 3693 et
185 3627 387 3711 acuantn13
414 3629 453 3694 et
476 3617 566 3693 huia
588 3617 725 3692 iterum
741 3627 859 3693 oertos
874 3617 966 3693 fines
981 3620 1125 3718 posuit:
1151 3622 1204 3696 ita

80 3806 86 3819 ,
122 3742 166 3804 ut
183 3754 306 3830 neque
321 3755 437 3830 quem
447 3727 568 3806 voluit
583 3739 714 3804 natura
730 3752 819 3805 usus
831 3729 986 3829 impune
997 3732 1204 3822 omittatur,

122 3867 246 3942 neque
269 3843 367 3919 ultra
395 3842 552 3917 modum
576 3840 802 3919 intendatur.
852 3840 958 3917 Hine
980 3842 1139 3932 athletae,
1165 3854 1204 3920 et

121 3956 230 4033 otiosi
258 3965 299 4030 et
322 3954 477 4043 desides,
509 3955 646 4054 pariter
673 3953 822 4043 morbis,
853 3952 918 4027 sed
947 3952 1083 4052 singuli
1109 3957 1203 4048 auis,

122 4069 297 4145 obnoxii:
323 4068 411 4143 hino
434 4092 590 4168 quoque
614 4067 796 4141 damnum
819 4089 842 4138 a
869 4062 971 4139 nulla
995 4075 1061 4140 aut
1084 4068 1202 4144 nimia

121 4183 258 4262 mentis
275 4180 559 4257 exercitatione:
576 4178 828 4278 binaquoque
844 4174 956 4252 multi
972 4177 1201 4283 morbiqai·
