2678 4794
126 372 213 429 cur.
230 372 305 427 xx.
408 367 629 423 nnmerum
648 369 937 428 annonarum.
1000 448 1006 466 ι
1135 361 1247 450 217,

175 568 372 625 Dccxxvl.
397 546 597 623 Exhalatio
620 572 686 646 per
710 560 836 624 cutem
862 552 977 624 nimia
1001 551 1056 639 fit,
1085 553 1210 652 impri-

125 665 194 738 mis
210 673 364 762 propter
379 672 532 736 auctum
550 661 737 761 sanguinis
762 665 946 760 impetum
966 665 1212 755 (cccenxvn,

125 780 377 873 ccccnxvr'rr)
403 776 469 871 qui
486 775 571 848 alias
588 777 814 850 excretiones
831 802 977 874 parum,
1007 776 1099 851 hane
1124 803 1212 851 vero

124 888 301 974 multum,
328 886 442 961 afficit
472 888 627 983 (nccrx)
653 887 712 961 vel
736 902 887 988 propter
912 889 1068 963 solutam
1096 891 1212 989 ipsius

125 1002 216 1076 cutis
242 1024 474 1099 compagem,
500 1000 655 1099 ejusque
679 1026 764 1074 vasa
780 1013 819 1075 et
841 1001 1018 1075 foramina
1036 1001 1156 1077 laxata
1172 1015 1212 1075 et

125 1113 315 1213 patefacta,
341 1113 460 1186 veluti
476 1138 498 1187 a
514 1112 641 1199 calore,
658 1111 788 1187 balneo
805 1113 930 1199 aalide,
945 1115 1211 1190 constitutione

126 1227 283 1324 eorporis
313 1225 397 1299 laxa
426 1238 464 1299 et
493 1224 661 1310 flaccida;
688 1224 747 1298 vel
777 1226 939 1324 denique
963 1238 1114 1325 propter
1130 1252 1209 1301 san-

127 1339 283 1435 guinem
299 1338 418 1411 multo
434 1338 591 1412 humore
607 1337 712 1411 tenui
730 1337 907 1424 dilutum,
920 1359 1031 1437 quem
1052 1341 1210 1431 (mcxv,

128 1456 340 1547 nccxxvu)
358 1449 462 1524 facile
487 1450 645 1524 dimittit
661 1461 775 1547 atque
799 1449 955 1524 exhalat.
999 1451 1103 1524 Hinc
1119 1453 1212 1527 ratio

130 1560 231 1634 haud
256 1561 408 1636 obscura
432 1562 600 1636 redditur
624 1561 765 1635 sudoris
791 1564 1023 1661 quarundam
1048 1565 1228 1661 partium'

128 1672 220 1746 dum
245 1673 324 1747 aliae
348 1687 528 1760 arescunt,
566 1675 627 1747 vel
652 1675 793 1749 sudoris
823 1674 948 1772 frigidi
973 1676 1091 1772 qualis
1116 1700 1211 1774 saepc

126 1785 351 1874 observatur,
376 1787 631 1861 deficientibus
648 1813 733 1885 quae
750 1789 971 1886 sanguinem
988 1799 1141 1860 movent
1157 1789 1211 1860 vi-

125 1897 235 1985 ribus,
252 1909 291 1972 et
307 1924 393 1972 sane
411 1900 508 1973 haud
527 1900 687 1975 secundo
703 1901 838 1975 omine.
884 1960 887 1969 .

174 2032 385 2085 nccxxvrr.
403 2012 587 2087 Excessus
604 2014 821 2086 excretionis
838 2039 903 2111 per
919 2025 1043 2088 cutem
1062 2013 1129 2088 hac
1146 2038 1209 2111 po-

125 2122 306 2196 tissimum
334 2125 476 2195 ratione
500 2134 618 2211 nocet,
644 2126 745 2221 quod
771 2149 902 2223 corpus
919 2126 1122 2213 exhauriat,
1148 2127 1210 2198 de·

125 2233 255 2322 bilitet,
281 2234 410 2323 solvat,
436 2246 560 2310 cutem
578 2236 688 2323 laxet,
711 2237 977 2335 hominemque
994 2239 1153 2312 debilem
1171 2251 1210 2310 et

126 2348 343 2420 sentientem
369 2359 501 2445 praeter
526 2348 687 2435 solitum,
722 2347 895 2421 omnibus
920 2373 1052 2446 quaea
1076 2349 1210 2446 frigore

125 2461 350 2556 proveniunt
375 2459 479 2534 malis
504 2461 710 2533 obnoxium
749 2457 888 2532 reddat.
957 2461 1095 2556 Ingens
1121 2483 1209 2532 vero

127 2572 244 2672 sudor,
271 2571 454 2645 exhausto
481 2571 604 2646 subito
622 2582 659 2644 et
677 2570 798 2644 soluto
824 2595 987 2669 corpore,
1012 2594 1210 2669 syncopen,

127 2683 182 2756 vel
212 2692 372 2756 mortem
399 2685 527 2781 ipsam,
566 2683 740 2757 inducere
764 2694 895 2781 potest.
964 2683 1082 2757 Haud
1106 2682 1210 2756 facile

128 2818 213 2868 vero
230 2797 482 2870 ostenduntur
497 2796 668 2894 exempla
685 2797 872 2895 sanguinis
902 2797 970 2870 hoc
988 2796 1097 2870 modo
1122 2797 1210 2893 spis-

127 2910 202 2995 sati,
219 2909 394 3006 corrupti,
413 2908 684 3006 hominumque
701 2910 784 2982 ideo
800 2910 846 2983 ad
861 2908 987 2995 febres
1005 2909 1209 2983 inflamma-

127 3020 251 3106 tiones,
271 3024 334 3093 διε.
352 3021 568 3118 proclivium
587 3022 778 3096 factorum.

175 3149 396 3206 nccxxvnn
417 3135 554 3231 Ingens
565 3135 785 3233 quibusdam
800 3135 1013 3209 hominibus
1032 3135 1143 3207 sudor
1160 3132 1209 3205 fa-

127 3243 285 3330 miliaris,
302 3246 443 3342 vixque
463 3248 649 3320 morbosus
664 3248 862 3334 habendus
881 3272 1004 3344 neque
1016 3248 1093 3317 sine
1105 3246 1210 3341 gravi

127 3378 222 3452 saepe
245 3367 282 3430 et
317 3358 482 3462 instante·
503 3358 665 3455 periculo
703 3360 967 3458 reprimendus.
1030 3357 1209 3453 Copiosus

124 3489 274 3565 quoque
303 3468 415 3543 sudor
432 3470 569 3542 multos
587 3472 743 3558 morboS,
769 3472 967 3570 praesertim
987 3470 1115 3555 febres,
1141 3468 1208 3541 sol-

124 3580 196 3653 vit:
224 3581 432 3655 multorum
449 3608 537 3656 vero
556 3584 702 3681 signum
732 3597 771 3658 et
786 3609 868 3682 pars
886 3592 1034 3658 tantum
1052 3592 1118 3669 est,
1144 3584 1209 3654 sci-

124 3688 206 3766 licet
221 3694 290 3790 qui
307 3717 430 3791 neque
449 3694 566 3769 solvat
582 3697 766 3781 morbum,
792 3719 913 3793 neque
938 3696 1015 3769 ullo
1042 3695 1151 3767 modo
1168 3694 1207 3765 in

128 3803 413 3891 salutemdare,
439 3807 513 3892 sed,
543 3807 732 3880 exhaustis
760 3808 918 3905 corporis
935 3808 1085 3892 viribus,
1111 3830 1209 3903 aegro

128 3918 245 4009 potius
264 3928 404 3990 noceat.
456 3918 540 3991 Sola
557 3919 783 4017 experientia
800 3919 918 4006 docet,
943 3919 1098 4018 singulis
1117 3941 1209 3989 mor-

130 4024 252 4102 borum
273 4032 312 4102 in
330 4032 519 4128 exemplis
550 4032 669 4105 bonus
686 4055 732 4103 an
751 4031 869 4104 malus
886 4032 997 4106 suerit
1015 4031 1126 4104 sudor
1143 4028 1209 4123 qui

132 4142 303 4215 acciderit.
370 4143 468 4215 Scire
493 4152 619 4215 tamen
639 4142 751 4240 juvat
775 4168 863 4217 eum
888 4143 1110 4241 plerumque
1134 4160 1210 4209 nou

134 4246 292 4328 inutilem
319 4277 406 4342 esse,
432 4255 497 4351 qui
522 4255 701 4354 generalis
726 4265 792 4343 est,
817 4255 885 4353 qui
901 4254 948 4328 ad
964 4253 1075 4350 pedes
1093 4270 1211 4344 usque

1048 4522 1057 4555 b
