<?xml version="1.0" encoding="UTF-8"?>
<!DOCTYPE html PUBLIC "-//W3C//DTD XHTML 1.0 Transitional//EN"
    "http://www.w3.org/TR/xhtml1/DTD/xhtml1-transitional.dtd">
<html xmlns="http://www.w3.org/1999/xhtml" xml:lang="en" lang="en">
 <head>
  <title>
</title>
<meta http-equiv="Content-Type" content="text/html;charset=utf-8" />
  <meta name='ocr-system' content='tesseract 3.04.00' />
  <meta name='ocr-capabilities' content='ocr_page ocr_carea ocr_par ocr_line ocrx_word'/>
</head>
<body>
  <div class='ocr_page' id='page_1' title='image "./conspectusmedic01greggoog_0365.png"; bbox 0 0 2678 4794; ppageno 0'>
   <div class='ocr_carea' id='block_1_1' title="bbox 133 368 1202 437">
    <p class='ocr_par' dir='ltr' id='par_1_1' title="bbox 133 368 1202 437">
     <span class='ocr_line' id='line_1_1' title="bbox 133 368 1202 437; baseline -0.006 -1"><span class='ocrx_word' id='word_1_1' title='bbox 133 368 206 437; x_wconf 70' lang='lat'><strong>314</strong></span> <span class='ocrx_word' id='word_1_2' title='bbox 391 395 395 403; x_wconf 91' lang='lat'><strong>·</strong></span> <span class='ocrx_word' id='word_1_3' title='bbox 524 378 774 437; x_wconf 77' lang='lat' dir='ltr'><strong>cousrncrus</strong></span> <span class='ocrx_word' id='word_1_4' title='bbox 1005 378 1091 435; x_wconf 72' lang='lat' dir='ltr'><strong>eur.</strong></span> <span class='ocrx_word' id='word_1_5' title='bbox 1108 374 1202 434; x_wconf 72' lang='lat' dir='ltr'><strong>uxr.</strong></span> 
     </span>
    </p>
   </div>
   <div class='ocr_carea' id='block_1_2' title="bbox 119 550 1209 4349">
    <p class='ocr_par' dir='ltr' id='par_1_2' title="bbox 122 550 1209 3110">
     <span class='ocr_line' id='line_1_2' title="bbox 132 550 1205 657; baseline -0.004 -25"><span class='ocrx_word' id='word_1_6' title='bbox 132 558 285 656; x_wconf 90' lang='lat' dir='ltr'><strong>potione</strong></span> <span class='ocrx_word' id='word_1_7' title='bbox 299 556 480 657; x_wconf 84' lang='lat' dir='ltr'><strong>expectari</strong></span> <span class='ocrx_word' id='word_1_8' title='bbox 496 555 682 652; x_wconf 90' lang='lat' dir='ltr'><strong>potuisset,</strong></span> <span class='ocrx_word' id='word_1_9' title='bbox 711 550 999 651; x_wconf 88' lang='lat' dir='ltr'><strong>permittuntur;</strong></span> <span class='ocrx_word' id='word_1_10' title='bbox 1024 577 1122 653; x_wconf 90' lang='lat' dir='ltr'><strong>aqua</strong></span> <span class='ocrx_word' id='word_1_11' title='bbox 1138 551 1205 627; x_wconf 89' lang='lat' dir='ltr'><strong>sci·</strong></span> 
     </span>
     <span class='ocr_line' id='line_1_3' title="bbox 131 663 1208 770; baseline -0.006 -26"><span class='ocrx_word' id='word_1_12' title='bbox 131 667 220 745; x_wconf 85' lang='lat' dir='ltr'><strong>licet</strong></span> <span class='ocrx_word' id='word_1_13' title='bbox 241 695 332 770; x_wconf 90' lang='lat' dir='ltr'><strong>pura</strong></span> <span class='ocrx_word' id='word_1_14' title='bbox 353 677 393 743; x_wconf 89' lang='lat' dir='ltr'><strong>et</strong></span> <span class='ocrx_word' id='word_1_15' title='bbox 415 663 545 764; x_wconf 82' lang='lat' dir='ltr'><strong>gelida,</strong></span> <span class='ocrx_word' id='word_1_16' title='bbox 574 665 634 738; x_wconf 90' lang='lat' dir='ltr'><strong>vel</strong></span> <span class='ocrx_word' id='word_1_17' title='bbox 658 688 743 762; x_wconf 84' lang='lat' dir='ltr'><strong>quoe</strong></span> <span class='ocrx_word' id='word_1_18' title='bbox 766 687 876 761; x_wconf 91' lang='lat' dir='ltr'><strong>super</strong></span> <span class='ocrx_word' id='word_1_19' title='bbox 900 686 1031 762; x_wconf 92' lang='lat' dir='ltr'><strong>panem</strong></span> <span class='ocrx_word' id='word_1_20' title='bbox 1058 677 1208 739; x_wconf 89' lang='lat' dir='ltr'><strong>tostum</strong></span> 
     </span>
     <span class='ocr_line' id='line_1_4' title="bbox 130 775 1209 875; baseline -0.01 -17"><span class='ocrx_word' id='word_1_21' title='bbox 130 781 250 858; x_wconf 84' lang='lat' dir='ltr'><strong>infusa</strong></span> <span class='ocrx_word' id='word_1_22' title='bbox 273 789 337 866; x_wconf 88' lang='lat' dir='ltr'><strong>est,</strong></span> <span class='ocrx_word' id='word_1_23' title='bbox 375 777 434 852; x_wconf 89' lang='lat' dir='ltr'><strong>vel</strong></span> <span class='ocrx_word' id='word_1_24' title='bbox 466 777 528 850; x_wconf 90' lang='lat' dir='ltr'><strong>cui</strong></span> <span class='ocrx_word' id='word_1_25' title='bbox 551 776 745 875; x_wconf 86' lang='lat' dir='ltr'><strong>paululum</strong></span> <span class='ocrx_word' id='word_1_26' title='bbox 772 776 850 849; x_wconf 89' lang='lat' dir='ltr'><strong>vini</strong></span> <span class='ocrx_word' id='word_1_27' title='bbox 872 785 937 850; x_wconf 86' lang='lat' dir='ltr'><strong>aut</strong></span> <span class='ocrx_word' id='word_1_28' title='bbox 970 775 1067 849; x_wconf 91' lang='lat' dir='ltr'><strong>succi</strong></span> <span class='ocrx_word' id='word_1_29' title='bbox 1095 775 1209 848; x_wconf 87' lang='lat' dir='ltr'><strong>citrei</strong></span> 
     </span>
     <span class='ocr_line' id='line_1_5' title="bbox 130 884 1209 982; baseline -0.01 -14"><span class='ocrx_word' id='word_1_30' title='bbox 130 894 282 967; x_wconf 89' lang='lat' dir='ltr'><strong>mistum</strong></span> <span class='ocrx_word' id='word_1_31' title='bbox 298 897 364 975; x_wconf 88' lang='lat' dir='ltr'><strong>est,</strong></span> <span class='ocrx_word' id='word_1_32' title='bbox 381 887 441 962; x_wconf 90' lang='lat' dir='ltr'><strong>vel</strong></span> <span class='ocrx_word' id='word_1_33' title='bbox 456 889 627 962; x_wconf 85' lang='lat' dir='ltr'>cerevisia</span> <span class='ocrx_word' id='word_1_34' title='bbox 642 897 766 961; x_wconf 86' lang='lat' dir='ltr'><strong>nostra</strong></span> <span class='ocrx_word' id='word_1_35' title='bbox 781 885 913 972; x_wconf 88' lang='lat' dir='ltr'><strong>tenuis,</strong></span> <span class='ocrx_word' id='word_1_36' title='bbox 929 884 987 958; x_wconf 89' lang='lat' dir='ltr'><strong>vel</strong></span> <span class='ocrx_word' id='word_1_37' title='bbox 1003 884 1124 982; x_wconf 90' lang='lat' dir='ltr'><strong>liquor</strong></span> <span class='ocrx_word' id='word_1_38' title='bbox 1136 884 1209 958; x_wconf 90' lang='lat' dir='ltr'><strong>ille</strong></span> 
     </span>
     <span class='ocr_line' id='line_1_6' title="bbox 130 997 1209 1102; baseline -0.006 -25"><span class='ocrx_word' id='word_1_39' title='bbox 130 1027 242 1102; x_wconf 90' lang='lat' dir='ltr'><strong>quem</strong></span> <span class='ocrx_word' id='word_1_40' title='bbox 258 999 376 1076; x_wconf 79' lang='lat' dir='ltr'><strong>Russr‘</strong></span> <span class='ocrx_word' id='word_1_41' title='bbox 404 1010 582 1098; x_wconf 85' lang='lat' dir='ltr'><strong>coquunt,</strong></span> <span class='ocrx_word' id='word_1_42' title='bbox 609 1012 650 1075; x_wconf 90' lang='lat' dir='ltr'><strong>et</strong></span> <span class='ocrx_word' id='word_1_43' title='bbox 667 1000 776 1091; x_wconf 74' lang='lat' dir='ltr'><strong>Quor</strong></span> <span class='ocrx_word' id='word_1_44' title='bbox 792 1006 934 1084; x_wconf 88' lang='lat' dir='ltr'><strong>vocant,</strong></span> <span class='ocrx_word' id='word_1_45' title='bbox 958 998 1081 1070; x_wconf 88' lang='lat' dir='ltr'><strong>omnia</strong></span> <span class='ocrx_word' id='word_1_46' title='bbox 1103 997 1209 1071; x_wconf 86' lang='lat' dir='ltr'><strong>bona</strong></span> 
     </span>
     <span class='ocr_line' id='line_1_7' title="bbox 128 1108 1207 1211; baseline -0.007 -21"><span class='ocrx_word' id='word_1_47' title='bbox 128 1122 216 1190; x_wconf 85' lang='lat' dir='ltr'><strong>sunt</strong></span> <span class='ocrx_word' id='word_1_48' title='bbox 241 1123 367 1186; x_wconf 87' lang='lat' dir='ltr'><strong>contra</strong></span> <span class='ocrx_word' id='word_1_49' title='bbox 393 1113 560 1201; x_wconf 86' lang='lat' dir='ltr'><strong>calorem,</strong></span> <span class='ocrx_word' id='word_1_50' title='bbox 589 1113 701 1201; x_wconf 92' lang='lat' dir='ltr'><strong>sitim,</strong></span> <span class='ocrx_word' id='word_1_51' title='bbox 729 1109 974 1211; x_wconf 86' lang='lat' dir='ltr'>putredinem,</span> <span class='ocrx_word' id='word_1_52' title='bbox 1001 1108 1073 1181; x_wconf 92' lang='lat' dir='ltr'><strong>alvi</strong></span> <span class='ocrx_word' id='word_1_53' title='bbox 1102 1108 1207 1182; x_wconf 89' lang='lat' dir='ltr'><strong>duri·</strong></span> 
     </span>
     <span class='ocr_line' id='line_1_8' title="bbox 128 1219 1208 1325; baseline -0.005 -26"><span class='ocrx_word' id='word_1_54' title='bbox 128 1225 228 1310; x_wconf 87' lang='lat' dir='ltr'><strong>tiem,</strong></span> <span class='ocrx_word' id='word_1_55' title='bbox 244 1222 485 1313; x_wconf 73' lang='lat' dir='ltr'><strong>debilitatem,</strong></span> <span class='ocrx_word' id='word_1_56' title='bbox 501 1235 707 1325; x_wconf 88' lang='lat' dir='ltr'><strong>cunctaque</strong></span> <span class='ocrx_word' id='word_1_57' title='bbox 723 1225 874 1299; x_wconf 90' lang='lat' dir='ltr'><strong>demum</strong></span> <span class='ocrx_word' id='word_1_58' title='bbox 885 1220 993 1295; x_wconf 85' lang='lat' dir='ltr'><strong>febris</strong></span> <span class='ocrx_word' id='word_1_59' title='bbox 1010 1219 1208 1317; x_wconf 73' lang='lat' dir='ltr'><strong>peculiaria</strong></span> 
     </span>
     <span class='ocr_line' id='line_1_9' title="bbox 124 1334 1205 1437; baseline -0.001 -29"><span class='ocrx_word' id='word_1_60' title='bbox 124 1334 286 1428; x_wconf 88' lang='lat' dir='ltr'><strong>indicia;</strong></span> <span class='ocrx_word' id='word_1_61' title='bbox 316 1337 387 1413; x_wconf 90' lang='lat' dir='ltr'><strong>nisi</strong></span> <span class='ocrx_word' id='word_1_62' title='bbox 404 1337 498 1412; x_wconf 86' lang='lat' dir='ltr'><strong>forte</strong></span> <span class='ocrx_word' id='word_1_63' title='bbox 513 1338 703 1437; x_wconf 82' lang='lat' dir='ltr'><strong>siquando,</strong></span> <span class='ocrx_word' id='word_1_64' title='bbox 731 1346 880 1436; x_wconf 87' lang='lat' dir='ltr'><strong>propter</strong></span> <span class='ocrx_word' id='word_1_65' title='bbox 901 1356 1043 1407; x_wconf 82' lang='lat' dir='ltr'>acorem</span> <span class='ocrx_word' id='word_1_66' title='bbox 1059 1334 1099 1406; x_wconf 93' lang='lat' dir='ltr'><strong>in</strong></span> <span class='ocrx_word' id='word_1_67' title='bbox 1116 1354 1205 1407; x_wconf 88' lang='lat' dir='ltr'><strong>ven·</strong></span> 
     </span>
     <span class='ocr_line' id='line_1_10' title="bbox 126 1444 1204 1540; baseline -0.003 -19"><span class='ocrx_word' id='word_1_68' title='bbox 126 1448 271 1540; x_wconf 91' lang='lat' dir='ltr'><strong>triculo,</strong></span> <span class='ocrx_word' id='word_1_69' title='bbox 296 1460 363 1526; x_wconf 89' lang='lat' dir='ltr'><strong>aut</strong></span> <span class='ocrx_word' id='word_1_70' title='bbox 377 1450 451 1526; x_wconf 88' lang='lat' dir='ltr'><strong>alvi</strong></span> <span class='ocrx_word' id='word_1_71' title='bbox 467 1449 614 1525; x_wconf 86' lang='lat' dir='ltr'><strong>fluxum</strong></span> <span class='ocrx_word' id='word_1_72' title='bbox 630 1449 900 1533; x_wconf 89' lang='lat' dir='ltr'><strong>vehementem,</strong></span> <span class='ocrx_word' id='word_1_73' title='bbox 917 1444 1030 1519; x_wconf 87' lang='lat' dir='ltr'><strong>acida</strong></span> <span class='ocrx_word' id='word_1_74' title='bbox 1055 1455 1094 1519; x_wconf 88' lang='lat' dir='ltr'><strong>ct</strong></span> <span class='ocrx_word' id='word_1_75' title='bbox 1109 1467 1204 1518; x_wconf 85' lang='lat' dir='ltr'><strong>aces-</strong></span> 
     </span>
     <span class='ocr_line' id='line_1_11' title="bbox 124 1557 1205 1660; baseline -0.004 -25"><span class='ocrx_word' id='word_1_76' title='bbox 124 1562 256 1650; x_wconf 79' lang='lat' dir='ltr'><strong>centis,</strong></span> <span class='ocrx_word' id='word_1_77' title='bbox 283 1562 406 1660; x_wconf 88' lang='lat' dir='ltr'><strong>qualia</strong></span> <span class='ocrx_word' id='word_1_78' title='bbox 433 1574 520 1637; x_wconf 90' lang='lat' dir='ltr'><strong>sunt</strong></span> <span class='ocrx_word' id='word_1_79' title='bbox 536 1564 666 1638; x_wconf 90' lang='lat' dir='ltr'><strong>vinum</strong></span> <span class='ocrx_word' id='word_1_80' title='bbox 696 1563 872 1647; x_wconf 84' lang='lat' dir='ltr'><strong>mixtum,</strong></span> <span class='ocrx_word' id='word_1_81' title='bbox 901 1569 939 1633; x_wconf 88' lang='lat' dir='ltr'><strong>et</strong></span> <span class='ocrx_word' id='word_1_82' title='bbox 956 1557 1136 1642; x_wconf 78' lang='lat' dir='ltr'><strong>cerevisia,</strong></span> <span class='ocrx_word' id='word_1_83' title='bbox 1165 1566 1205 1632; x_wconf 87' lang='lat' dir='ltr'><strong>et</strong></span> 
     </span>
     <span class='ocr_line' id='line_1_12' title="bbox 125 1667 1203 1773; baseline -0.005 -27"><span class='ocrx_word' id='word_1_84' title='bbox 125 1696 254 1749; x_wconf 89' lang='lat' dir='ltr'><strong>omnes</strong></span> <span class='ocrx_word' id='word_1_85' title='bbox 270 1673 430 1773; x_wconf 85' lang='lat' dir='ltr'><strong>liquores</strong></span> <span class='ocrx_word' id='word_1_86' title='bbox 446 1673 665 1761; x_wconf 86' lang='lat' dir='ltr'><strong>fermentati,</strong></span> <span class='ocrx_word' id='word_1_87' title='bbox 682 1675 806 1747; x_wconf 91' lang='lat' dir='ltr'><strong>minus</strong></span> <span class='ocrx_word' id='word_1_88' title='bbox 822 1669 1059 1746; x_wconf 77' lang='lat' dir='ltr'><strong>conveniunt</strong></span> <span class='ocrx_word' id='word_1_89' title='bbox 1100 1667 1203 1743; x_wconf 84' lang='lat' dir='ltr'><strong>Tum</strong></span> 
     </span>
     <span class='ocr_line' id='line_1_13' title="bbox 125 1783 1201 1885; baseline -0.001 -28"><span class='ocrx_word' id='word_1_90' title='bbox 125 1783 205 1859; x_wconf 90' lang='lat' dir='ltr'><strong>aliis</strong></span> <span class='ocrx_word' id='word_1_91' title='bbox 215 1784 295 1883; x_wconf 87' lang='lat' dir='ltr'><strong>jam</strong></span> <span class='ocrx_word' id='word_1_92' title='bbox 312 1786 419 1861; x_wconf 91' lang='lat' dir='ltr'><strong>dictis</strong></span> <span class='ocrx_word' id='word_1_93' title='bbox 435 1786 656 1885; x_wconf 87' lang='lat' dir='ltr'><strong>potionibus,</strong></span> <span class='ocrx_word' id='word_1_94' title='bbox 672 1795 739 1860; x_wconf 87' lang='lat' dir='ltr'><strong>aut</strong></span> <span class='ocrx_word' id='word_1_95' title='bbox 755 1786 905 1859; x_wconf 90' lang='lat' dir='ltr'><strong>decocto</strong></span> <span class='ocrx_word' id='word_1_96' title='bbox 921 1806 1111 1871; x_wconf 85' lang='lat' dir='ltr'><strong>avenaceo,</strong></span> <span class='ocrx_word' id='word_1_97' title='bbox 1134 1790 1201 1857; x_wconf 89' lang='lat' dir='ltr'><strong>aut</strong></span> 
     </span>
     <span class='ocr_line' id='line_1_14' title="bbox 125 1891 1202 1997; baseline -0.001 -28"><span class='ocrx_word' id='word_1_98' title='bbox 125 1894 333 1986; x_wconf 86' lang='lat' dir='ltr'><strong>hordeaceo,</strong></span> <span class='ocrx_word' id='word_1_99' title='bbox 358 1922 443 1997; x_wconf 84' lang='lat' dir='ltr'><strong>quae</strong></span> <span class='ocrx_word' id='word_1_100' title='bbox 471 1896 641 1973; x_wconf 89' lang='lat' dir='ltr'><strong>nonnulli</strong></span> <span class='ocrx_word' id='word_1_101' title='bbox 655 1896 744 1996; x_wconf 81' lang='lat' dir='ltr'><strong>aegri</strong></span> <span class='ocrx_word' id='word_1_102' title='bbox 772 1905 898 1971; x_wconf 84' lang='lat' dir='ltr'><strong>amant</strong></span> <span class='ocrx_word' id='word_1_103' title='bbox 914 1895 1032 1994; x_wconf 85' lang='lat' dir='ltr'><strong>magis</strong></span> <span class='ocrx_word' id='word_1_104' title='bbox 1047 1903 1087 1969; x_wconf 90' lang='lat' dir='ltr'><strong>et</strong></span> <span class='ocrx_word' id='word_1_105' title='bbox 1103 1891 1202 1969; x_wconf 85' lang='lat' dir='ltr'><strong>ultro</strong></span> 
     </span>
     <span class='ocr_line' id='line_1_15' title="bbox 124 2008 1200 2108; baseline -0.003 -26"><span class='ocrx_word' id='word_1_106' title='bbox 124 2016 270 2106; x_wconf 80' lang='lat' dir='ltr'><strong>petunt,</strong></span> <span class='ocrx_word' id='word_1_107' title='bbox 298 2010 355 2084; x_wconf 88' lang='lat' dir='ltr'><strong>uti</strong></span> <span class='ocrx_word' id='word_1_108' title='bbox 371 2019 526 2108; x_wconf 78' lang='lat' dir='ltr'><strong>oportet.</strong></span> <span class='ocrx_word' id='word_1_109' title='bbox 576 2008 858 2083; x_wconf 87' lang='lat' dir='ltr'><strong>Observandum</strong></span> <span class='ocrx_word' id='word_1_110' title='bbox 875 2029 1026 2105; x_wconf 90' lang='lat' dir='ltr'><strong>quoque</strong></span> <span class='ocrx_word' id='word_1_111' title='bbox 1042 2015 1108 2093; x_wconf 82' lang='lat' dir='ltr'><strong>eat,</strong></span> <span class='ocrx_word' id='word_1_112' title='bbox 1135 2028 1200 2103; x_wconf 89' lang='lat' dir='ltr'><strong>po-</strong></span> 
     </span>
     <span class='ocr_line' id='line_1_16' title="bbox 124 2118 1201 2218; baseline -0.001 -26"><span class='ocrx_word' id='word_1_113' title='bbox 124 2128 186 2192; x_wconf 87' lang='lat' dir='ltr'><strong>tus</strong></span> <span class='ocrx_word' id='word_1_114' title='bbox 202 2128 332 2194; x_wconf 88' lang='lat' dir='ltr'><strong>tenues</strong></span> <span class='ocrx_word' id='word_1_115' title='bbox 349 2119 594 2208; x_wconf 86' lang='lat' dir='ltr'><strong>fermentatos,</strong></span> <span class='ocrx_word' id='word_1_116' title='bbox 620 2120 679 2194; x_wconf 90' lang='lat' dir='ltr'><strong>vel</strong></span> <span class='ocrx_word' id='word_1_117' title='bbox 696 2120 774 2194; x_wconf 90' lang='lat' dir='ltr'><strong>vini</strong></span> <span class='ocrx_word' id='word_1_118' title='bbox 791 2118 985 2218; x_wconf 88' lang='lat' dir='ltr'><strong>paululum</strong></span> <span class='ocrx_word' id='word_1_119' title='bbox 1002 2141 1088 2192; x_wconf 86' lang='lat' dir='ltr'><strong>oum</strong></span> <span class='ocrx_word' id='word_1_120' title='bbox 1103 2140 1201 2215; x_wconf 89' lang='lat' dir='ltr'><strong>aqua</strong></span> 
     </span>
     <span class='ocr_line' id='line_1_17' title="bbox 125 2222 1200 2330; baseline -0.005 -24"><span class='ocrx_word' id='word_1_121' title='bbox 125 2222 292 2319; x_wconf 89' lang='lat' dir='ltr'><strong>mistum,</strong></span> <span class='ocrx_word' id='word_1_122' title='bbox 327 2231 387 2306; x_wconf 91' lang='lat' dir='ltr'><strong>vel</strong></span> <span class='ocrx_word' id='word_1_123' title='bbox 423 2234 572 2307; x_wconf 89' lang='lat' dir='ltr'><strong>demum</strong></span> <span class='ocrx_word' id='word_1_124' title='bbox 599 2254 868 2330; x_wconf 90' lang='lat' dir='ltr'><strong>nonnunquam</strong></span> <span class='ocrx_word' id='word_1_125' title='bbox 892 2229 1066 2328; x_wconf 86' lang='lat' dir='ltr'><strong>cyathum</strong></span> <span class='ocrx_word' id='word_1_126' title='bbox 1093 2227 1200 2315; x_wconf 86' lang='lat' dir='ltr'><strong>meri,</strong></span> 
     </span>
     <span class='ocr_line' id='line_1_18' title="bbox 125 2339 1202 2442; baseline -0.005 -23"><span class='ocrx_word' id='word_1_127' title='bbox 125 2343 232 2442; x_wconf 81' lang='lat' dir='ltr'><strong>aegris</strong></span> <span class='ocrx_word' id='word_1_128' title='bbox 249 2344 406 2442; x_wconf 85' lang='lat' dir='ltr'><strong>gratiora</strong></span> <span class='ocrx_word' id='word_1_129' title='bbox 422 2368 509 2433; x_wconf 89' lang='lat' dir='ltr'><strong>esse,</strong></span> <span class='ocrx_word' id='word_1_130' title='bbox 537 2355 577 2417; x_wconf 93' lang='lat' dir='ltr'><strong>et</strong></span> <span class='ocrx_word' id='word_1_131' title='bbox 593 2345 691 2420; x_wconf 91' lang='lat' dir='ltr'><strong>sitim</strong></span> <span class='ocrx_word' id='word_1_132' title='bbox 708 2344 840 2419; x_wconf 90' lang='lat' dir='ltr'><strong>melius</strong></span> <span class='ocrx_word' id='word_1_133' title='bbox 854 2352 894 2418; x_wconf 90' lang='lat' dir='ltr'><strong>et</strong></span> <span class='ocrx_word' id='word_1_134' title='bbox 922 2344 1056 2416; x_wconf 89' lang='lat' dir='ltr'><strong>certius</strong></span> <span class='ocrx_word' id='word_1_135' title='bbox 1070 2339 1202 2415; x_wconf 83' lang='lat' dir='ltr'><strong>restin-</strong></span> 
     </span>
     <span class='ocr_line' id='line_1_19' title="bbox 125 2456 1201 2558; baseline -0.002 -29"><span class='ocrx_word' id='word_1_136' title='bbox 125 2478 251 2553; x_wconf 81' lang='lat' dir='ltr'><strong>guere,</strong></span> <span class='ocrx_word' id='word_1_137' title='bbox 267 2480 381 2554; x_wconf 89' lang='lat' dir='ltr'><strong>quam</strong></span> <span class='ocrx_word' id='word_1_138' title='bbox 399 2456 495 2532; x_wconf 88' lang='lat' dir='ltr'><strong>ullus</strong></span> <span class='ocrx_word' id='word_1_139' title='bbox 507 2468 617 2556; x_wconf 90' lang='lat' dir='ltr'><strong>potus</strong></span> <span class='ocrx_word' id='word_1_140' title='bbox 627 2482 805 2558; x_wconf 88' lang='lat' dir='ltr'><strong>aquosus;</strong></span> <span class='ocrx_word' id='word_1_141' title='bbox 831 2456 1020 2543; x_wconf 89' lang='lat' dir='ltr'><strong>nimirum,</strong></span> <span class='ocrx_word' id='word_1_142' title='bbox 1037 2478 1124 2552; x_wconf 82' lang='lat' dir='ltr'><strong>quae</strong></span> <span class='ocrx_word' id='word_1_143' title='bbox 1132 2476 1201 2553; x_wconf 90' lang='lat' dir='ltr'><strong>pu·</strong></span> 
     </span>
     <span class='ocr_line' id='line_1_20' title="bbox 126 2567 1201 2665; baseline 0 -26"><span class='ocrx_word' id='word_1_144' title='bbox 126 2567 261 2641; x_wconf 88' lang='lat' dir='ltr'><strong>tredini</strong></span> <span class='ocrx_word' id='word_1_145' title='bbox 287 2568 431 2643; x_wconf 86' lang='lat' dir='ltr'><strong>fortiter</strong></span> <span class='ocrx_word' id='word_1_146' title='bbox 454 2583 662 2660; x_wconf 87' lang='lat' dir='ltr'><strong>occurrunt,</strong></span> <span class='ocrx_word' id='word_1_147' title='bbox 689 2580 729 2645; x_wconf 91' lang='lat' dir='ltr'><strong>et</strong></span> <span class='ocrx_word' id='word_1_148' title='bbox 745 2570 838 2644; x_wconf 87' lang='lat' dir='ltr'><strong>vires</strong></span> <span class='ocrx_word' id='word_1_149' title='bbox 864 2567 1054 2652; x_wconf 86' lang='lat' dir='ltr'><strong>reficiunt;</strong></span> <span class='ocrx_word' id='word_1_150' title='bbox 1080 2586 1201 2665; x_wconf 85' lang='lat' dir='ltr'><strong>neque</strong></span> 
     </span>
     <span class='ocr_line' id='line_1_21' title="bbox 125 2678 1199 2782; baseline 0.002 -31"><span class='ocrx_word' id='word_1_151' title='bbox 125 2678 258 2754; x_wconf 90' lang='lat' dir='ltr'><strong>vinum</strong></span> <span class='ocrx_word' id='word_1_152' title='bbox 283 2704 427 2780; x_wconf 87' lang='lat' dir='ltr'><strong>semper</strong></span> <span class='ocrx_word' id='word_1_153' title='bbox 450 2681 641 2757; x_wconf 83' lang='lat' dir='ltr'><strong>calefacere</strong></span> <span class='ocrx_word' id='word_1_154' title='bbox 664 2707 805 2782; x_wconf 91' lang='lat' dir='ltr'><strong>corpus,</strong></span> <span class='ocrx_word' id='word_1_155' title='bbox 840 2680 901 2756; x_wconf 90' lang='lat' dir='ltr'><strong>sed</strong></span> <span class='ocrx_word' id='word_1_156' title='bbox 926 2697 1199 2777; x_wconf 81' lang='lat' dir='ltr'><strong>nonnunquam</strong></span> 
     </span>
     <span class='ocr_line' id='line_1_22' title="bbox 126 2785 1201 2892; baseline 0.007 -34"><span class='ocrx_word' id='word_1_157' title='bbox 126 2785 234 2883; x_wconf 90' lang='lat' dir='ltr'><strong>plane</strong></span> <span class='ocrx_word' id='word_1_158' title='bbox 261 2791 492 2890; x_wconf 84' lang='lat' dir='ltr'><strong>refrigerare3</strong></span> <span class='ocrx_word' id='word_1_159' title='bbox 518 2816 650 2892; x_wconf 89' lang='lat' dir='ltr'><strong>neque,</strong></span> <span class='ocrx_word' id='word_1_160' title='bbox 674 2795 838 2880; x_wconf 87' lang='lat' dir='ltr'><strong>demum,</strong></span> <span class='ocrx_word' id='word_1_161' title='bbox 865 2801 975 2891; x_wconf 90' lang='lat' dir='ltr'><strong>potus</strong></span> <span class='ocrx_word' id='word_1_162' title='bbox 998 2797 1201 2867; x_wconf 74' lang='lat' dir='ltr'><strong>aoeroenta</strong></span> 
     </span>
     <span class='ocr_line' id='line_1_23' title="bbox 122 2893 1203 3003; baseline 0.007 -34"><span class='ocrx_word' id='word_1_163' title='bbox 122 2893 199 2969; x_wconf 83' lang='lat' dir='ltr'><strong>alvi</strong></span> <span class='ocrx_word' id='word_1_164' title='bbox 221 2897 367 2974; x_wconf 89' lang='lat' dir='ltr'><strong>fluxum</strong></span> <span class='ocrx_word' id='word_1_165' title='bbox 392 2925 536 3001; x_wconf 85' lang='lat' dir='ltr'><strong>semper</strong></span> <span class='ocrx_word' id='word_1_166' title='bbox 560 2927 704 3003; x_wconf 81' lang='lat' dir='ltr'><strong>augere,</strong></span> <span class='ocrx_word' id='word_1_167' title='bbox 728 2904 792 2979; x_wconf 91' lang='lat' dir='ltr'><strong>sed</strong></span> <span class='ocrx_word' id='word_1_168' title='bbox 817 2903 975 2988; x_wconf 85' lang='lat' dir='ltr'><strong>eundem</strong></span> <span class='ocrx_word' id='word_1_169' title='bbox 997 2901 1102 2978; x_wconf 87' lang='lat' dir='ltr'><strong>haud</strong></span> <span class='ocrx_word' id='word_1_170' title='bbox 1124 2924 1203 2977; x_wconf 78' lang='lat' dir='ltr'><strong>mro</strong></span> 
     </span>
     <span class='ocr_line' id='line_1_24' title="bbox 124 3010 562 3110; baseline 0.007 -27"><span class='ocrx_word' id='word_1_171' title='bbox 124 3010 321 3108; x_wconf 87' lang='lat' dir='ltr'><strong>reprimere</strong></span> <span class='ocrx_word' id='word_1_172' title='bbox 338 3011 562 3110; x_wconf 86' lang='lat' dir='ltr'><strong>(nccccxc).</strong></span> 
     </span>
    </p>

    <p class='ocr_par' dir='ltr' id='par_1_3' title="bbox 119 3121 1202 4349">
     <span class='ocr_line' id='line_1_25' title="bbox 173 3121 1202 3228; baseline 0.005 -32"><span class='ocrx_word' id='word_1_173' title='bbox 173 3143 218 3196; x_wconf 78' lang='grc' dir='ltr'><strong>Μ.</strong></span> <span class='ocrx_word' id='word_1_174' title='bbox 244 3121 421 3220; x_wconf 88' lang='lat' dir='ltr'><strong>Denique</strong></span> <span class='ocrx_word' id='word_1_175' title='bbox 457 3133 569 3223; x_wconf 84' lang='lat' dir='ltr'><strong>potus</strong></span> <span class='ocrx_word' id='word_1_176' title='bbox 593 3124 877 3205; x_wconf 85' lang='lat' dir='ltr'><strong>febricitantium</strong></span> <span class='ocrx_word' id='word_1_177' title='bbox 913 3127 1117 3228; x_wconf 88' lang='lat' dir='ltr'><strong>plurimum</strong></span> <span class='ocrx_word' id='word_1_178' title='bbox 1142 3150 1202 3203; x_wconf 83' lang='lat' dir='ltr'><strong>va·</strong></span> 
     </span>
     <span class='ocr_line' id='line_1_26' title="bbox 122 3232 1202 3339; baseline 0.006 -32"><span class='ocrx_word' id='word_1_179' title='bbox 122 3232 217 3323; x_wconf 83' lang='lat' dir='ltr'><strong>riari,</strong></span> <span class='ocrx_word' id='word_1_180' title='bbox 242 3243 291 3324; x_wconf 88' lang='lat' dir='ltr'><strong>et,</strong></span> <span class='ocrx_word' id='word_1_181' title='bbox 316 3244 381 3309; x_wconf 89' lang='lat' dir='ltr'><strong>aut</strong></span> <span class='ocrx_word' id='word_1_182' title='bbox 397 3234 484 3334; x_wconf 88' lang='lat' dir='ltr'><strong>ipsis</strong></span> <span class='ocrx_word' id='word_1_183' title='bbox 500 3237 723 3334; x_wconf 88' lang='lat' dir='ltr'><strong>petentibus,</strong></span> <span class='ocrx_word' id='word_1_184' title='bbox 752 3251 817 3316; x_wconf 90' lang='lat' dir='ltr'><strong>aut</strong></span> <span class='ocrx_word' id='word_1_185' title='bbox 834 3251 980 3317; x_wconf 84' lang='lat' dir='ltr'><strong>tantum</strong></span> <span class='ocrx_word' id='word_1_186' title='bbox 997 3263 1115 3339; x_wconf 90' lang='lat' dir='ltr'><strong>quem</strong></span> <span class='ocrx_word' id='word_1_187' title='bbox 1130 3238 1202 3339; x_wconf 87' lang='lat' dir='ltr'><strong>pri·</strong></span> 
     </span>
     <span class='ocr_line' id='line_1_27' title="bbox 122 3346 1200 3442; baseline 0.006 -24"><span class='ocrx_word' id='word_1_188' title='bbox 122 3369 187 3419; x_wconf 89' lang='lat' dir='ltr'><strong>mo</strong></span> <span class='ocrx_word' id='word_1_189' title='bbox 203 3346 404 3423; x_wconf 87' lang='lat' dir='ltr'><strong>habuerant</strong></span> <span class='ocrx_word' id='word_1_190' title='bbox 420 3349 689 3440; x_wconf 88' lang='lat' dir='ltr'><strong>nauseantibus,</strong></span> <span class='ocrx_word' id='word_1_191' title='bbox 715 3354 852 3428; x_wconf 87' lang='lat' dir='ltr'><strong>mutari</strong></span> <span class='ocrx_word' id='word_1_192' title='bbox 880 3354 1000 3442; x_wconf 88' lang='lat' dir='ltr'><strong>debet,</strong></span> <span class='ocrx_word' id='word_1_193' title='bbox 1025 3361 1072 3427; x_wconf 88' lang='lat' dir='ltr'><strong>ut</strong></span> <span class='ocrx_word' id='word_1_194' title='bbox 1086 3350 1138 3426; x_wconf 89' lang='lat' dir='ltr'><strong>ad</strong></span> <span class='ocrx_word' id='word_1_195' title='bbox 1159 3348 1200 3425; x_wconf 72' lang='lat' dir='ltr'><strong>li</strong></span> 
     </span>
     <span class='ocr_line' id='line_1_28' title="bbox 123 3454 1201 3559; baseline 0.01 -31"><span class='ocrx_word' id='word_1_196' title='bbox 123 3454 209 3529; x_wconf 90' lang='lat' dir='ltr'><strong>bere</strong></span> <span class='ocrx_word' id='word_1_197' title='bbox 233 3457 434 3535; x_wconf 90' lang='lat' dir='ltr'><strong>bibendum</strong></span> <span class='ocrx_word' id='word_1_198' title='bbox 464 3460 739 3559; x_wconf 89' lang='lat' dir='ltr'><strong>quodammodo</strong></span> <span class='ocrx_word' id='word_1_199' title='bbox 766 3466 982 3551; x_wconf 89' lang='lat' dir='ltr'><strong>invitentur,</strong></span> <span class='ocrx_word' id='word_1_200' title='bbox 1018 3464 1201 3539; x_wconf 80' lang='lat' dir='ltr'><strong>suavitate</strong></span> 
     </span>
     <span class='ocr_line' id='line_1_29' title="bbox 122 3573 1201 3677; baseline 0.006 -35"><span class='ocrx_word' id='word_1_201' title='bbox 122 3576 243 3666; x_wconf 88' lang='lat' dir='ltr'><strong>potus,</strong></span> <span class='ocrx_word' id='word_1_202' title='bbox 268 3581 306 3643; x_wconf 86' lang='lat' dir='ltr'><strong>et</strong></span> <span class='ocrx_word' id='word_1_203' title='bbox 330 3573 550 3648; x_wconf 82' lang='lat' dir='ltr'><strong>recreatione</strong></span> <span class='ocrx_word' id='word_1_204' title='bbox 575 3600 686 3674; x_wconf 87' lang='lat' dir='ltr'><strong>quam</strong></span> <span class='ocrx_word' id='word_1_205' title='bbox 711 3601 758 3652; x_wconf 85' lang='lat' dir='ltr'><strong>ex</strong></span> <span class='ocrx_word' id='word_1_206' title='bbox 783 3601 828 3651; x_wconf 92' lang='lat' dir='ltr'><strong>eo</strong></span> <span class='ocrx_word' id='word_1_207' title='bbox 851 3578 1044 3661; x_wconf 85' lang='lat' dir='ltr'><strong>sentiunt;</strong></span> <span class='ocrx_word' id='word_1_208' title='bbox 1077 3596 1201 3677; x_wconf 89' lang='lat' dir='ltr'><strong>neque</strong></span> 
     </span>
     <span class='ocr_line' id='line_1_30' title="bbox 122 3679 1200 3778; baseline 0.01 -26"><span class='ocrx_word' id='word_1_209' title='bbox 122 3679 352 3778; x_wconf 89' lang='lat' dir='ltr'><strong>imperentur</strong></span> <span class='ocrx_word' id='word_1_210' title='bbox 376 3682 500 3760; x_wconf 87' lang='lat' dir='ltr'><strong>bibere</strong></span> <span class='ocrx_word' id='word_1_211' title='bbox 535 3687 583 3761; x_wconf 93' lang='lat' dir='ltr'><strong>ad</strong></span> <span class='ocrx_word' id='word_1_212' title='bbox 606 3687 798 3764; x_wconf 84' lang='lat' dir='ltr'><strong>arbitrium</strong></span> <span class='ocrx_word' id='word_1_213' title='bbox 823 3690 967 3777; x_wconf 89' lang='lat' dir='ltr'><strong>medici,</strong></span> <span class='ocrx_word' id='word_1_214' title='bbox 1002 3711 1051 3763; x_wconf 90' lang='lat' dir='ltr'><strong>ne</strong></span> <span class='ocrx_word' id='word_1_215' title='bbox 1088 3688 1200 3763; x_wconf 82' lang='lat' dir='ltr'><strong>nimis</strong></span> 
     </span>
     <span class='ocr_line' id='line_1_31' title="bbox 122 3799 1202 3901; baseline 0.007 -34"><span class='ocrx_word' id='word_1_216' title='bbox 122 3818 268 3868; x_wconf 90' lang='lat' dir='ltr'><strong>sumere</strong></span> <span class='ocrx_word' id='word_1_217' title='bbox 283 3806 464 3896; x_wconf 83' lang='lat' dir='ltr'><strong>cogantur</strong></span> <span class='ocrx_word' id='word_1_218' title='bbox 480 3800 595 3898; x_wconf 87' lang='lat' dir='ltr'><strong>(quod</strong></span> <span class='ocrx_word' id='word_1_219' title='bbox 609 3803 713 3901; x_wconf 86' lang='lat' dir='ltr'><strong>gravi</strong></span> <span class='ocrx_word' id='word_1_220' title='bbox 735 3801 980 3888; x_wconf 86' lang='lat' dir='ltr'><strong>incommodo,</strong></span> <span class='ocrx_word' id='word_1_221' title='bbox 1004 3799 1066 3874; x_wconf 91' lang='lat' dir='ltr'><strong>vel</strong></span> <span class='ocrx_word' id='word_1_222' title='bbox 1090 3801 1202 3874; x_wconf 86' lang='lat' dir='ltr'><strong>inter·</strong></span> 
     </span>
     <span class='ocr_line' id='line_1_32' title="bbox 121 3906 1200 4013; baseline 0.006 -32"><span class='ocrx_word' id='word_1_223' title='bbox 121 3906 216 3982; x_wconf 91' lang='lat' dir='ltr'><strong>dum</strong></span> <span class='ocrx_word' id='word_1_224' title='bbox 240 3908 414 4006; x_wconf 91' lang='lat' dir='ltr'><strong>periculo,</strong></span> <span class='ocrx_word' id='word_1_225' title='bbox 451 3935 526 3987; x_wconf 91' lang='lat' dir='ltr'><strong>non</strong></span> <span class='ocrx_word' id='word_1_226' title='bbox 550 3914 712 4012; x_wconf 84' lang='lat' dir='ltr'><strong>carebit),</strong></span> <span class='ocrx_word' id='word_1_227' title='bbox 748 3914 819 3988; x_wconf 89' lang='lat' dir='ltr'><strong>nisi</strong></span> <span class='ocrx_word' id='word_1_228' title='bbox 843 3923 993 4013; x_wconf 89' lang='lat' dir='ltr'><strong>propter</strong></span> <span class='ocrx_word' id='word_1_229' title='bbox 1016 3910 1200 4000; x_wconf 86' lang='lat' dir='ltr'><strong>delirium,</strong></span> 
     </span>
     <span class='ocr_line' id='line_1_33' title="bbox 119 4026 1202 4125; baseline 0.006 -33"><span class='ocrx_word' id='word_1_230' title='bbox 119 4028 187 4093; x_wconf 89' lang='lat' dir='ltr'><strong>aut</strong></span> <span class='ocrx_word' id='word_1_231' title='bbox 202 4029 403 4121; x_wconf 88' lang='lat' dir='ltr'><strong>stuporem,</strong></span> <span class='ocrx_word' id='word_1_232' title='bbox 428 4046 549 4124; x_wconf 90' lang='lat' dir='ltr'><strong>neque</strong></span> <span class='ocrx_word' id='word_1_233' title='bbox 564 4026 708 4111; x_wconf 88' lang='lat' dir='ltr'><strong>sentire,</strong></span> <span class='ocrx_word' id='word_1_234' title='bbox 725 4049 845 4123; x_wconf 94' lang='lat' dir='ltr'><strong>neque</strong></span> <span class='ocrx_word' id='word_1_235' title='bbox 861 4037 985 4125; x_wconf 90' lang='lat' dir='ltr'><strong>petere</strong></span> <span class='ocrx_word' id='word_1_236' title='bbox 1001 4026 1202 4125; x_wconf 87' lang='lat' dir='ltr'><strong>quicquam</strong></span> 
     </span>
     <span class='ocr_line' id='line_1_34' title="bbox 123 4132 1202 4234; baseline 0.007 -28"><span class='ocrx_word' id='word_1_237' title='bbox 123 4132 285 4230; x_wconf 85' lang='lat' dir='ltr'><strong>possint;</strong></span> <span class='ocrx_word' id='word_1_238' title='bbox 310 4142 394 4208; x_wconf 90' lang='lat' dir='ltr'><strong>tum</strong></span> <span class='ocrx_word' id='word_1_239' title='bbox 411 4137 563 4234; x_wconf 89' lang='lat' dir='ltr'><strong>quidem</strong></span> <span class='ocrx_word' id='word_1_240' title='bbox 579 4138 627 4214; x_wconf 92' lang='lat' dir='ltr'><strong>de</strong></span> <span class='ocrx_word' id='word_1_241' title='bbox 650 4137 811 4215; x_wconf 92' lang='lat' dir='ltr'><strong>bibendo</strong></span> <span class='ocrx_word' id='word_1_242' title='bbox 835 4161 896 4214; x_wconf 86' lang='lat' dir='ltr'><strong>eos</strong></span> <span class='ocrx_word' id='word_1_243' title='bbox 921 4161 1072 4215; x_wconf 89' lang='lat' dir='ltr'><strong>monere</strong></span> <span class='ocrx_word' id='word_1_244' title='bbox 1095 4136 1202 4214; x_wconf 81' lang='lat' dir='ltr'><strong>decet</strong></span> 
     </span>
     <span class='ocr_line' id='line_1_35' title="bbox 121 4245 506 4349; baseline 0.016 -30"><span class='ocrx_word' id='word_1_245' title='bbox 121 4245 278 4340; x_wconf 83' lang='lat' dir='ltr'><strong>(ccxru,</strong></span> <span class='ocrx_word' id='word_1_246' title='bbox 294 4255 506 4349; x_wconf 76' lang='lat' dir='ltr'><strong>nexuum).</strong></span> 
     </span>
    </p>
   </div>
   <div class='ocr_carea' id='block_1_3' title="bbox 0 0 1344 4794">
    <p class='ocr_par' dir='ltr' id='par_1_4' title="bbox 0 0 1344 4794">
     <span class='ocr_line' id='line_1_36' title="bbox 0 0 1344 4794; baseline 0 0"><span class='ocrx_word' id='word_1_247' title='bbox 0 0 1344 4794; x_wconf 95' lang='lat' dir='ltr'><strong> </strong></span> 
     </span>
    </p>
   </div>
  </div>
 </body>
</html>
