2678 4794
90 452 97 458 -
212 401 286 489 170
605 428 857 486 consraerus
1079 432 1166 489 cnr.
1184 429 1286 491 xmr.

210 615 416 693 struuntur,
435 628 594 706 quorum
611 614 712 680 totus
728 607 876 706 sanguis
892 606 993 707 prius
1009 632 1075 705 per
1089 600 1289 708 pulmones

159 775 161 784 ι
212 721 342 795 transit
365 741 477 817 quam
494 742 515 789 a
532 717 634 791 venis
651 719 748 792 cavis
772 720 812 793 in
828 727 972 794 mortam
996 721 1131 795 iterum
1148 724 1289 811 redeat,

210 833 346 932 quibus
384 830 532 928 spiritus
572 840 751 918 constans,
792 830 912 905 multo
944 831 1049 907 acido
1090 832 1291 910 corboniso

209 952 439 1033 onustus,ne
455 942 608 1040 quidem
624 967 690 1043 per
702 943 812 1018 breve
829 945 999 1042 spatium,
1017 945 1095 1017 sine
1107 947 1197 1019 vitae
1215 946 1289 1020 dis-

192 1055 369 1141 crimine,
399 1054 596 1130 intercludi
623 1065 756 1155 potest,
785 1056 832 1129 ad
862 1079 980 1130 unum
1003 1057 1137 1143 omnia,
1163 1058 1287 1145 homo,

204 1167 470 1266 quadrupedia,
488 1192 583 1255 aves,
600 1192 717 1268 genus
728 1176 816 1253 cete,
833 1167 970 1265 phocae,
987 1169 1064 1242 sive
1081 1179 1193 1243 terras
1209 1170 1289 1242 sive

203 1306 319 1379 aquas
337 1280 515 1368 habitant,
542 1279 650 1378 calidi
667 1280 854 1380 sanguinis
871 1292 981 1353 sunt:
1007 1278 1126 1354 calent
1151 1280 1288 1360 scilicet

205 1405 359 1468 centum
392 1393 534 1467 circiter
565 1394 711 1492 gradus,
753 1390 956 1466 secundum
996 1389 1286 1466 instrumentum

201 1505 282 1605 jam
298 1506 452 1580 dictum.
502 1506 637 1604 Neque
653 1505 817 1603 profecto
842 1503 1002 1577 multum
1021 1505 1135 1577 variat
1152 1504 1285 1579 hoium

205 1618 313 1706 calor,
339 1629 532 1717 utcunque
563 1616 682 1691 varius
715 1617 826 1691 fuerit
855 1616 951 1690 calor
979 1641 1085 1714 aquae
1113 1615 1284 1692 velaretis

205 1755 321 1829 quem
338 1731 514 1805 habitant.
1095 1784 1098 1791 -

257 1866 396 1918 uuxxr.
436 1841 624 1939 Denique,
662 1841 799 1915 insecta
822 1842 991 1939 quaedam
1018 1841 1203 1941 spirantia,
1227 1839 1286 1916 vel

205 1956 335 2029 saltem
361 1964 441 2027 aera
467 1953 628 2028 multum
653 1964 691 2027 et
716 1953 789 2027 cito
813 1956 1095 2052 corrumpentia,
1120 1953 1286 2051 ejusdem

206 2068 332 2141 caloris
358 2075 467 2140 sunt:
505 2065 553 2139 de
578 2066 707 2164 apibus
732 2068 931 2165 praesertim
959 2068 1029 2141 hoc
1053 2090 1185 2140 verum
1221 2075 1285 2152 est,

206 2184 364 2278 quarum
383 2179 612 2278 singularum
629 2177 725 2253 mlor
741 2179 807 2251 vix
823 2179 1089 2276 explorandus;
1107 2178 1288 2253 examinis

207 2293 406 2366 earundem
426 2315 532 2401 ‚vero
565 2290 662 2365 calor
699 2291 852 2365 humani
890 2292 1047 2391 corporis
1081 2290 1198 2364 calore
1221 2290 1289 2364 vix

207 2406 329 2479 minor
345 2415 408 2478 est.
1294 2493 1301 2501 ι

259 2541 421 2596 nnxxrr.
460 2518 556 2591 Haec
580 2541 679 2602 vero,
716 2540 792 2600 non
831 2542 932 2592 secus
960 2541 1002 2591 ac
1026 2513 1106 2590 aliae
1131 2514 1179 2589 de
1203 2522 1290 2590 ortu

207 2630 425 2711 animalium
442 2628 567 2703 caloris
584 2628 787 2728 opiniones,
814 2631 886 2704 suis
910 2627 1189 2702 difficultatibus
1211 2648 1290 2702 non

208 2752 324 2816 caret:
351 2743 526 2839 quoniam
555 2740 615 2814 hic
631 2740 727 2813 calor
743 2765 886 2836 semper
902 2740 977 2814 fere
993 2740 1093 2813 idem
1117 2750 1184 2828 est,
1209 2741 1291 2814 sive

207 2861 268 2924 ac'r
293 2854 356 2948 qui
383 2851 584 2936 circundat,
610 2862 647 2922 et
671 2875 786 2946 quem
804 2852 993 2940 trahimus,
1032 2851 1291 2951 frigidissimus

207 2963 318 3036 fuerit
333 2964 474 3055 (nnxx)
493 2962 569 3032 sive
585 2959 867 3048 fervidissimum
893 2964 1040 3051 scilicet,
1057 2989 1134 3062 quo
1150 2963 1292 3062 majore

206 3074 332 3148 caloris
368 3071 530 3146 subsidio
565 3096 729 3170 egemus,
766 3098 810 3148 eo
846 3075 929 3175 plus
955 3076 1080 3151 caloris
1104 3077 1293 3152 nobismet

205 3209 481 3288 comparamus3
507 3208 583 3282 quo
600 3184 741 3257 minore
758 3211 851 3284 opus
868 3200 932 3275 est,
958 3213 1002 3262 eo
1019 3190 1143 3263 minus
1167 3188 1292 3288 gigni·

205 3325 300 3376 mus.
350 3300 455 3387 Quin
481 3307 520 3371 et
549 3321 625 3395 quo
641 3296 790 3372 calidior
805 3309 865 3373 aer
891 3301 1012 3388 fuerit,
1038 3312 1076 3374 et
1104 3325 1182 3400 quo
1205 3300 1293 3399 plus

204 3413 283 3510 ipse
300 3414 412 3486 homo
428 3410 589 3498 caluerit,
607 3435 651 3484 eo
661 3411 889 3510 frequentius
906 3423 944 3488 et
961 3413 1104 3514 plenius
1117 3413 1293 3511 spiritum

204 3526 413 3621 reciprocat.

255 3659 433 3711 urxxru.
459 3637 647 3737 Denique,
673 3648 761 3713 suut
777 3640 848 3744 qui
868 3640 955 3714 totis
972 3638 1112 3712 viribus
1135 3645 1291 3712 conten·

110 3824 112 3828 ,
204 3749 311 3833 dunt,
341 3773 472 3847 corpus
496 3750 694 3849 aliquando
718 3776 793 3825 non
819 3753 935 3827 lnodo
959 3751 1106 3825 nullum
1131 3751 1291 3850 gignere

202 3859 369 3948 calorem,
387 3863 451 3936 sed
468 3887 594 3938 revera
610 3865 726 3964 frigus
742 3865 903 3963 gignere,
933 3875 972 3938 et
988 3865 1039 3938 sic
1055 3875 1173 3937 semet
1190 3860 1292 3936 mul·

202 3976 243 4047 to
259 3973 428 4072 frigidius
445 3999 587 4049 servare
602 3984 683 4050 aere
700 3975 815 4050 calido
832 3976 898 4074 qui
924 3976 1136 4060 circundat,
1165 3973 1291 4049 veluti

202 4086 316 4184 siquis
342 4087 503 4184 spatium
529 4088 704 4186 temporis
729 4087 828 4161 haud
853 4088 1034 4186 exiguum
1064 4088 1104 4160 in
1130 4085 1291 4173 clibano,

198 4210 267 4274 aut
284 4200 482 4297 vaporario,
500 4224 630 4297 parum
647 4197 840 4273 calefactus
856 4201 1105 4298 permanseiit

247 4330 416 4388 mnxnr.
441 4311 530 4388 Non
546 4322 602 4390 est
624 4311 885 4401 dubitandum,
910 4311 1188 4410 vaporationem
1205 4320 1294 4388 tum
