2678 4794
183 303 232 371 84
600 308 851 367 eonsracrus
1099 311 1187 368 car.
1204 313 1266 368 111.

186 489 324 592 quibus
352 485 642 588 impendebatur,
672 484 916 560 mobilitatem
934 498 1062 575 suam,
1090 513 1155 563 seu
1185 487 1266 565 rim

186 604 371 707 propriam
387 597 634 685 contrahendi,
651 596 754 672 brevi
769 599 970 684 amittunt;
997 623 1065 673 nec
1081 601 1187 677 aliter
1206 627 1265 677 res

186 742 226 792 se
253 717 374 802 habet,
402 713 433 786 si
461 711 651 786 cerebrum
680 711 814 810 ipsum,
839 710 899 785 vel
923 711 1028 810 origo
1052 736 1266 802 nervorum,

187 829 283 906 male
298 825 428 901 affecta
443 823 592 899 fuerint.

237 961 353 1016 cx111.
380 937 477 1012 Sunt
493 937 560 1036 qui
577 935 734 1011 credunt
748 936 936 1011 musculos
953 963 974 1011 a
991 938 1112 1012 nervis
1128 939 1214 1011 oriri
1228 948 1268 1014 et

186 1051 344 1138 formari,
377 1060 417 1125 et
448 1075 497 1125 ex
529 1050 659 1124 eadem
692 1048 844 1123 materia
870 1060 1045 1124 constare.
1100 1051 1267 1149 Utrique

188 1187 273 1240 sane
290 1163 447 1238 similem
465 1171 685 1238 structuram
712 1161 860 1249 habent,
888 1172 1073 1260 quatenus
1102 1186 1150 1236 ex
1167 1161 1269 1237 libris

186 1275 295 1351 valde
312 1277 467 1352 minutis
496 1285 687 1362 constent3
712 1274 862 1373 utrique
879 1275 951 1348 albi
968 1287 1066 1363 sunt,
1096 1275 1268 1350 dummo-

187 1388 238 1465 do
250 1389 409 1465 musculi
424 1389 538 1488 probe
555 1388 655 1475 eloti,
672 1397 711 1461 et
727 1413 748 1462 a
765 1389 954 1487 sanguine,
971 1412 1085 1486 quern
1101 1387 1268 1463 multum

188 1503 390 1588 oontineut,
416 1501 566 1600 purgati
594 1498 752 1574 suerint:
781 1499 916 1597 Neque
944 1524 1015 1601 ope
1041 1498 1271 1600 microscopii

187 1613 265 1689 ullo
298 1614 411 1688 modo
443 1612 624 1711 distingui
656 1620 812 1710 possunt
843 1612 945 1686 fibrae
978 1636 1151 1700 nervosae,
1184 1637 1270 1710 quae

188 1726 283 1801 bene
299 1725 430 1800 multae
445 1723 630 1800 musculos
647 1721 818 1810 subeunt,
840 1722 887 1796 ab
903 1723 990 1822 ipsis
1006 1723 1107 1797 fibris
1123 1749 1269 1799 muscu-

189 1838 284 1915 losis.
336 1840 464 1926 Porro,
490 1838 591 1911 idem
609 1855 735 1913 sensus
751 1835 920 1934 utrisque
936 1845 1002 1923 est,
1024 1846 1063 1910 et
1079 1836 1270 1910 stimulan-

190 1952 243 2025 tia
258 1961 297 2025 et
313 1950 476 2026 sedantia
488 1949 758 2023 medicamenta
775 1947 923 2021 eosdem
936 1947 1044 2047 plane
1060 1947 1214 2024 effectus
1230 1952 1270 2025 in

189 2063 366 2138 musculis
391 2061 520 2150 edunt,
546 2063 625 2136 sive
651 2061 722 2160 ipsi
751 2058 931 2148 musculo
961 2062 1038 2135 sive
1062 2085 1178 2135 nervo
1203 2062 1269 2161 qui

191 2199 278 2249 eum
296 2175 413 2262 adeat,
431 2175 580 2249 admota
595 2173 745 2250 fuerint

239 2310 350 2364 cxlv,
389 2289 550 2376 Quantis
587 2285 867 2364 difficultatibus
905 2297 1094 2387 prematur
1122 2287 1271 2363 scientia

189 2400 341 2502 originis
355 2400 561 2476 multarum
591 2401 748 2500 corporis
773 2398 947 2499 partium,
972 2399 1058 2473 alibi
1083 2398 1185 2475 locus
1201 2401 1271 2475 erit

189 2513 358 2601 dicendi;
384 2515 462 2590 sive
478 2538 606 2589 omnes
623 2513 754 2588 eodem
779 2521 957 2611 tempore,
982 2512 1061 2586 sive
1076 2512 1162 2586 alias
1187 2523 1270 2612 post

188 2626 286 2713 alias,
303 2637 403 2700 certo
419 2628 547 2701 ordine
564 2626 717 2726 produci
734 2625 934 2698 credamus.
984 2625 1129 2696 Interea
1145 2633 1272 2699 tamen

190 2734 266 2810 non
283 2737 592 2812 dissimulandum
622 2745 687 2821 est,
713 2744 833 2831 partes
849 2733 1027 2830 quasdam
1044 2735 1273 2811 musculosus

189 2870 369 2944 perquam
385 2857 531 2921 mature
546 2848 586 2918 in
602 2847 698 2918 foetu
723 2845 894 2941 conspici,
921 2851 960 2916 et
975 2842 1160 2941 insignem
1188 2848 1269 2924 vim

191 2967 229 3028 et
256 2956 369 3030 robur
390 2957 471 3055 jam
500 2956 650 3052 adeptas
678 2977 765 3041 esse,
794 2979 913 3053 quum
932 2954 1121 3030 cerebrum
1144 2958 1270 3056 ipsum

190 3066 313 3142 adhuc
339 3067 452 3143 molle
479 3078 518 3141 et
546 3066 622 3140 sere
647 3064 809 3140 fluidum
837 3067 1040 3167 reperitur:
1066 3093 1270 3171 earumque

189 3180 372 3256 actionem
398 3182 447 3256 ad
472 3179 584 3278 liujus
609 3179 840 3253 functionem
869 3190 908 3254 et
931 3204 1093 3280 augmen
1111 3184 1269 3283 requiri;

189 3305 229 3369 et
260 3295 446 3385 musculos
475 3316 619 3392 semper
646 3290 812 3391 partibus
839 3317 925 3369 vere
957 3295 1119 3368 nervosis
1149 3295 1270 3371 multo

192 3405 368 3483 firmiores
384 3432 471 3495 esse,
488 3416 526 3481 et
542 3406 620 3480 vim
636 3405 833 3505 propriam,
849 3405 1063 3482 imitabilem
1081 3409 1270 3496 nimirum,

190 3517 333 3608 habere,
350 3545 464 3619 quam
482 3519 586 3593 nervi
602 3542 795 3616 nunquam
813 3520 1049 3620 participant.

241 3653 334 3705 cxv.-
358 3633 528 3730 Oportet,
552 3631 679 3732 igitur,
704 3629 764 3706 vel
789 3654 837 3705 ex
853 3632 996 3705 diversa
1012 3632 1171 3706 musculi
1187 3656 1273 3708 con·

190 3743 314 3818 stituti
329 3742 469 3819 suerint
484 3745 647 3832 materia,
669 3745 717 3818 ab
732 3768 775 3817 ea
791 3767 839 3817 ex
855 3768 931 3842 qua
947 3745 1051 3817 nervi
1067 3742 1175 3832 fiunt,
1200 3743 1272 3832 vel,

191 3855 233 3930 si.
250 3879 298 3929 ex
327 3856 455 3931 eadem
483 3857 634 3958 utrique
660 3862 839 3942 constent,
867 3853 944 3928 baec
959 3855 1104 3929 fabricae
1125 3880 1272 3954 prorsus

192 3966 345 4043 diversae
361 3970 410 4043 sit
425 3970 464 4042 in
482 3969 550 4057 his,
575 3993 617 4044 ac
632 3970 672 4044 in
689 3966 770 4052 illis,
788 3976 832 4040 ut
848 3967 943 4040 vires
971 3967 1063 4040 adeo
1079 3967 1272 4042 dissimiles

193 4080 347 4155 habeat..
389 4079 505 4168 Quod
521 4082 562 4166 si,
587 4082 713 4180 igitur,
738 4074 881 4151 diversa
897 4077 945 4152 sit
961 4078 1214 4177 musculorum
1230 4103 1277 4153 au

191 4216 389 4272 nervorum
407 4193 619 4281 substantia,
637 4203 720 4268 tum
737 4190 842 4267 facile
856 4189 998 4290 patebit
1010 4191 1168 4269 multam
1187 4192 1269 4271 sub
