<?xml version="1.0" encoding="UTF-8"?>
<!DOCTYPE html PUBLIC "-//W3C//DTD XHTML 1.0 Transitional//EN"
    "http://www.w3.org/TR/xhtml1/DTD/xhtml1-transitional.dtd">
<html xmlns="http://www.w3.org/1999/xhtml" xml:lang="en" lang="en">
 <head>
  <title>
</title>
<meta http-equiv="Content-Type" content="text/html;charset=utf-8" />
  <meta name='ocr-system' content='tesseract 3.04.00' />
  <meta name='ocr-capabilities' content='ocr_page ocr_carea ocr_par ocr_line ocrx_word'/>
</head>
<body>
  <div class='ocr_page' id='page_1' title='image "./conspectusmedic01greggoog_0081.png"; bbox 0 0 2678 4794; ppageno 0'>
   <div class='ocr_carea' id='block_1_1' title="bbox 142 396 1226 466">
    <p class='ocr_par' dir='ltr' id='par_1_1' title="bbox 142 396 1226 466">
     <span class='ocr_line' id='line_1_1' title="bbox 142 396 1226 466; baseline -0.002 0"><span class='ocrx_word' id='word_1_1' title='bbox 142 396 191 466; x_wconf 76' lang='lat'><strong>28</strong></span> <span class='ocrx_word' id='word_1_2' title='bbox 554 400 809 463; x_wconf 64' lang='lat' dir='ltr'><strong>martarus</strong></span> <span class='ocrx_word' id='word_1_3' title='bbox 918 410 924 421; x_wconf 93' lang='lat'><strong>·</strong></span> <span class='ocrx_word' id='word_1_4' title='bbox 1076 409 1163 465; x_wconf 76' lang='lat' dir='ltr'><strong>car.</strong></span> <span class='ocrx_word' id='word_1_5' title='bbox 1181 410 1226 464; x_wconf 87' lang='lat' dir='ltr'><strong>rr.</strong></span> 
     </span>
    </p>
   </div>
   <div class='ocr_carea' id='block_1_2' title="bbox 32 580 1283 4097">
    <p class='ocr_par' dir='ltr' id='par_1_2' title="bbox 134 580 1283 1699">
     <span class='ocr_line' id='line_1_2' title="bbox 139 580 1228 686; baseline 0.001 -25"><span class='ocrx_word' id='word_1_6' title='bbox 139 610 180 661; x_wconf 90' lang='lat' dir='ltr'><strong>ra</strong></span> <span class='ocrx_word' id='word_1_7' title='bbox 196 582 354 674; x_wconf 88' lang='lat' dir='ltr'><strong>mobilis,</strong></span> <span class='ocrx_word' id='word_1_8' title='bbox 379 585 498 662; x_wconf 80' lang='lat' dir='ltr'><strong>veluti</strong></span> <span class='ocrx_word' id='word_1_9' title='bbox 520 584 699 686; x_wconf 84' lang='lat' dir='ltr'><strong>junctura</strong></span> <span class='ocrx_word' id='word_1_10' title='bbox 722 592 834 672; x_wconf 83' lang='lat' dir='ltr'><strong>artus,</strong></span> <span class='ocrx_word' id='word_1_11' title='bbox 857 580 1039 684; x_wconf 81' lang='lat' dir='ltr'><strong>paulatim</strong></span> <span class='ocrx_word' id='word_1_12' title='bbox 1063 584 1228 685; x_wconf 74' lang='lat' dir='ltr'>rigescit,</span> 
     </span>
     <span class='ocr_line' id='line_1_3' title="bbox 136 697 1283 799; baseline -0.001 -25"><span class='ocrx_word' id='word_1_13' title='bbox 136 697 331 798; x_wconf 81' lang='lat' dir='ltr'><strong>pristinam</strong></span> <span class='ocrx_word' id='word_1_14' title='bbox 357 699 604 775; x_wconf 82' lang='lat' dir='ltr'><strong>mobilitatem</strong></span> <span class='ocrx_word' id='word_1_15' title='bbox 628 698 918 787; x_wconf 68' lang='lat' dir='ltr'><strong>arderemus</strong></span> <span class='ocrx_word' id='word_1_16' title='bbox 940 720 1136 799; x_wconf 89' lang='lat' dir='ltr'><strong>nunquam</strong></span> <span class='ocrx_word' id='word_1_17' title='bbox 1160 723 1228 799; x_wconf 85' lang='lat' dir='ltr'><strong>pe-</strong></span> <span class='ocrx_word' id='word_1_18' title='bbox 1280 785 1283 790; x_wconf 85' lang='lat'><em>.</em></span> 
     </span>
     <span class='ocr_line' id='line_1_4' title="bbox 136 810 1225 912; baseline 0.001 -27"><span class='ocrx_word' id='word_1_19' title='bbox 136 812 250 898; x_wconf 86' lang='lat' dir='ltr'><strong>nitus,</strong></span> <span class='ocrx_word' id='word_1_20' title='bbox 267 821 542 912; x_wconf 79' lang='lat' dir='ltr'><strong>recuperatum:</strong></span> <span class='ocrx_word' id='word_1_21' title='bbox 576 823 616 887; x_wconf 91' lang='lat' dir='ltr'><strong>et</strong></span> <span class='ocrx_word' id='word_1_22' title='bbox 632 822 771 900; x_wconf 87' lang='lat' dir='ltr'><strong>contra,</strong></span> <span class='ocrx_word' id='word_1_23' title='bbox 787 811 911 886; x_wconf 82' lang='lat' dir='ltr'><strong>valido</strong></span> <span class='ocrx_word' id='word_1_24' title='bbox 927 820 966 888; x_wconf 89' lang='lat' dir='ltr'><strong>et</strong></span> <span class='ocrx_word' id='word_1_25' title='bbox 989 810 1114 887; x_wconf 78' lang='lat' dir='ltr'><strong>crelro</strong></span> <span class='ocrx_word' id='word_1_26' title='bbox 1138 834 1225 902; x_wconf 85' lang='lat' dir='ltr'><strong>usu,</strong></span> 
     </span>
     <span class='ocr_line' id='line_1_5' title="bbox 136 923 1227 1024; baseline 0.002 -26"><span class='ocrx_word' id='word_1_27' title='bbox 136 926 252 999; x_wconf 89' lang='lat' dir='ltr'><strong>modo</strong></span> <span class='ocrx_word' id='word_1_28' title='bbox 279 924 442 1000; x_wconf 87' lang='lat' dir='ltr'><strong>hicnon</strong></span> <span class='ocrx_word' id='word_1_29' title='bbox 475 924 615 1001; x_wconf 89' lang='lat' dir='ltr'><strong>nimius</strong></span> <span class='ocrx_word' id='word_1_30' title='bbox 642 925 765 1012; x_wconf 87' lang='lat' dir='ltr'><strong>fuerit,</strong></span> <span class='ocrx_word' id='word_1_31' title='bbox 803 946 932 999; x_wconf 86' lang='lat' dir='ltr'><strong>omnes</strong></span> <span class='ocrx_word' id='word_1_32' title='bbox 960 923 1037 999; x_wconf 82' lang='lat' dir='ltr'><strong>iere</strong></span> <span class='ocrx_word' id='word_1_33' title='bbox 1064 927 1227 1024; x_wconf 86' lang='lat' dir='ltr'><strong>corporis</strong></span> 
     </span>
     <span class='ocr_line' id='line_1_6' title="bbox 135 1036 1227 1138; baseline 0 -26"><span class='ocrx_word' id='word_1_34' title='bbox 135 1046 257 1136; x_wconf 86' lang='lat' dir='ltr'><strong>partes</strong></span> <span class='ocrx_word' id='word_1_35' title='bbox 285 1038 419 1113; x_wconf 88' lang='lat' dir='ltr'><strong>miram</strong></span> <span class='ocrx_word' id='word_1_36' title='bbox 445 1060 543 1138; x_wconf 83' lang='lat' dir='ltr'><strong>saepe</strong></span> <span class='ocrx_word' id='word_1_37' title='bbox 569 1037 825 1137; x_wconf 79' lang='lat' dir='ltr'><strong>adipiscuntur</strong></span> <span class='ocrx_word' id='word_1_38' title='bbox 840 1036 1097 1113; x_wconf 68' lang='lat' dir='ltr'><strong>mobilitatem.</strong></span> <span class='ocrx_word' id='word_1_39' title='bbox 1146 1037 1227 1113; x_wconf 89' lang='lat' dir='ltr'><strong>Ne-</strong></span> 
     </span>
     <span class='ocr_line' id='line_1_7' title="bbox 137 1147 1225 1249; baseline 0.002 -27"><span class='ocrx_word' id='word_1_40' title='bbox 137 1173 213 1248; x_wconf 86' lang='lat' dir='ltr'><strong>que</strong></span> <span class='ocrx_word' id='word_1_41' title='bbox 228 1150 395 1249; x_wconf 83' lang='lat' dir='ltr'><strong>prosecto</strong></span> <span class='ocrx_word' id='word_1_42' title='bbox 409 1152 545 1226; x_wconf 87' lang='lat' dir='ltr'><strong>melius</strong></span> <span class='ocrx_word' id='word_1_43' title='bbox 567 1151 680 1226; x_wconf 89' lang='lat' dir='ltr'><strong>datur</strong></span> <span class='ocrx_word' id='word_1_44' title='bbox 708 1161 776 1226; x_wconf 86' lang='lat' dir='ltr'><strong>aut</strong></span> <span class='ocrx_word' id='word_1_45' title='bbox 790 1151 927 1226; x_wconf 89' lang='lat' dir='ltr'><strong>certius</strong></span> <span class='ocrx_word' id='word_1_46' title='bbox 942 1150 1151 1225; x_wconf 88' lang='lat' dir='ltr'><strong>remedium</strong></span> <span class='ocrx_word' id='word_1_47' title='bbox 1175 1147 1225 1224; x_wconf 84' lang='lat' dir='ltr'><strong>ad</strong></span> 
     </span>
     <span class='ocr_line' id='line_1_8' title="bbox 136 1261 1226 1365; baseline 0.001 -30"><span class='ocrx_word' id='word_1_48' title='bbox 136 1262 381 1362; x_wconf 83' lang='lat' dir='ltr'><strong>superandam</strong></span> <span class='ocrx_word' id='word_1_49' title='bbox 415 1264 514 1339; x_wconf 92' lang='lat' dir='ltr'><strong>illam</strong></span> <span class='ocrx_word' id='word_1_50' title='bbox 549 1263 778 1365; x_wconf 80' lang='lat' dir='ltr'><strong>rigiditatem</strong></span> <span class='ocrx_word' id='word_1_51' title='bbox 810 1272 962 1339; x_wconf 88' lang='lat' dir='ltr'><strong>artuum</strong></span> <span class='ocrx_word' id='word_1_52' title='bbox 995 1286 1081 1361; x_wconf 78' lang='lat' dir='ltr'><strong>quaa</strong></span> <span class='ocrx_word' id='word_1_53' title='bbox 1112 1261 1226 1362; x_wconf 79' lang='lat' dir='ltr'><strong>longa</strong></span> 
     </span>
     <span class='ocr_line' id='line_1_9' title="bbox 137 1374 1224 1477; baseline 0.004 -31"><span class='ocrx_word' id='word_1_54' title='bbox 137 1374 267 1474; x_wconf 88' lang='lat' dir='ltr'><strong>quiete</strong></span> <span class='ocrx_word' id='word_1_55' title='bbox 282 1375 409 1451; x_wconf 89' lang='lat' dir='ltr'><strong>induci</strong></span> <span class='ocrx_word' id='word_1_56' title='bbox 427 1377 529 1463; x_wconf 87' lang='lat' dir='ltr'><strong>solet,</strong></span> <span class='ocrx_word' id='word_1_57' title='bbox 555 1400 670 1477; x_wconf 92' lang='lat' dir='ltr'><strong>quam</strong></span> <span class='ocrx_word' id='word_1_58' title='bbox 698 1376 873 1475; x_wconf 80' lang='lat' dir='ltr'>frequens</span> <span class='ocrx_word' id='word_1_59' title='bbox 887 1377 1114 1463; x_wconf 84' lang='lat' dir='ltr'><strong>exercitatio,</strong></span> <span class='ocrx_word' id='word_1_60' title='bbox 1137 1398 1224 1474; x_wconf 84' lang='lat' dir='ltr'><strong>quae</strong></span> 
     </span>
     <span class='ocr_line' id='line_1_10' title="bbox 134 1485 1226 1587; baseline 0.003 -27"><span class='ocrx_word' id='word_1_61' title='bbox 134 1485 258 1585; x_wconf 86' lang='lat' dir='ltr'><strong>primo</strong></span> <span class='ocrx_word' id='word_1_62' title='bbox 283 1487 510 1568; x_wconf 86' lang='lat' dir='ltr'><strong>difficillima.</strong></span> <span class='ocrx_word' id='word_1_63' title='bbox 536 1498 575 1561; x_wconf 86' lang='lat' dir='ltr'><strong>et</strong></span> <span class='ocrx_word' id='word_1_64' title='bbox 591 1489 656 1561; x_wconf 90' lang='lat' dir='ltr'><strong>diu</strong></span> <span class='ocrx_word' id='word_1_65' title='bbox 675 1489 823 1587; x_wconf 85' lang='lat' dir='ltr'><strong>exigua,</strong></span> <span class='ocrx_word' id='word_1_66' title='bbox 846 1487 923 1562; x_wconf 86' lang='lat' dir='ltr'><strong>lere</strong></span> <span class='ocrx_word' id='word_1_67' title='bbox 939 1486 1058 1561; x_wconf 88' lang='lat' dir='ltr'><strong>indies</strong></span> <span class='ocrx_word' id='word_1_68' title='bbox 1073 1487 1226 1577; x_wconf 78' lang='lat' dir='ltr'><strong>facilior,</strong></span> 
     </span>
     <span class='ocr_line' id='line_1_11' title="bbox 135 1597 721 1699; baseline 0.002 -26"><span class='ocrx_word' id='word_1_69' title='bbox 135 1597 294 1687; x_wconf 87' lang='lat' dir='ltr'><strong>liberior,</strong></span> <span class='ocrx_word' id='word_1_70' title='bbox 319 1607 359 1673; x_wconf 92' lang='lat' dir='ltr'><strong>et</strong></span> <span class='ocrx_word' id='word_1_71' title='bbox 375 1600 569 1699; x_wconf 81' lang='lat' dir='ltr'><strong>perfectior</strong></span> <span class='ocrx_word' id='word_1_72' title='bbox 583 1599 721 1674; x_wconf 85' lang='lat' dir='ltr'><strong>evadit.</strong></span> 
     </span>
    </p>

    <p class='ocr_par' dir='ltr' id='par_1_3' title="bbox 32 1712 1224 2935">
     <span class='ocr_line' id='line_1_12' title="bbox 184 1712 1223 1813; baseline 0.003 -26"><span class='ocrx_word' id='word_1_73' title='bbox 184 1733 304 1788; x_wconf 85' lang='lat' dir='ltr'><strong>xcru.</strong></span> <span class='ocrx_word' id='word_1_74' title='bbox 331 1713 442 1788; x_wconf 90' lang='lat' dir='ltr'><strong>Calor</strong></span> <span class='ocrx_word' id='word_1_75' title='bbox 455 1734 606 1813; x_wconf 86' lang='lat' dir='ltr'><strong>corpora</strong></span> <span class='ocrx_word' id='word_1_76' title='bbox 621 1714 746 1787; x_wconf 88' lang='lat' dir='ltr'><strong>omnia</strong></span> <span class='ocrx_word' id='word_1_77' title='bbox 774 1712 875 1788; x_wconf 82' lang='lat' dir='ltr'><strong>laxat</strong></span> <span class='ocrx_word' id='word_1_78' title='bbox 891 1721 1005 1812; x_wconf 88' lang='lat' dir='ltr'><strong>atque</strong></span> <span class='ocrx_word' id='word_1_79' title='bbox 1020 1715 1223 1812; x_wconf 83' lang='lat' dir='ltr'><strong>expandit:</strong></span> 
     </span>
     <span class='ocr_line' id='line_1_13' title="bbox 32 1821 1222 1925; baseline 0.003 -27"><span class='ocrx_word' id='word_1_80' title='bbox 32 1849 36 1864; x_wconf 81' lang='grc'><strong><em>·</em></strong></span> <span class='ocrx_word' id='word_1_81' title='bbox 132 1821 251 1924; x_wconf 81' lang='lat' dir='ltr'><strong>frigus</strong></span> <span class='ocrx_word' id='word_1_82' title='bbox 279 1850 371 1901; x_wconf 88' lang='lat' dir='ltr'><strong>vero</strong></span> <span class='ocrx_word' id='word_1_83' title='bbox 399 1828 529 1901; x_wconf 85' lang='lat' dir='ltr'><strong>densat</strong></span> <span class='ocrx_word' id='word_1_84' title='bbox 554 1836 594 1901; x_wconf 93' lang='lat' dir='ltr'><strong>et</strong></span> <span class='ocrx_word' id='word_1_85' title='bbox 618 1826 737 1902; x_wconf 86' lang='lat' dir='ltr'><strong>durat.</strong></span> <span class='ocrx_word' id='word_1_86' title='bbox 802 1824 1020 1925; x_wconf 88' lang='lat' dir='ltr'><strong>Utrumque</strong></span> <span class='ocrx_word' id='word_1_87' title='bbox 1042 1825 1222 1902; x_wconf 82' lang='lat' dir='ltr'><strong>effectum</strong></span> 
     </span>
     <span class='ocr_line' id='line_1_14' title="bbox 132 1933 1223 2040; baseline 0.005 -32"><span class='ocrx_word' id='word_1_88' title='bbox 132 1933 301 2011; x_wconf 89' lang='lat' dir='ltr'><strong>homines</strong></span> <span class='ocrx_word' id='word_1_89' title='bbox 337 1938 451 2037; x_wconf 89' lang='lat' dir='ltr'><strong>probe</strong></span> <span class='ocrx_word' id='word_1_90' title='bbox 484 1940 643 2039; x_wconf 87' lang='lat' dir='ltr'><strong>experiri</strong></span> <span class='ocrx_word' id='word_1_91' title='bbox 676 1937 806 2014; x_wconf 87' lang='lat' dir='ltr'><strong>solent.</strong></span> <span class='ocrx_word' id='word_1_92' title='bbox 874 1940 1057 2027; x_wconf 82' lang='lat' dir='ltr'><strong>Quamvis</strong></span> <span class='ocrx_word' id='word_1_93' title='bbox 1089 1961 1223 2040; x_wconf 85' lang='lat' dir='ltr'><strong>corpus</strong></span> 
     </span>
     <span class='ocr_line' id='line_1_15' title="bbox 132 2050 1221 2152; baseline 0.006 -32"><span class='ocrx_word' id='word_1_94' title='bbox 132 2070 246 2122; x_wconf 88' lang='lat' dir='ltr'><strong>suum</strong></span> <span class='ocrx_word' id='word_1_95' title='bbox 271 2050 348 2124; x_wconf 80' lang='lat' dir='ltr'><strong>fere</strong></span> <span class='ocrx_word' id='word_1_96' title='bbox 377 2072 523 2151; x_wconf 87' lang='lat' dir='ltr'><strong>semper</strong></span> <span class='ocrx_word' id='word_1_97' title='bbox 549 2052 706 2126; x_wconf 87' lang='lat' dir='ltr'><strong>calorem</strong></span> <span class='ocrx_word' id='word_1_98' title='bbox 736 2062 937 2139; x_wconf 85' lang='lat' dir='ltr'><strong>conservet,</strong></span> <span class='ocrx_word' id='word_1_99' title='bbox 974 2052 1056 2127; x_wconf 85' lang='lat' dir='ltr'><strong>lieri</strong></span> <span class='ocrx_word' id='word_1_100' title='bbox 1088 2053 1221 2152; x_wconf 91' lang='lat' dir='ltr'><strong>nequit</strong></span> 
     </span>
     <span class='ocr_line' id='line_1_16' title="bbox 130 2160 1224 2263; baseline 0.006 -30"><span class='ocrx_word' id='word_1_101' title='bbox 130 2160 227 2259; x_wconf 91' lang='lat' dir='ltr'><strong>quin</strong></span> <span class='ocrx_word' id='word_1_102' title='bbox 244 2160 325 2259; x_wconf 91' lang='lat' dir='ltr'><strong>ejus</strong></span> <span class='ocrx_word' id='word_1_103' title='bbox 342 2163 551 2263; x_wconf 86' lang='lat' dir='ltr'><strong>superficies</strong></span> <span class='ocrx_word' id='word_1_104' title='bbox 568 2163 697 2239; x_wconf 85' lang='lat' dir='ltr'><strong>saltem</strong></span> <span class='ocrx_word' id='word_1_105' title='bbox 710 2165 758 2239; x_wconf 86' lang='lat' dir='ltr'><strong>ab</strong></span> <span class='ocrx_word' id='word_1_106' title='bbox 769 2173 851 2240; x_wconf 68' lang='lat' dir='ltr'><strong>aere</strong></span> <span class='ocrx_word' id='word_1_107' title='bbox 863 2162 1051 2240; x_wconf 81' lang='lat' dir='ltr'><strong>ambiente</strong></span> <span class='ocrx_word' id='word_1_108' title='bbox 1065 2175 1224 2240; x_wconf 87' lang='lat' dir='ltr'><strong>externo</strong></span> 
     </span>
     <span class='ocr_line' id='line_1_17' title="bbox 128 2269 1221 2378; baseline 0.005 -31"><span class='ocrx_word' id='word_1_109' title='bbox 128 2269 324 2351; x_wconf 82' lang='lat' dir='ltr'><strong>afficiatur.</strong></span> <span class='ocrx_word' id='word_1_110' title='bbox 367 2276 504 2378; x_wconf 86' lang='lat' dir='ltr'><strong>Neque</strong></span> <span class='ocrx_word' id='word_1_111' title='bbox 520 2279 658 2378; x_wconf 86' lang='lat' dir='ltr'><strong>exigua</strong></span> <span class='ocrx_word' id='word_1_112' title='bbox 669 2278 727 2354; x_wconf 85' lang='lat' dir='ltr'><strong>vis</strong></span> <span class='ocrx_word' id='word_1_113' title='bbox 743 2287 810 2367; x_wconf 89' lang='lat' dir='ltr'><strong>est,</strong></span> <span class='ocrx_word' id='word_1_114' title='bbox 827 2278 1010 2378; x_wconf 87' lang='lat' dir='ltr'><strong>quacalor</strong></span> <span class='ocrx_word' id='word_1_115' title='bbox 1022 2278 1093 2353; x_wconf 90' lang='lat' dir='ltr'><strong>hoc</strong></span> <span class='ocrx_word' id='word_1_116' title='bbox 1111 2278 1221 2352; x_wconf 88' lang='lat' dir='ltr'><strong>modo</strong></span> 
     </span>
     <span class='ocr_line' id='line_1_18' title="bbox 131 2385 1222 2492; baseline 0.006 -34"><span class='ocrx_word' id='word_1_117' title='bbox 131 2385 172 2459; x_wconf 91' lang='lat' dir='ltr'><strong>in</strong></span> <span class='ocrx_word' id='word_1_118' title='bbox 190 2387 365 2465; x_wconf 89' lang='lat' dir='ltr'><strong>universo</strong></span> <span class='ocrx_word' id='word_1_119' title='bbox 389 2412 540 2491; x_wconf 87' lang='lat' dir='ltr'><strong>corpore</strong></span> <span class='ocrx_word' id='word_1_120' title='bbox 564 2391 712 2492; x_wconf 88' lang='lat' dir='ltr'><strong>polleat.</strong></span> <span class='ocrx_word' id='word_1_121' title='bbox 763 2391 889 2480; x_wconf 85' lang='lat' dir='ltr'><strong>Quam</strong></span> <span class='ocrx_word' id='word_1_122' title='bbox 917 2391 1029 2492; x_wconf 86' lang='lat' dir='ltr'><strong>longe</strong></span> <span class='ocrx_word' id='word_1_123' title='bbox 1053 2391 1160 2465; x_wconf 82' lang='lat' dir='ltr'><strong>aliter</strong></span> <span class='ocrx_word' id='word_1_124' title='bbox 1181 2414 1222 2465; x_wconf 89' lang='lat' dir='ltr'><strong>se</strong></span> 
     </span>
     <span class='ocr_line' id='line_1_19' title="bbox 127 2496 1221 2605; baseline 0.004 -33"><span class='ocrx_word' id='word_1_125' title='bbox 127 2496 256 2589; x_wconf 80' lang='lat' dir='ltr'><strong>habet,</strong></span> <span class='ocrx_word' id='word_1_126' title='bbox 282 2502 360 2603; x_wconf 86' lang='lat' dir='ltr'><strong>qui,</strong></span> <span class='ocrx_word' id='word_1_127' title='bbox 377 2500 520 2579; x_wconf 86' lang='lat' dir='ltr'><strong>fervido</strong></span> <span class='ocrx_word' id='word_1_128' title='bbox 537 2506 681 2580; x_wconf 83' lang='lat' dir='ltr'><strong>Austro</strong></span> <span class='ocrx_word' id='word_1_129' title='bbox 698 2502 871 2605; x_wconf 84' lang='lat' dir='ltr'><strong>spirante,</strong></span> <span class='ocrx_word' id='word_1_130' title='bbox 895 2505 1007 2579; x_wconf 88' lang='lat' dir='ltr'><strong>hebes</strong></span> <span class='ocrx_word' id='word_1_131' title='bbox 1022 2514 1061 2578; x_wconf 91' lang='lat' dir='ltr'><strong>et</strong></span> <span class='ocrx_word' id='word_1_132' title='bbox 1076 2503 1221 2602; x_wconf 82' lang='lat' dir='ltr'><strong>langui-</strong></span> 
     </span>
     <span class='ocr_line' id='line_1_20' title="bbox 131 2611 1222 2716; baseline 0.005 -32"><span class='ocrx_word' id='word_1_133' title='bbox 131 2611 204 2687; x_wconf 90' lang='lat' dir='ltr'><strong>dus</strong></span> <span class='ocrx_word' id='word_1_134' title='bbox 221 2614 350 2704; x_wconf 85' lang='lat' dir='ltr'><strong>factus,</strong></span> <span class='ocrx_word' id='word_1_135' title='bbox 368 2616 535 2691; x_wconf 87' lang='lat' dir='ltr'><strong>membra</strong></span> <span class='ocrx_word' id='word_1_136' title='bbox 551 2643 617 2692; x_wconf 86' lang='lat' dir='ltr'><strong>sua</strong></span> <span class='ocrx_word' id='word_1_137' title='bbox 632 2640 730 2716; x_wconf 83' lang='lat' dir='ltr'><strong>aegre</strong></span> <span class='ocrx_word' id='word_1_138' title='bbox 746 2618 871 2703; x_wconf 86' lang='lat' dir='ltr'><strong>trahit,</strong></span> <span class='ocrx_word' id='word_1_139' title='bbox 900 2641 942 2688; x_wconf 87' lang='lat' dir='ltr'><strong>ac</strong></span> <span class='ocrx_word' id='word_1_140' title='bbox 957 2614 1028 2700; x_wconf 90' lang='lat' dir='ltr'><strong>ille,</strong></span> <span class='ocrx_word' id='word_1_141' title='bbox 1046 2616 1123 2712; x_wconf 90' lang='lat' dir='ltr'><strong>qui,</strong></span> <span class='ocrx_word' id='word_1_142' title='bbox 1149 2615 1222 2690; x_wconf 87' lang='lat' dir='ltr'><strong>sub</strong></span> 
     </span>
     <span class='ocr_line' id='line_1_21' title="bbox 131 2722 1220 2826; baseline 0.004 -32"><span class='ocrx_word' id='word_1_143' title='bbox 131 2722 269 2820; x_wconf 83' lang='lat' dir='ltr'><strong>frigido</strong></span> <span class='ocrx_word' id='word_1_144' title='bbox 286 2727 491 2826; x_wconf 83' lang='lat' dir='ltr'><strong>Aquilone,</strong></span> <span class='ocrx_word' id='word_1_145' title='bbox 515 2748 625 2801; x_wconf 87' lang='lat' dir='ltr'><strong>cursu</strong></span> <span class='ocrx_word' id='word_1_146' title='bbox 650 2727 791 2824; x_wconf 82' lang='lat' dir='ltr'><strong>glaciali</strong></span> <span class='ocrx_word' id='word_1_147' title='bbox 820 2749 860 2798; x_wconf 88' lang='lat' dir='ltr'><strong>se</strong></span> <span class='ocrx_word' id='word_1_148' title='bbox 887 2735 1044 2811; x_wconf 86' lang='lat' dir='ltr'><strong>exercet,</strong></span> <span class='ocrx_word' id='word_1_149' title='bbox 1072 2725 1220 2798; x_wconf 87' lang='lat' dir='ltr'><strong>univer-</strong></span> 
     </span>
     <span class='ocr_line' id='line_1_22' title="bbox 130 2836 920 2935; baseline 0.003 -29"><span class='ocrx_word' id='word_1_150' title='bbox 130 2852 215 2906; x_wconf 86' lang='lat' dir='ltr'><strong>sum</strong></span> <span class='ocrx_word' id='word_1_151' title='bbox 233 2858 366 2934; x_wconf 84' lang='lat' dir='ltr'><strong>eorpus</strong></span> <span class='ocrx_word' id='word_1_152' title='bbox 382 2836 523 2923; x_wconf 88' lang='lat' dir='ltr'><strong>firmus,</strong></span> <span class='ocrx_word' id='word_1_153' title='bbox 540 2837 697 2922; x_wconf 83' lang='lat' dir='ltr'><strong>mobilia,</strong></span> <span class='ocrx_word' id='word_1_154' title='bbox 714 2836 920 2935; x_wconf 85' lang='lat' dir='ltr'><strong>expeditus.</strong></span> 
     </span>
    </p>

    <p class='ocr_par' dir='ltr' id='par_1_4' title="bbox 126 2946 1219 3498">
     <span class='ocr_line' id='line_1_23' title="bbox 178 2946 1218 3047; baseline 0.008 -29"><span class='ocrx_word' id='word_1_155' title='bbox 178 2966 291 3018; x_wconf 78' lang='lat' dir='ltr'><strong>xciv.</strong></span> <span class='ocrx_word' id='word_1_156' title='bbox 321 2946 443 3019; x_wconf 84' lang='lat' dir='ltr'><strong>Variae</strong></span> <span class='ocrx_word' id='word_1_157' title='bbox 458 2968 585 3034; x_wconf 85' lang='lat' dir='ltr'><strong>oausae,</strong></span> <span class='ocrx_word' id='word_1_158' title='bbox 611 2969 696 3044; x_wconf 87' lang='lat' dir='ltr'><strong>quae</strong></span> <span class='ocrx_word' id='word_1_159' title='bbox 713 2946 869 3047; x_wconf 76' lang='lat' dir='ltr'><strong>singulae</strong></span> <span class='ocrx_word' id='word_1_160' title='bbox 885 2958 943 3022; x_wconf 90' lang='lat' dir='ltr'><strong>tot</strong></span> <span class='ocrx_word' id='word_1_161' title='bbox 966 2949 1087 3023; x_wconf 87' lang='lat' dir='ltr'><strong>modis</strong></span> <span class='ocrx_word' id='word_1_162' title='bbox 1111 2948 1218 3027; x_wconf 87' lang='lat' dir='ltr'><strong>dotes</strong></span> 
     </span>
     <span class='ocr_line' id='line_1_24' title="bbox 127 3050 1217 3161; baseline 0.01 -33"><span class='ocrx_word' id='word_1_163' title='bbox 127 3050 238 3129; x_wconf 77' lang='lat' dir='ltr'><strong>ualidi</strong></span> <span class='ocrx_word' id='word_1_164' title='bbox 254 3054 430 3133; x_wconf 79' lang='lat' dir='ltr'><strong>animulis</strong></span> <span class='ocrx_word' id='word_1_165' title='bbox 446 3058 590 3133; x_wconf 81' lang='lat' dir='ltr'><strong>afficere</strong></span> <span class='ocrx_word' id='word_1_166' title='bbox 607 3058 736 3148; x_wconf 83' lang='lat' dir='ltr'><strong>solent,</strong></span> <span class='ocrx_word' id='word_1_167' title='bbox 758 3059 968 3159; x_wconf 73' lang='lat' dir='ltr'><strong>conjunctae</strong></span> <span class='ocrx_word' id='word_1_168' title='bbox 984 3063 1140 3161; x_wconf 91' lang='lat' dir='ltr'><strong>majores</strong></span> <span class='ocrx_word' id='word_1_169' title='bbox 1155 3065 1217 3140; x_wconf 88' lang='lat' dir='ltr'><strong>ad-</strong></span> 
     </span>
     <span class='ocr_line' id='line_1_25' title="bbox 126 3166 1219 3276; baseline 0.012 -36"><span class='ocrx_word' id='word_1_170' title='bbox 126 3166 202 3242; x_wconf 91' lang='lat' dir='ltr'><strong>huc</strong></span> <span class='ocrx_word' id='word_1_171' title='bbox 219 3167 374 3245; x_wconf 84' lang='lat' dir='ltr'><strong>effectus</strong></span> <span class='ocrx_word' id='word_1_172' title='bbox 390 3181 587 3269; x_wconf 73' lang='lat' dir='ltr'><strong>prestant:</strong></span> <span class='ocrx_word' id='word_1_173' title='bbox 613 3170 750 3247; x_wconf 87' lang='lat' dir='ltr'><strong>docent</strong></span> <span class='ocrx_word' id='word_1_174' title='bbox 764 3174 1018 3274; x_wconf 82' lang='lat' dir='ltr'><strong>experimenta</strong></span> <span class='ocrx_word' id='word_1_175' title='bbox 1035 3200 1057 3249; x_wconf 89' lang='lat' dir='ltr'><strong>a</strong></span> <span class='ocrx_word' id='word_1_176' title='bbox 1077 3177 1219 3276; x_wconf 71' lang='lat' dir='ltr'><strong>Brpcn</strong></span> 
     </span>
     <span class='ocr_line' id='line_1_26' title="bbox 126 3280 1215 3378; baseline 0.008 -22"><span class='ocrx_word' id='word_1_177' title='bbox 126 3280 320 3360; x_wconf 78' lang='lat' dir='ltr'><strong>Robinson</strong></span> <span class='ocrx_word' id='word_1_178' title='bbox 346 3284 539 3371; x_wconf 81' lang='lat' dir='ltr'><strong>instituta3</strong></span> <span class='ocrx_word' id='word_1_179' title='bbox 577 3285 712 3361; x_wconf 82' lang='lat' dir='ltr'><strong>docent</strong></span> <span class='ocrx_word' id='word_1_180' title='bbox 740 3286 896 3363; x_wconf 83' lang='lat' dir='ltr'><strong>effeetus</strong></span> <span class='ocrx_word' id='word_1_181' title='bbox 929 3287 1052 3363; x_wconf 86' lang='lat' dir='ltr'><strong>balnei</strong></span> <span class='ocrx_word' id='word_1_182' title='bbox 1084 3290 1215 3378; x_wconf 86' lang='lat' dir='ltr'><strong>calidi;</strong></span> 
     </span>
     <span class='ocr_line' id='line_1_27' title="bbox 126 3392 725 3498; baseline 0.015 -32"><span class='ocrx_word' id='word_1_183' title='bbox 126 3392 237 3469; x_wconf 86' lang='lat' dir='ltr'><strong>docet</strong></span> <span class='ocrx_word' id='word_1_184' title='bbox 253 3400 472 3496; x_wconf 88' lang='lat' dir='ltr'><strong>quotidiana</strong></span> <span class='ocrx_word' id='word_1_185' title='bbox 487 3399 725 3498; x_wconf 85' lang='lat' dir='ltr'><strong>experientia.</strong></span> 
     </span>
    </p>

    <p class='ocr_par' dir='ltr' id='par_1_5' title="bbox 73 3511 1215 4042">
     <span class='ocr_line' id='line_1_28' title="bbox 175 3511 1215 3615; baseline 0.01 -34"><span class='ocrx_word' id='word_1_186' title='bbox 175 3528 270 3583; x_wconf 84' lang='lat' dir='ltr'><strong>xcv.</strong></span> <span class='ocrx_word' id='word_1_187' title='bbox 296 3511 360 3584; x_wconf 89' lang='lat' dir='ltr'><strong>Ex</strong></span> <span class='ocrx_word' id='word_1_188' title='bbox 378 3511 446 3585; x_wconf 88' lang='lat' dir='ltr'><strong>hae</strong></span> <span class='ocrx_word' id='word_1_189' title='bbox 462 3513 615 3586; x_wconf 87' lang='lat' dir='ltr'><strong>materis</strong></span> <span class='ocrx_word' id='word_1_190' title='bbox 630 3515 742 3589; x_wconf 76' lang='lat' dir='ltr'><strong>variae</strong></span> <span class='ocrx_word' id='word_1_191' title='bbox 769 3515 930 3615; x_wconf 89' lang='lat' dir='ltr'><strong>corporis</strong></span> <span class='ocrx_word' id='word_1_192' title='bbox 946 3524 1080 3614; x_wconf 88' lang='lat' dir='ltr'><strong>partes,</strong></span> <span class='ocrx_word' id='word_1_193' title='bbox 1106 3518 1215 3591; x_wconf 83' lang='lat' dir='ltr'><strong>variis</strong></span> 
     </span>
     <span class='ocr_line' id='line_1_29' title="bbox 124 3623 1215 3723; baseline 0.009 -30"><span class='ocrx_word' id='word_1_194' title='bbox 124 3623 264 3707; x_wconf 85' lang='lat' dir='ltr'><strong>muniis</strong></span> <span class='ocrx_word' id='word_1_195' title='bbox 297 3635 404 3723; x_wconf 87' lang='lat' dir='ltr'><strong>aptae,</strong></span> <span class='ocrx_word' id='word_1_196' title='bbox 438 3625 547 3700; x_wconf 89' lang='lat' dir='ltr'><strong>fiunt.</strong></span> <span class='ocrx_word' id='word_1_197' title='bbox 610 3627 793 3702; x_wconf 90' lang='lat' dir='ltr'><strong>Nondum</strong></span> <span class='ocrx_word' id='word_1_198' title='bbox 820 3638 925 3702; x_wconf 88' lang='lat' dir='ltr'><strong>certa-</strong></span> <span class='ocrx_word' id='word_1_199' title='bbox 954 3626 1030 3702; x_wconf 86' lang='lat' dir='ltr'><strong>fide</strong></span> <span class='ocrx_word' id='word_1_200' title='bbox 1061 3638 1215 3717; x_wconf 89' lang='lat' dir='ltr'><strong>constat,</strong></span> 
     </span>
     <span class='ocr_line' id='line_1_30' title="bbox 86 3728 1214 3831; baseline 0.009 -25"><span class='ocrx_word' id='word_1_201' title='bbox 86 3772 88 3776; x_wconf 90' lang='lat'><em>·</em></span> <span class='ocrx_word' id='word_1_202' title='bbox 124 3752 297 3831; x_wconf 74' lang='lat' dir='ltr'><strong>quaenam</strong></span> <span class='ocrx_word' id='word_1_203' title='bbox 315 3736 363 3811; x_wconf 91' lang='lat' dir='ltr'><strong>sit</strong></span> <span class='ocrx_word' id='word_1_204' title='bbox 380 3735 490 3813; x_wconf 69' lang='lat' dir='ltr'><strong>solidi</strong></span> <span class='ocrx_word' id='word_1_205' title='bbox 502 3738 678 3819; x_wconf 79' lang='lat' dir='ltr'><strong>animalis</strong></span> <span class='ocrx_word' id='word_1_206' title='bbox 694 3740 827 3815; x_wconf 89' lang='lat' dir='ltr'><strong>ultima</strong></span> <span class='ocrx_word' id='word_1_207' title='bbox 843 3751 883 3815; x_wconf 91' lang='lat' dir='ltr'><strong>et</strong></span> <span class='ocrx_word' id='word_1_208' title='bbox 899 3728 1148 3816; x_wconf 83' lang='lat' dir='ltr'><strong>minutissima</strong></span> <span class='ocrx_word' id='word_1_209' title='bbox 1163 3741 1214 3816; x_wconf 84' lang='lat' dir='ltr'><strong>sa-</strong></span> 
     </span>
     <span class='ocr_line' id='line_1_31' title="bbox 73 3844 1213 3954; baseline 0.007 -35"><span class='ocrx_word' id='word_1_210' title='bbox 73 3879 76 3883; x_wconf 44' lang='lat'><em>*</em></span> <span class='ocrx_word' id='word_1_211' title='bbox 122 3844 241 3925; x_wconf 76' lang='lat' dir='ltr'><strong>blica·</strong></span> <span class='ocrx_word' id='word_1_212' title='bbox 270 3850 358 3924; x_wconf 89' lang='lat' dir='ltr'><strong>Sive</strong></span> <span class='ocrx_word' id='word_1_213' title='bbox 375 3874 424 3924; x_wconf 89' lang='lat' dir='ltr'><strong>ex</strong></span> <span class='ocrx_word' id='word_1_214' title='bbox 440 3851 555 3941; x_wconf 85' lang='lat' dir='ltr'><strong>fibris,</strong></span> <span class='ocrx_word' id='word_1_215' title='bbox 580 3853 652 3929; x_wconf 83' lang='lat' dir='ltr'><strong>filis</strong></span> <span class='ocrx_word' id='word_1_216' title='bbox 669 3853 807 3929; x_wconf 87' lang='lat' dir='ltr'><strong>scilicet</strong></span> <span class='ocrx_word' id='word_1_217' title='bbox 824 3853 954 3954; x_wconf 81' lang='lat' dir='ltr'><strong>longis,</strong></span> <span class='ocrx_word' id='word_1_218' title='bbox 971 3867 1101 3953; x_wconf 80' lang='lat' dir='ltr'><strong>parum</strong></span> <span class='ocrx_word' id='word_1_219' title='bbox 1120 3853 1213 3943; x_wconf 85' lang='lat' dir='ltr'><strong>latis,</strong></span> 
     </span>
     <span class='ocr_line' id='line_1_32' title="bbox 122 3960 1214 4097; baseline 0.007 -64"><span class='ocrx_word' id='word_1_220' title='bbox 122 3960 223 4034; x_wconf 73' lang='lat' dir='ltr'><strong>sarie</strong></span> <span class='ocrx_word' id='word_1_221' title='bbox 238 3961 337 4037; x_wconf 86' lang='lat' dir='ltr'><strong>inter</strong></span> <span class='ocrx_word' id='word_1_222' title='bbox 353 3984 393 4038; x_wconf 88' lang='lat' dir='ltr'><strong>se</strong></span> <span class='ocrx_word' id='word_1_223' title='bbox 408 3965 533 4053; x_wconf 84' lang='lat' dir='ltr'><strong>textis,</strong></span> <span class='ocrx_word' id='word_1_224' title='bbox 551 3974 705 4097; x_wconf 74' lang='lat' dir='ltr'><strong>constet,</strong></span> <span class='ocrx_word' id='word_1_225' title='bbox 734 3973 781 4040; x_wconf 90' lang='lat' dir='ltr'><strong>ut</strong></span> <span class='ocrx_word' id='word_1_226' title='bbox 795 3965 905 4040; x_wconf 87' lang='lat' dir='ltr'><strong>docet</strong></span> <span class='ocrx_word' id='word_1_227' title='bbox 922 3963 1214 4050; x_wconf 66' lang='lat' dir='ltr'><strong>matuatus,-</strong></span> 
     </span>
    </p>
   </div>
   <div class='ocr_carea' id='block_1_3' title="bbox 119 4300 1212 4406">
    <p class='ocr_par' dir='ltr' id='par_1_6' title="bbox 119 4300 1212 4406">
     <span class='ocr_line' id='line_1_33' title="bbox 119 4300 1212 4406; baseline 0.005 -34"><span class='ocrx_word' id='word_1_228' title='bbox 119 4300 201 4377; x_wconf 82' lang='lat' dir='ltr'><strong>sire</strong></span> <span class='ocrx_word' id='word_1_229' title='bbox 216 4326 265 4381; x_wconf 82' lang='lat' dir='ltr'><strong>ex</strong></span> <span class='ocrx_word' id='word_1_230' title='bbox 280 4303 382 4381; x_wconf 84' lang='lat' dir='ltr'><strong>fibris</strong></span> <span class='ocrx_word' id='word_1_231' title='bbox 398 4302 622 4406; x_wconf 77' lang='lat' dir='ltr'><strong>luminisque</strong></span> <span class='ocrx_word' id='word_1_232' title='bbox 639 4301 713 4382; x_wconf 78' lang='lat' dir='ltr'><strong>tela</strong></span> <span class='ocrx_word' id='word_1_233' title='bbox 729 4300 904 4382; x_wconf 76' lang='lat' dir='ltr'><strong>cellulum</strong></span> <span class='ocrx_word' id='word_1_234' title='bbox 919 4302 1001 4394; x_wconf 79' lang='lat' dir='ltr'><strong>fiat,</strong></span> <span class='ocrx_word' id='word_1_235' title='bbox 1016 4312 1066 4386; x_wconf 85' lang='lat' dir='ltr'><strong>ut</strong></span> <span class='ocrx_word' id='word_1_236' title='bbox 1080 4326 1129 4379; x_wconf 81' lang='lat' dir='ltr'><strong>ex</strong></span> <span class='ocrx_word' id='word_1_237' title='bbox 1145 4304 1212 4378; x_wconf 87' lang='lat' dir='ltr'><strong>hae</strong></span> 
     </span>
    </p>
   </div>
   <div class='ocr_carea' id='block_1_4' title="bbox 0 0 1344 4794">
    <p class='ocr_par' dir='ltr' id='par_1_7' title="bbox 0 0 1344 4794">
     <span class='ocr_line' id='line_1_34' title="bbox 0 0 1344 4794; baseline 0 4"><span class='ocrx_word' id='word_1_238' title='bbox 0 0 1344 4794; x_wconf 95' lang='lat' dir='ltr'><strong> </strong></span> 
     </span>
    </p>
   </div>
  </div>
 </body>
</html>
