2678 4794
122 378 195 446 622
521 372 774 442 consecutos
933 372 1025 428 oar.
1046 373 1223 428 xxxam.

122 566 267 667 primus
282 561 521 640 errltinotttm
537 581 638 645 usus,
664 553 728 628 tali
753 550 1017 628 consuetudini
1049 550 1217 650 aliquan·

123 680 191 755 diu
207 678 379 752 stabilitae
395 678 580 770 (siccem)
598 691 693 768 saepe
710 665 970 764 obtemperare
985 675 1154 763 oportet
1227 705 1228 708 ¹

176 813 313 867 mnan.
352 790 653 865 Sternutamenta
681 778 871 876 denique„
889 776 960 850 alia
987 788 1030 852 et
1059 777 1213 850 minime

125 901 279 978 obscura
302 903 453 987 ratione,
478 920 573 997 soepe
597 889 801 994 periculosa
817 898 928 976 sunt„
941 889 981 962 in
998 889 1122 962 nimia
1137 912 1210 962 san·

127 1016 254 1114 guinis
283 1013 519 1097 abundantia,
554 1006 686 1083 autin
719 1003 841 1102 capite
873 1009 939 1076 aut
971 999 1211 1099 pulmonibus

127 1127 375 1226 congestione,
400 1133 439 1198 et
466 1131 613 1197 recente
629 1130 668 1192 et
685 1114 905 1191 vehemente
933 1111 1132 1187 oculorum
1160 1113 1209 1186 in·

125 1237 384 1324 flammatione,
401 1246 442 1310 et
457 1235 497 1309 in
514 1231 721 1307 ramicosis:
747 1249 870 1326 neque
891 1224 1060 1324 profecto
1077 1235 1208 1301 temere

125 1359 215 1424 sunt
231 1348 477 1449 praecipienda
492 1347 537 1420 iis
553 1345 618 1445 qui
636 1342 697 1417 vel
712 1338 880 1445 hysterio
908 1337 969 1412 vel
998 1338 1133 1413 morbo
1155 1361 1208 1413 co·

87 1468 93 1483 “
126 1461 259 1536 mitiali
277 1463 400 1559 (uox)
417 1459 594 1534 laborant.

178 1594 336 1649 sruxnn
362 1571 570 1673 Siologogu
586 1567 748 1646 remedia
763 1567 939 1642 dicuntur
967 1563 1033 1642 illa
1061 1589 1147 1666 quae
1160 1588 1209 1640 sa·

127 1684 241 1762 livam
259 1697 424 1762 movent.

180 1822 327 1875 noxw.
367 1800 456 1876 Hoc
483 1806 609 1874 autem
639 1797 749 1871 variis
782 1790 904 1869 modis
935 1792 1033 1867 effici
1069 1800 1208 1893 potest;

128 1910 216 1985 fluit
232 1912 332 1986 enim
349 1910 462 1984 saliva
482 1910 664 2008 copiosius
682 1908 790 1982 solito
807 1908 837 1982 si
853 1930 894 1981 cs
908 1906 1054 1981 idoneis
1066 1902 1208 2008 gorgo

128 2021 296 2096 mensalia
320 2019 596 2097 emollientibus
613 2020 787 2097 colluitur
802 2030 916 2120 atque
932 2019 1107 2106 fovetur3
1129 2018 1209 2093 fluit

127 2132 240 2207 etiam
262 2133 400 2232 insigni
427 2137 635 2233 quantitate
661 2136 758 2208 inter
784 2132 1051 2221 mandendum,
1078 2131 1210 2208 scilicet

108 2262 111 2267 ’
127 2245 217 2343 quia
232 2246 329 2320 actio
345 2246 610 2334 musculorum,
634 2258 672 2321 et
688 2256 813 2322 motus
829 2244 992 2319 maxillae
1006 2254 1047 2318 et
1064 2243 1209 2344 lingua,

127 2355 322 2456 glandulas
337 2383 425 2457 quae
441 2359 541 2434 illam
560 2371 765 2447 secernunt,
790 2368 828 2432 et
845 2366 989 2431 meatus
1006 2358 1090 2456 qui,
1106 2358 1144 2431 in
1171 2378 1210 2430 os

129 2469 312 2559 deserunt,
329 2472 443 2570 probe
455 2473 672 2572 exprimunt
689 2485 801 2571 atque
818 2468 1023 2569 emulgent,
1039 2469 1210 2569 quamvis

127 2604 186 2656 res
203 2583 282 2683 ipsa
305 2608 392 2683 quae
416 2585 608 2659 manditur
636 2585 824 2658 mitissima
850 2582 985 2657 fuerit:
1006 2579 1210 2682 gargaris-

128 2703 230 2769 Μία
248 2720 346 2784 vero,
367 2706 481 2796 atque
497 2696 752 2774 nocticoloric
769 2696 1003 2793 aliquantum
1022 2694 1208 2770 stimulan-

128 2809 181 2880 tia
197 2815 237 2879 et
251 2809 357 2894 atria,
382 2832 585 2907 persuum
615 2808 809 2884 stimulum
828 2807 1036 2896 clenicam,
1060 2806 1203 2882 salivam

128 2917 250 2992 multo
267 2919 450 2995 efficacius
465 2931 630 2997 movent.
681 2921 786 2995 Hinc
814 2921 909 2995 actio
933 2921 1134 2995 multorum
1151 2939 1202 2990 sa·

128 3030 233 3115 lium,
259 3038 299 3102 et
314 3054 416 3115 cerae,
441 3033 569 3105 resinae
590 3031 789 3131 piataobt‘ae
813 3031 969 3121 lentisci,
994 3027 1203 3133 gummi-te·

127 3141 218 3215 sinae
240 3138 413 3239 myrrhae,
437 3154 657 3230 aromatum,
682 3143 882 3220 nicotionoe
898 3143 1034 3232 tabces',
1058 3140 1208 3242 ejusque

127 3254 233 3341 sumi,
249 3256 313 3329 &c
331 3255 369 3327 in
388 3254 518 3330 cienda
533 3254 645 3331 saliva
661 3255 766 3364 facile
782 3255 1023 3356 intelligetur.

179 3389 307 3441 mcxv.
335 3368 501 3456 Quidam
530 3368 647 3443 animi
675 3368 838 3457 affectus,
862 3377 902 3444 et
930 3370 1013 3444 soni
1042 3365 1210 3444 nonnulli

127 3479 305 3566 acerrimi,
341 3479 566 3578 auribusque
592 3483 840 3582 ingratissimi,
877 3506 1060 3581 magnum
1091 3481 1209 3557 sclivae

129 3588 278 3664 fluxum
293 3617 388 3691 saepe
401 3593 569 3670 efficiunt
582 3624 591 3684 ;
616 3597 682 3671 sed
699 3596 777 3670 haec
791 3592 886 3670 nihil
900 3594 948 3670 ad
966 3617 1080 3670 usum
1097 3593 1208 3669 medi·

127 3726 214 3776 cum
232 3705 430 3801 pertinent.

52 3860 56 3867 ,
179 3835 323 3890 Muxvr.
343 3818 491 3894 Nausea
507 3829 546 3895 et
561 3821 737 3909 vomitus,
758 3846 835 3921 quo
852 3819 965 3896 modo
980 3843 1135 3919 cunque
1150 3840 1208 3894 ex·

126 3924 249 4014 citata',
268 3929 380 4003 etiam
399 3935 736 4030 saporesnauseosi,
752 3932 902 4008 salivam
918 3944 1100 4019 movent3
1127 3933 1209 4006 hinc

125 4039 455 4116 omniavomitoria
467 4045 737 4122 medicamenta
746 4045 794 4119 ad
802 4045 901 4119 illam
912 4044 1084 4120 mendam
1096 4044 1207 4121 utilia.

123 4147 200 4336 {eea}
218 4148 266 4224 de
283 4151 348 4339 talti
365 4175 494 4229 eorum
513 4178 584 4232 usu
600 4180 668 4233 suo
683 4156 765 4255 jam
782 4156 863 4234 loco
877 4158 1207 4253 (necotxxxnn)

202 4285 269 4339 um
283 4285 350 4338 es.
548 4316 551 4321 ·
702 4315 705 4321 -
896 4308 899 4315 ·
