2678 4794
129 108 218 166 cnr.
235 106 328 164 xxr.
407 105 629 164 numerum
647 110 936 170 nnnoanrrcm.
1136 105 1209 183 am

130 287 346 373 nanitiones,
362 284 631 363 medioamenta
645 285 805 377 fortiora,
817 290 909 364 varii
920 291 1071 366 demum
1081 295 1209 370 morbi.

129 398 279 476 Menses
304 422 457 498 quoque
483 423 528 474 eo
559 400 700 476 facilius
732 402 991 501 impediuntur
1022 405 1208 492 instantes.

130 512 187 587 vel
202 512 459 611 reprimuntur
483 510 652 601 fluentes,
679 514 795 588 causis
823 539 908 613 quae
923 515 1138 591 viderentur
1161 517 1211 592 le-

128 625 296 713 vissimae,
314 625 571 723 suppressique
586 650 632 699 eo
644 627 761 724 magis
773 638 918 715 nooent,
935 628 1038 727 quod
1054 627 1209 712 insolita,

130 736 219 813 dum
235 739 380 811 instant
407 735 468 812 vel
491 736 627 827 fluunt,
655 739 816 815 universi
844 740 1003 838 oorporis
1028 740 1209 816 mobilitas

131 850 240 950 riget.

176 984 384 1039 ncccxvu.
402 960 507 1035 Hine
517 965 610 1038 ratio
625 964 664 1036 in
678 975 855 1062 promptu
868 965 948 1053 erit,
961 989 1026 1040 our
1039 965 1208 1066 plurima,

133 1084 170 1149 et
184 1074 384 1149 admodum
401 1073 544 1148 diversa
559 1075 731 1163 remedia,
747 1086 813 1150 aut
829 1075 1008 1150 induoant
1024 1088 1091 1152 aut
1105 1102 1209 1153 revo-

134 1195 218 1259 cent
233 1206 381 1274 memes,
406 1194 471 1260 aut
487 1186 584 1260 mala
600 1187 795 1261 sublevent
823 1213 871 1261 ex
888 1212 1015 1263 eorum
1042 1214 1208 1290 suppres-

133 1296 233 1371 sione
248 1297 499 1397 provenientia
513 1327 525 1391 3
552 1299 739 1388 nimirum,
756 1324 843 1399 quae
871 1325 1002 1401 corpus
1019 1302 1208 1402 impleant,

130 1408 309 1508 depleant,
334 1412 519 1501 roborent,
553 1409 690 1499 laxent,
715 1411 920 1500 stimulent,
949 1415 1103 1512 sopiant,
1129 1438 1207 1488 san-

126 1524 327 1623 guinemve
342 1536 493 1598 uterum
505 1547 631 1598 versus
642 1522 825 1623 dirigant:
852 1524 974 1622 qualia
987 1535 1075 1598 sunt
1086 1526 1207 1600 victus

127 1632 269 1723 lautior,
284 1636 473 1734 sanguinis
485 1636 672 1723 detractio,
688 1635 916 1710 stimulantis
928 1636 1206 1725 medicamenta,

127 1745 245 1823 veluti
259 1746 465 1823 helleborus
481 1748 597 1848 niger,
621 1757 688 1822 aut
703 1750 850 1845 gummi
865 1746 992 1836 calida,
1008 1772 1097 1823 aura
1120 1748 1207 1825 elec·

127 1858 232 1947 trion,
249 1860 474 1949 exercitatio,
501 1859 686 1948 balneum,
715 1859 889 1949 fomenta,
905 1862 1044 1959 opium,
1062 1865 1124 1936 &a
1143 1885 1206 1937 ne·

125 1996 198 2071 que
212 1971 353 2047 mirum
370 1972 440 2045 erit
456 1973 590 2058 omnia,
617 1972 730 2045 etiam
758 1972 1010 2046 laudatissima
1033 1975 1205 2063 remedia,

126 2107 227 2183 rpem
243 2084 381 2158 medici
410 2108 506 2183 saepe
534 2084 675 2167 fallere;
701 2108 824 2182 neque
839 2108 925 2157 sane
941 2083 1124 2170 credibile,
1152 2111 1206 2159 re-

125 2196 292 2270 medium
317 2195 486 2293 quodvis,
511 2195 572 2269 vel
600 2219 685 2269 oasu
702 2196 763 2268 vel
791 2196 931 2270 ratione
958 2219 1126 2292 unquam
1151 2220 1205 2270 re-

125 2318 272 2405 pertum
300 2307 356 2393 iri,
382 2307 486 2405 quod
514 2330 657 2405 semper
682 2306 775 2380 utile
801 2306 923 2392 fuerit,
956 2305 1203 2404 morbumque

126 2421 313 2506 sonaverit,
331 2421 398 2517 qui
413 2429 472 2495 tot
487 2429 641 2517 tamque
657 2421 772 2493 varias
788 2426 961 2516 agnoscat
978 2441 1113 2507 causas,
1129 2442 1205 2493 cor-

125 2534 278 2633 porique
293 2542 351 2607 tot
367 2544 521 2630 tamque
538 2532 690 2607 diversis
706 2531 826 2604 modis
842 2539 981 2605 noceat.

170 2668 391 2722 ncccxvnr.
416 2644 543 2733 Porro,
566 2669 710 2719 menses
726 2642 826 2717 baud
842 2667 923 2717 raro
937 2641 1000 2717 vel
1015 2641 1132 2717 nimia
1146 2667 1205 2719 oo·

125 2757 183 2855 pia
208 2757 413 2857 profluunt,
440 2755 501 2831 vel
527 2757 636 2832 nimis
663 2756 876 2854 frequenter
901 2755 1080 2829 redeunt:
1116 2754 1203 2829 alte-

126 2891 281 2968 mmque
307 2894 394 2945 cum
423 2868 537 2945 altero
552 2870 646 2944 vitio
672 2893 767 2967 saepe
789 2868 984 2967 jungitur3
1013 2866 1203 2955 nimirum,

127 2980 216 3076 quia
230 2990 432 3081 utrumque
449 2981 584 3056 similes
599 2981 674 3057 lere
690 3006 815 3057 causas
830 2981 1005 3080 agnoscit.

173 3114 366 3169 ncccxnr.
394 3093 526 3168 Causae
554 3092 638 3167 talis
665 3095 749 3169 vitii
777 3089 1080 3191 frequentissima
1105 3098 1204 3179 sunt,

123 3204 237 3279 nimia
253 3206 442 3305 sanguinis
459 3204 693 3292 abundantia,
709 3216 915 3302 auctusque
924 3202 1097 3300 impetus,
1114 3226 1204 3300 prae-

123 3318 244 3391 sertim
262 3327 411 3392 uterum
425 3341 552 3392 versus
564 3316 734 3404 directus,
752 3317 811 3392 vel
824 3312 1100 3391 stimulantibus
1116 3314 1204 3388 huic

124 3429 362 3527 partibusque
385 3431 516 3505 vicinis
550 3428 718 3515 admotis,
755 3427 816 3501 vel
848 3451 995 3527 spasmo
1030 3449 1094 3500 seu
1119 3449 1204 3499 con·

125 3543 300 3616 traetione
324 3541 448 3641 aliqua
479 3542 558 3616 aliis
582 3550 621 3615 et
655 3539 806 3616 remotis
841 3540 1006 3638 partibus
1042 3536 1204 3638 induetis

127 3650 363 3743 (ccccuxxv,
398 3659 666 3752 ccccuxxv1);
707 3650 908 3750 impeditus
942 3648 1130 3748 sanguinis
1154 3669 1211 3744 ex¹

128 3775 228 3841 utero
244 3792 312 3866 per
328 3791 440 3842 renas
456 3769 607 3856 reditus,
623 3773 773 3865 propter
785 3763 901 3838 varias
914 3760 1205 3850 obstructiones3

129 3870 252 3955 laxitas
268 3889 309 3955 et
325 3878 491 3956 debilitas
506 3880 604 3957 uteri
620 3878 775 3979 ejusque
803 3875 1016 3951 arteriarum
1032 3896 1056 3944 a
1078 3865 1202 3943 crebra
