2678 4794
54 386 155 443 car.
172 386 261 443 xrv.
360 384 580 445 aramenus
598 386 886 442 annonarios.
1072 376 1139 445 181

113 585 331 644 eccum.
355 563 461 639 Hinc
478 564 571 638 ratio
595 564 762 640 redditur
778 563 979 639 multorum
997 562 1139 637 morbo-

27 697 154 763 -rum,
171 686 209 751 et
223 675 473 751 remediorum
486 676 622 774 quibus
639 676 687 749 ad
701 677 791 751 istos
800 677 946 751 morbos
959 677 1137 749 sanandos

50 787 207 863 utimur.
263 786 370 862 Hinc
393 786 623 887 intelligitur,
648 813 714 863 cur
737 789 776 862 in
803 788 985 888 plerisque
1002 786 1138 861 morbis

51 900 170 975 acutis
194 900 358 999 corporis
381 900 487 999 quies
511 900 603 974 adeo
626 901 824 977 necessaria
840 903 906 987 sit;
934 923 1000 975 cur
1023 900 1062 973 in
1080 908 1138 973 tot

54 1008 134 1087 aliia
148 1010 278 1086 crebra
293 1011 505 1087 exercitatio
522 1013 707 1111 optimum
723 1013 940 1087 remedium.

103 1144 303 1200 ccccxxx.
333 1123 536 1213 Postremo,
562 1126 749 1225 sanguinis
774 1149 900 1200 cursus
925 1147 1047 1223 neque
1071 1147 1137 1222 per

55 1232 263 1331 pulmones,
288 1258 412 1334 neque
428 1258 514 1310 sane
538 1260 604 1335 per
619 1210 805 1335 reliquum
834 1261 974 1335 corpus,
992 1260 1039 1309 ne
1055 1235 1137 1334 qui-

54 1342 145 1417 dem
161 1370 229 1443 per
242 1346 355 1444 ipsius
370 1347 490 1421 cordis
501 1347 598 1422 latus
615 1348 815 1435 sinistrum,
831 1348 909 1421 fieri
925 1360 1047 1447 potest
1059 1349 1136 1422 sine

58 1456 317 1554 respiratione:
343 1458 450 1556 cujus
466 1459 559 1534 ratio
576 1483 643 1534 suo
659 1459 740 1534 loco
755 1460 940 1534 reddenda
956 1472 1021 1534 est.

111 1588 320 1644 ccccxxx1.
334 1570 466 1644 Motus
478 1572 666 1671 sanguinis
676 1596 791 1672 prope
803 1597 865 1647 cor
876 1573 1136 1662 velocissimus,

56 1677 98 1751 in
115 1680 317 1756 minoribus
332 1691 372 1756 et
387 1685 536 1779 remotis
552 1684 663 1758 ramis
679 1686 903 1770 arteriarum,
924 1684 1045 1759 multo
1063 1687 1137 1760 len-

58 1790 129 1863 tior
143 1791 280 1867 evadit
331 1793 473 1868 Frictio
489 1796 686 1894 omnigena
703 1796 777 1871 huc
793 1797 944 1883 confert,
961 1798 1136 1871 tenacitas

56 1900 171 2000 ipsius
194 1906 396 2004 sanguinis,
420 1905 578 1981 adhaesio
603 1908 682 2007 ejus
712 1909 757 1982 ad
783 1910 938 2008 parietes
955 1932 1137 1997 vasorum,

57 2014 203 2113 pondus
218 2017 381 2116 partium
396 2018 634 2110 dimotarum,
654 2032 693 2095 et
708 2045 782 2095 non
800 2022 961 2120 perfecte
978 2021 1137 2094 resilien-

58 2126 176 2203 tium:
202 2129 279 2217 sed,
296 2154 372 2228 prae
387 2131 570 2219 omnibus,
587 2132 720 2207 lentior
735 2133 780 2208 fit
796 2134 984 2232 sanguinis
1002 2144 1136 2220 motus,

59 2252 205 2340 propter
229 2253 378 2317 auctam
406 2245 548 2318 arteriae
572 2247 820 2345 capacitatem,
858 2255 969 2344 prout
994 2245 1072 2341 ipsa
1096 2244 1136 2315 in

59 2372 169 2428 ramos
194 2354 314 2428 divisa
335 2354 446 2447 fuerit
462 2357 709 2450 (ccccxvm).
760 2356 814 2427 Et
830 2355 993 2452 profecto
1009 2377 1137 2426 omnes

60 2461 134 2538 nlire
160 2466 418 2540 retardationis
446 2491 564 2541 causae
591 2466 637 2540 ad
656 2467 749 2538 hanc
764 2466 934 2549 redeunt,
959 2465 1137 2536 nimirum

61 2598 138 2673 quae
169 2578 289 2651 totius
332 2579 585 2653 retardationis
619 2600 789 2649 mensura
822 2585 889 2661 est,
931 2574 1137 2648 dummodo

61 2686 155 2762 nulla
169 2714 332 2787 usquam
350 2691 551 2766 obstructio
578 2688 701 2763 fuerit.
753 2686 848 2761 Nam
866 2685 1045 2785 quicquid
1073 2709 1137 2783 per

61 2796 137 2872 elias
153 2801 409 2876 retardationis
425 2827 548 2876 causas
560 2799 763 2875 velocitatis
780 2824 856 2872 suae
865 2799 1043 2872 amisisset
1056 2821 1134 2872 san·

61 2911 146 3008 grtia
162 2913 378 2987 arteriarum
396 2914 662 2988 contractiones
690 2912 882 2986 restituere
898 2923 937 2984 et
965 2934 1135 3011 coulpen-

63 3042 133 3096 nre
147 3025 366 3123 potuissent.

105 3156 336 3211 ccccxxxn.
375 3137 462 3210 Pari
486 3139 627 3213 ratione
650 3161 692 3212 ac
715 3139 755 3212 in
781 3138 931 3224 arteriis,
969 3137 1017 3210 ob
1042 3137 1136 3211 hanc

61 3264 211 3332 musam,
234 3247 372 3321 lentius
387 3248 484 3335 fluit,
510 3273 588 3346 quo
603 3250 749 3349 longius
767 3250 878 3323 distat
894 3274 916 3321 a
932 3248 1040 3321 corde
1057 3271 1135 3319 san·

63 3356 162 3451 guis3
197 3358 310 3433 sicin
336 3360 450 3446 venis,
476 3385 553 3457 quo
576 3363 726 3460 propius
751 3362 798 3434 ad
822 3385 885 3434 cor
913 3359 1063 3445 accedit,
1092 3381 1136 3431 eo

64 3466 213 3544 velocius
229 3482 403 3545 movetur
420 3474 664 3570 (ccccxvm).
705 3472 902 3572 Sanguinis
916 3495 1003 3544 vero
1016 3480 1135 3543 motus

66 3576 97 3653 in
111 3583 222 3669 venis,
236 3607 350 3681 quam
364 3584 402 3656 in
417 3585 566 3674 arteriis,
578 3584 695 3658 multo
707 3584 840 3659 lentior
852 3593 927 3658 est:
946 3583 1135 3669 nimirum,

67 3711 138 3787 quae
159 3719 290 3769 omnes
316 3696 426 3770 simul
451 3708 611 3795 sumptae
634 3696 773 3769 arteriis
798 3695 914 3794 duplo
939 3693 1000 3768 vel
1024 3693 1134 3792 triplo

70 3806 258 3900 capaciores
276 3818 374 3882 sunt.

106 3938 388 3994 ccccxxxxru.
416 3921 604 4019 Denique,
629 3920 776 4019 pondus
800 3920 916 4018 ipsius
946 3917 1134 4016 sauguinis

66 4019 236 4124 inpetum
254 4030 336 4128 ejus
351 4054 452 4108 nunc
468 4034 607 4119 incitat,
625 4055 727 4105 nunc
742 4033 912 4116 retardat,
930 4030 1135 4102 secrrrtdum

71 4144 221 4238 arpotis,
248 4141 309 4217 vel
325 4145 437 4241 partis
462 4146 541 4243 ejus
557 4143 730 4241 cujusvis,
760 4146 896 4218 situm:
928 4141 1030 4237 quod
1054 4160 1134 4235 pro·

575 4267 630 4330 12
