2678 4794
699 345 725 396 X

173 514 285 620 louge
300 519 393 596 absit
410 539 484 615 quo
500 517 591 592 alter
619 515 679 591 hic
705 516 801 591 orbis
818 517 956 592 visibus
984 518 1155 593 humanis
1184 544 1245 620 pa-

171 640 258 709 teat.
308 637 452 708 Interea
467 631 583 730 igitur
599 633 711 706 satius
724 632 916 719 essedum,
934 656 1011 705 rem
1025 633 1245 709 intentatam

170 745 384 842 relinquere,
409 768 523 842 quam
540 768 601 817 me
618 768 793 844 meosque
817 744 1012 842 discipulos
1043 747 1171 844 ignoto
1199 771 1246 819 ae·

169 857 275 956 quori
291 857 532 944 committere,
557 857 674 930 donec
690 859 822 932 certior
838 858 954 931 factus
970 857 1074 930 fuero
1098 857 1145 930 de
1161 856 1262 937 fine.

168 979 208 1043 et
222 968 372 1064 praemio
388 967 565 1043 laborum.
617 970 730 1057 Quod
749 970 779 1044 si
797 970 863 1056 vir,
888 971 1048 1068 ingenio,
1069 969 1245 1056 doctrina,

167 1077 356 1167 industria,
393 1090 576 1179 praestans,
603 1082 668 1178 qui
689 1081 965 1181 physiologiam
989 1082 1148 1180 corporis
1178 1082 1245 1154 hu·

167 1192 266 1263 mani
283 1217 360 1290 prae
375 1194 547 1268 omnibus
563 1192 676 1291 hujus
706 1194 818 1269 seculi
849 1195 1084 1292 scriptoribus
1100 1194 1245 1267 ornavit

165 1312 206 1376 et
222 1304 339 1392 auxit,
365 1304 511 1379 calculis
529 1305 717 1383 subductis
746 1308 839 1385 serio
865 1316 1016 1381 conatus
1047 1307 1094 1379 sit
1123 1314 1243 1378 osten-

164 1413 264 1503 dere,
288 1416 467 1515 imagines
484 1417 543 1492 vel
560 1418 715 1516 vestigia
731 1443 854 1492 rerum
882 1419 1041 1492 ducenta
1070 1429 1107 1490 et
1135 1418 1243 1513 quin-

153 1550 240 1625 ,que
268 1528 384 1603 millia
412 1529 682 1628 quadringenta
711 1530 981 1627 quinquaginta
1010 1528 1096 1614 dua,
1134 1529 1242 1600 condi

164 1639 225 1712 vel
242 1640 405 1739 imprimi
422 1643 462 1714 in
478 1641 656 1740 particula
671 1640 844 1714 medullae
865 1640 1000 1714 cerebri
1018 1663 1102 1738 quae
1120 1664 1241 1714 unum

163 1776 321 1851 granum
340 1755 495 1852 pendet;
521 1763 559 1826 et
576 1752 636 1826 alii
653 1777 728 1826 non
745 1753 848 1851 parvi
877 1753 1035 1825 nominis
1065 1761 1241 1839 auctores

163 1886 300 1963 magua
325 1866 467 1940 solertia
492 1867 727 1964 quaesiverint
744 1866 783 1937 in
801 1888 876 1963 qua
891 1874 994 1962 parte
1010 1864 1146 1938 cerebri
1164 1865 1240 1937 ani-

163 1997 226 2048 ma
241 1976 431 2064 habitaret,
449 2002 572 2051 nonne
589 1977 804 2052 concludere
821 2001 971 2073 aequum
988 1985 1053 2061 est,
1077 1976 1239 2050 multum

162 2086 284 2162 adhuc
300 2089 436 2187 requiri
454 2101 498 2163 ut
516 2090 593 2164 haec
609 2090 757 2164 scientia
787 2089 913 2163 usibus
937 2088 1070 2160 nostris
1100 2111 1239 2161 accom-

162 2199 364 2274 modetur?

212 2311 395 2400 Quamvis
412 2317 527 2416 igitur
551 2317 644 2391 mihi
673 2319 720 2392 sit
748 2317 1061 2416 persuasissimum
1079 2313 1239 2387 actiones

162 2423 241 2498 vivi
258 2427 422 2504 animalis
440 2430 487 2502 ab
502 2431 624 2505 anima
639 2456 725 2505 curn
744 2455 892 2530 corpore
911 2430 1042 2527 juncta
1066 2426 1238 2524 pendere,

162 2556 241 2624 nee,
267 2540 337 2613 nisi
366 2541 514 2616 alterius
540 2568 626 2617 cum
644 2542 757 2617 altero
773 2540 947 2617 mirabilis
964 2565 1081 2613 nexus
1099 2539 1240 2610 ratione

160 2643 296 2735 habita,
321 2652 467 2748 plenam
493 2654 776 2748 explicationem
803 2676 879 2722 esse
903 2662 1133 2744 accepturas;
1159 2670 1236 2720 non

161 2767 287 2831 tamen
304 2785 413 2834 ausus
426 2786 524 2834 eram
539 2771 685 2833 tanturn
697 2760 848 2858 aggredi
864 2759 1035 2845 laborem,
1052 2766 1238 2855 quantum

162 2871 401 2969 praevideram
419 2873 505 2958 fore,
523 2883 567 2945 ut
583 2873 634 2945 rei
651 2871 922 2955 adeoobscurae,
941 2868 1122 2943 ueletiam
1139 2871 1235 2943 mul-

163 2992 284 3057 tarum
303 3007 388 3081 quae
405 2984 451 3057 de
468 3008 510 3056 ea
526 2983 677 3081 prolatae
704 2983 778 3057 sint
802 2983 1031 3081 opinionum,
1056 2981 1237 3056 rationem

162 3094 363 3168 redderem.
412 3095 491 3169 Res
521 3120 622 3168 veras
652 3104 799 3169 tantum
817 3095 864 3167 de
880 3119 921 3169 ea
939 3093 1148 3192 singulares,
1174 3118 1237 3167 ex-

162 3207 341 3304 perientia
355 3219 395 3283 et
410 3209 662 3282 observatione
678 3216 891 3306 compertas,
917 3207 1018 3280 etad
1034 3231 1145 3280 usum
1161 3230 1238 3279 me·

162 3317 288 3393 dicum
301 3320 597 3408 accommodatas,
613 3343 796 3393 recensere
813 3326 965 3393 conatus
978 3343 1071 3392 sum.
1114 3319 1237 3415 Leges

162 3454 250 3505 vero
266 3431 395 3507 harum
413 3458 535 3508 rerum
562 3431 757 3531 generales,
782 3431 999 3504 atmodum
1028 3454 1105 3528 quo
1134 3452 1235 3502 mens

161 3566 293 3641 corpus
309 3543 422 3619 afficit
439 3556 477 3620 et
493 3544 539 3619 ab
555 3569 599 3618 eo
615 3543 773 3617 afficitur
788 3540 959 3627 vicissim,
985 3564 1052 3613 nec
1068 3541 1236 3616 noverim

159 3655 249 3752 ipse,
286 3680 354 3730 nec
381 3679 595 3756 quenquam
627 3655 803 3729 hactenus
834 3651 978 3726 novisse
1008 3650 1235 3727 crediderim.

119 3807 142 3834 ε
162 3766 332 3841 Forsitan
349 3769 460 3843 etiam
478 3777 534 3842 sat
549 3767 693 3842 medico
708 3765 820 3840 fuerit
843 3764 987 3837 novisse
1015 3772 1162 3835 tanturn
1179 3762 1235 3834 in-

161 3890 218 3954 ter
233 3891 399 3955 mentem
416 3905 622 3980 corpusque
645 3877 868 3953 intercedere
884 3898 1036 3961 nexum,
1062 3886 1105 3946 ut
1121 3872 1236 3969 pluri·

161 4017 278 4081 mum,
296 4004 334 4067 et
351 4017 436 4068 sane
444 3994 583 4067 mirum
595 3993 634 4066 in
647 3991 813 4077 modurn,
831 4013 868 4063 se
880 3987 1038 4061 invicem
1049 3984 1232 4060 afficiant:

161 4128 285 4207 neque
309 4107 420 4184 solius
444 4105 602 4206 corporis
627 4106 667 4180 in
696 4103 833 4180 morbis
855 4097 1025 4176 sanandis
1053 4097 1234 4173 rationem
