2694 4792
167 414 239 484 550
571 408 825 470 CONSPEC‘I‘US
1089 406 1187 461 CAP.
1204 409 1270 462 ΣΙ..

173 599 297 676 hausti
314 604 412 682 sunt,
429 595 549 692 iisque
564 589 767 689 praesertim
777 586 844 685 qui
854 583 995 658 morbis
1010 585 1197 682 putridis,
1214 586 1272 659 vel

175 733 260 788 cum
279 711 339 785 vel
356 711 433 784 sine
451 706 560 793 t'ebre,
584 703 772 776 laborant„

228 847 427 916 anxxrx.
455 819 594 916 Saepius
611 813 809 889 necessaria
825 810 885 885 vel
913 804 1022 885 utilis
1046 821 1104 884 est
1132 811 1175 884 in
1203 808 1269 883 illo

177 961 311 1038 genere
323 934 536 1008 morborum
549 929 614 1027 qui
622 924 801 1026 ppreoeiae
811 923 912 1022 apud
925 921 1118 1021 uosologos
1130 921 1264 996 dicun·

179 1062 254 1135 tur,
271 1049 384 1121 rarius
397 1046 435 1118 in
448 1038 679 1124 moeroribus,
696 1038 876 1110 rarissime
886 1036 925 1108 in
939 1034 1138 1110 cocbeoeiis.
1186 1034 1263 1108 Sed

180 1161 283 1235 nulla
299 1156 506 1232 istiusmodi
524 1153 651 1252 regula
667 1161 764 1225 certa
787 1160 854 1223 aut
883 1159 1066 1246 perpetua
1094 1170 1173 1220 esse
1200 1171 1265 1245 po-

182 1282 265 1346 test.
316 1270 371 1343 Et
397 1268 560 1368 profecto
589 1266 629 1338 in
655 1262 784 1336 multis
813 1258 977 1333 febribus
1007 1258 1267 1356 similibusque

183 1380 331 1469 morbis,
350 1380 567 1478 sanguinem
586 1376 735 1450 mittere
746 1395 870 1470 neque
881 1372 1129 1445 necessarium
1146 1394 1264 1468 neque

182 1503 311 1570 tutum
329 1503 408 1578 est;
433 1503 471 1565 et
481 1493 521 1564 in
535 1489 663 1563 multis
676 1487 811 1560 morbis
827 1483 978 1559 nervosi
989 1484 1263 1583 gelmiridem

184 1606 392 1682 remedium
406 1603 644 1678 utilissimum
663 1600 717 1685 fit,
734 1598 822 1672 etin
835 1595 1026 1670 nonnullis
1043 1598 1156 1670 etism
1172 1619 1263 1669 mor·

185 1719 242 1794 bis
258 1742 307 1793 ex
323 1715 519 1802 corberiis,
544 1714 652 1788 variis
669 1712 716 1785 de
732 1709 858 1795 causis,
882 1731 959 1781 non
975 1707 1123 1782 inutile.

238 1852 432 1904 monxxx.
451 1829 550 1902 Cum
562 1822 749 1921 sanguinis
766 1820 941 1894 detractio
954 1830 1016 1894 tot
1027 1822 1141 1895 varios
1156 1820 1259 1893 effeo

187 1952 249 2018 tus
265 1945 304 2014 in
322 1963 470 2036 corpore
487 1939 651 2010 humano
668 1944 817 2032 praestat
833 1935 1027 2024 (unuxxr,
1046 1940 1263 2029 uunxxrq,

187 2075 349 2150 quorum
367 2050 427 2122 alii
454 2047 649 2133 utilissimi,
674 2047 766 2120 dum
796 2047 856 2121 alii
886 2047 1006 2120 eidem
1035 2073 1137 2147 aegro
1163 2046 1264 2120 valde

188 2162 382 2263 perniciosi
407 2161 539 2247 forent,
565 2161 799 2258 perspicuum
828 2171 893 2247 est,
920 2162 1036 2234 etiarn
1064 2163 1105 2234 in
1135 2161 1266 2234 morbis

189 2272 471 2374 simplicioribus
488 2274 555 2372 qui
572 2274 645 2346 tale
662 2273 844 2348 auxilium
856 2273 1059 2370 requirant,
1074 2272 1267 2373 prudentia

190 2387 315 2487 aliqua
331 2412 425 2486 opus
442 2411 517 2460 esse
535 2387 573 2459 in
590 2386 754 2460 remedio
769 2385 860 2459 adeo
876 2385 1040 2484 ancipite
1052 2384 1265 2460 adhibendo.

192 2499 240 2576 In
258 2499 396 2574 morbis
412 2524 499 2572 vero
515 2499 725 2596 compositis
741 2509 780 2571 et
798 2496 935 2583 mixtis,
965 2497 1096 2595 quales
1113 2498 1265 2597 plerum·

192 2637 268 2713 que
280 2622 488 2698 tractamus,
507 2611 621 2706 major
633 2610 754 2686 adbuc
764 2610 1045 2708 circumspectio
1061 2611 1265 2709 requiritur,

192 2725 373 2799 nimirum
391 2748 477 2797 curn
506 2724 609 2822 signa
633 2723 799 2820 qnaedam
818 2720 937 2795 morbi
954 2720 1159 2820 postulant,
1183 2722 1265 2795 dum

191 2835 261 2910 alia
277 2845 406 2909 vetant
422 2836 640 2934 sanguinem
657 2835 778 2919 mitte
804 2832 863 2907 vel
880 2857 967 2907 cum
979 2835 1146 2909 medicus
1157 2831 1262 2932 (quod

191 2949 259 3022 vix
275 2948 428 3022 minoris
445 2948 627 3021 momenti
643 2959 709 3032 est,
734 2956 773 3020 et
799 2945 916 3021 multo
940 2947 1192 3047 frequentiis),
1215 2967 1263 3017 ex

191 3059 312 3133 morbi
328 3068 461 3131 natura
489 3069 527 3130 et
557 3056 663 3130 solito
680 3082 882 3157 progressu,
907 3058 1005 3132 bene
1035 3059 1137 3134 norit
1163 3058 1264 3156 signa

191 3169 394 3270 praesentia,
436 3169 699 3267 sanguinisque
736 3172 1001 3246 detractionem
1040 3171 1268 3272 postulantia,

145 3375 148 3381 Ι
191 3284 296 3359 brevi
312 3306 389 3358 esse
406 3281 578 3369 desitura,
603 3305 784 3381 novaque,
809 3284 989 3382 prioribus
1020 3285 1211 3370 contraria,
1233 3292 1269 3354 et

191 3396 239 3469 ab
264 3397 331 3468 hac
354 3395 606 3469 exinanitione
623 3394 852 3482 alienissima,
876 3397 948 3470 cita
964 3420 1045 3471 esse
1059 3398 1269 3471 adventura

194 3506 348 3603 Semper
364 3529 515 3605 quoque
531 3509 707 3582 memoria
719 3496 924 3583 tenendum
938 3518 1004 3596 est,
1024 3521 1170 3584 tantam
1183 3529 1271 3606 saepe

193 3618 298 3717 quasi
315 3629 457 3715 puncto
473 3621 648 3718 temporis
665 3620 711 3694 ab
727 3621 989 3719 intempestiva
1005 3624 1200 3723 sanguinis
1215 3621 1271 3693 de-

194 3730 372 3804 tractione
396 3733 537 3830 corpori
567 3733 692 3806 inferri
709 3734 919 3832 perniciem,
944 3744 1129 3833 quantam
1156 3757 1271 3832 neque

191 3842 324 3940 optimi
333 3843 467 3917 medici
477 3845 617 3942 peritia,
634 3870 756 3944 neque
768 3847 893 3920 omnia
905 3846 1103 3921 medieinae
1115 3847 1273 3922 subsidia

191 3964 318 4051 postea
328 3978 561 4052 compensare
575 3958 774 4056 potuerint.
824 3958 924 4033 Nam
935 3966 979 4033 nt
991 3960 1150 4059 sanguis
1166 3955 1272 4035 semel

190 4064 320 4140 missus
336 4089 528 4165 nunquam
548 4069 585 4141 in
604 4094 714 4145 venas
732 4071 839 4157 redit,
863 4072 915 4144 sic
930 4094 1056 4167 neque
1071 4072 1175 4146 vires
1189 4093 1273 4146 cum

190 4175 254 4251 illo
270 4179 411 4254 arnissae
426 4181 465 4253 in
483 4180 591 4253 variis
607 4182 745 4258 morbis
762 4208 928 4282 unquam
945 4181 1048 4257 refici
1065 4195 1236 4283 possunt.

240 4311 441 4370 arnnxxxr.
480 4292 552 4381 Sic,
586 4295 627 4369 in
664 4290 779 4373 nimia
810 4295 1001 4399 sangumis
1033 4296 1277 4380 abundantia,
