2678 4794
172 434 244 511 172
599 442 852 499 consensurus
1043 444 1130 498 cnr.
1148 444 1251 498 xvn.

167 625 392 701 observatur.
446 621 491 695 In
509 619 743 718 respiratione
755 644 843 695 vero
855 618 995 693 difficili
1008 628 1046 692 et
1062 618 1251 705 laboriosa,

167 738 297 838 pulsus
321 734 516 834 aliquando
541 733 737 807 duodecim
764 733 984 831 etamplius
1008 731 1253 805 observantur

104 844 107 850 ⁸
169 864 335 950 tempore
347 848 458 921 unius
474 846 729 946 respirationis.
753 901 757 912 .
783 846 889 933 Quin
906 854 944 918 et
960 842 1036 917 solo
1045 843 1251 917 voluntatis

168 960 323 1062 imperio
339 958 443 1034 facile
459 958 602 1033 efficere
614 983 828 1057 possumus,
858 969 901 1033 ut
917 957 1043 1056 pulsus
1059 955 1170 1054 triplo
1187 954 1250 1028 vel

165 1071 373 1173 quadruplo
389 1071 512 1171 plures
529 1071 637 1148 solito
653 1072 755 1160 fiant,
784 1084 982 1171 antequam
1001 1070 1170 1169 spiritum
1195 1093 1249 1142 re·

164 1187 401 1284 ciprocemus.
452 1185 669 1260 Urinatores
686 1209 783 1273 vero,
809 1194 854 1260 ut
869 1186 1004 1270 serunt,
1029 1183 1148 1255 decies
1172 1181 1250 1256 fere

163 1297 317 1384 diutius,
343 1321 457 1395 quam
482 1297 543 1372 alii
560 1297 738 1385 homines,
764 1299 936 1397 spiritum
953 1321 1064 1371 snum
1080 1295 1249 1371 cohibere

164 1408 324 1484 diseunt.

213 1545 391 1599 nnxxnr.
410 1525 616 1624 Imperium
634 1526 673 1598 in
691 1549 819 1599 omnes
836 1523 1082 1622 respirationis
1099 1544 1247 1596 muscu-

161 1635 216 1710 los
245 1636 436 1725 habemus,
463 1640 603 1739 quippe
632 1640 699 1737 qui
716 1639 824 1711 variis
841 1638 978 1723 usibus,
1001 1646 1246 1734 praeterquam

162 1749 319 1848 spiritui,
336 1751 535 1825 inserviant
553 1756 755 1842 (cccxxxi,
774 1772 998 1835 cccxxxw,
1018 1756 1143 1846 nnvr).

212 1884 368 1937 DLxxx.
400 1865 589 1962 Imprimis
612 1864 729 1963 igitur
753 1886 865 1936 omne
889 1862 1023 1934 animal
1041 1861 1102 1935 cui
1117 1859 1248 1960 pulmo

160 1974 271 2047 datur
287 1999 416 2049 vocem
435 1977 523 2063 edit,
554 2001 630 2075 qua
646 1975 762 2049 varias
779 2000 860 2049 suas
884 1974 1115 2072 cupiditates,
1144 1971 1246 2046 alios·

159 2109 235 2184 que
251 2087 365 2160 animi
382 2087 548 2175 affectus,
579 2090 771 2188 exprimat.
823 2090 918 2162 Haec
935 2112 1022 2160 vero
1038 2087 1082 2159 fit
1110 2100 1244 2161 transe-

160 2210 253 2273 unte
270 2207 350 2273 aere
366 2226 433 2300 per
444 2200 648 2300 glottidam,
667 2226 767 2275 nunc
784 2202 900 2300 magis
916 2223 1017 2273 nuno
1031 2202 1151 2272 minus
1161 2220 1246 2272 oon·

158 2313 332 2396 strictam,
350 2325 453 2387 tanta
471 2314 519 2401 vi,
539 2325 582 2388 ut
598 2314 827 2414 cartilagines
845 2324 881 2386 et
899 2312 1098 2412 ligamenta
1113 2309 1244 2410 &raptr-

152 2423 220 2523 gt's
236 2426 275 2498 in
306 2405 481 2501 tremores
508 2429 688 2526 conjiciat,
716 2427 842 2526 quales
871 2450 1002 2499 sonum
1028 2425 1180 2511 faciunt,
1205 2431 1245 2496 et

157 2548 319 2641 quorum
337 2549 397 2613 aer
413 2542 492 2638 ipse
509 2543 690 2639 particeps
707 2541 790 2614 fiat.
832 2540 920 2612 Vox
939 2560 1088 2636 quoque
1104 2538 1243 2623 fortior,

156 2649 293 2736 clarior,
307 2653 444 2747 gratior
456 2651 510 2737 fit,
527 2652 620 2726 dum
633 2677 747 2750 perus
761 2665 799 2726 et
811 2675 914 2724 nares
928 2652 1067 2737 transit,
1082 2673 1241 2748 quarum

155 2761 316 2855 partium
335 2787 423 2850 ossa,
441 2774 479 2836 et
496 2765 734 2861 cartilagines,
765 2763 1063 2861 membranaeque
1089 2763 1241 2836 demum

151 2866 255 2966 ipsae,
280 2871 428 2966 juvant,
458 2899 547 2946 sono
582 2898 695 2971 quem
724 2884 935 2970 acceperant
971 2898 1180 2973 repercusso
1203 2886 1244 2950 et

155 2991 275 3053 auctu.
325 2982 455 3055 Variat
472 2984 623 3082 insuper
641 3009 716 3058 vox
734 3009 807 3057 non
828 2987 937 3059 modo
955 2987 1162 3063 secundum
1180 3013 1241 3062 va-

154 3091 244 3167 riam
271 3090 444 3191 glottidis
476 3108 696 3194 aperturam,
739 3098 802 3171 sed
844 3114 956 3196 prout
985 3100 1129 3200 larpna
1163 3111 1253 3175 tota

153 3204 313 3278 strictior
329 3205 390 3278 vel
406 3205 532 3293 laxior,
551 3208 719 3304 depressa
737 3210 796 3283 vel
814 3209 956 3286 elevata
973 3213 1107 3288 fuerit:
1137 3223 1176 3288 et
1201 3214 1242 3288 in

154 3314 220 3390 hos
238 3319 356 3391 varios
383 3319 474 3394 fines
501 3320 652 3419 plurimi
672 3323 806 3397 minuti
833 3325 992 3399 musculi
1020 3326 1241 3424 conspirant

153 3426 250 3501 Haec
270 3433 395 3503 omnia
422 3432 530 3530 plane
558 3433 691 3507 docent
721 3435 883 3534 ipsarum
913 3440 1074 3536 partium
1104 3439 1242 3512 fabrioo

152 3563 218 3637 per
233 3542 446 3671 spalpellum
474 3545 672 3644 explorata,
702 3559 739 3622 et
757 3550 909 3647 quidem
928 3552 1028 3625 visus
1053 3565 1092 3624 et
1117 3561 1241 3626 tactus

150 3655 316 3750 gutturis
345 3654 404 3727 vel
434 3658 511 3730 nasi
540 3659 631 3732 dum
662 3685 792 3735 vocem
820 3661 897 3735 edit
926 3662 1069 3761 aliquis,
1097 3672 1136 3737 et
1163 3688 1240 3738 vox

94 3831 97 3837 .
150 3765 228 3862 ipsa
245 3767 352 3839 variis
370 3778 408 3840 et
425 3771 528 3845 miris
547 3774 662 3847 modis
680 3785 860 3872 corrupta,
877 3785 1028 3874 propter
1043 3777 1136 3850 vitia
1153 3801 1241 3875 quae

151 3877 260 3952 dicta
278 3875 366 3954 snut
382 3884 555 3979 partium.

200 4012 368 4065 nnxxxt.
388 3995 463 4067 Soli
477 3996 620 4070 homini
637 3990 784 4096 loquela
800 3999 919 4086 datur,
937 3999 1079 4115 qnippe
1097 4002 1165 4099 qui
1183 4026 1239 4076 so-

147 4102 206 4178 lus
223 4105 380 4178 mirabili
410 4107 508 4180 dono
538 4111 595 4182 uti
613 4111 766 4184 noverit.
819 4111 945 4186 Multa
974 4112 1138 4210 profecto
1159 4115 1238 4187 ani-

146 4219 257 4292 malia
297 4218 400 4317 loqui
435 4220 654 4309 didicerunt,
701 4221 803 4297 nulla
845 4249 932 4297 vero
965 4224 1111 4322 loquela
1155 4228 1236 4300 nti:

145 4328 283 4406 scilieet
311 4332 400 4432 quia
429 4355 534 4407 mens
562 4332 674 4409 deest.
742 4335 809 4410 Fit
836 4347 962 4413 antem
992 4336 1139 4436 loquela
1164 4362 1237 4438 ope
