2678 4794
141 389 227 443 cau.
245 386 365 443 xunr.
414 385 634 440 numerum
653 388 938 442 rnaonurrcar.
1141 373 1212 448 ⁵79

140 565 240 637 ribus
257 565 396 637 diversa
412 564 678 638 medicamenta
707 565 776 638 hoc
798 563 948 637 oonsilio
964 561 1210 647 adhibuerint,

80 768 83 774 β
140 689 178 750 et
195 677 402 750 testimonio
427 678 511 748 satis
540 676 663 773 amplo
679 675 1027 760 commendaverint,
1052 684 1129 746 tam
1145 697 1209 770 pa-

140 813 223 861 rurn
253 789 289 859 in
321 788 385 860 bac
414 811 453 858 re
478 788 711 884 profecerant,
739 800 781 861 ut
798 789 921 861 omnia
950 787 1024 859 fere
1049 784 1211 857 remedia

137 925 219 996 quae
245 900 292 971 ad
323 900 421 971 hunc
445 898 558 971 finem
584 900 830 997 protulissent,
856 923 921 997 per
947 897 1229 996 experientiam,

138 1011 311 1083 damnata
336 1021 449 1107 atque
475 1010 607 1108 rejecto
632 1026 759 1098 essent,
786 1022 962 1109 tanquam
989 1009 1145 1093 inutilia,
1170 1016 1209 1078 et

138 1146 233 1218 saepe
250 1123 468 1219 perniciosa;
493 1133 531 1194 et
548 1123 670 1194 miseri
686 1124 853 1196 calculosi
880 1134 946 1197 aut
969 1120 1210 1196 formidolosae

88 1316 93 1325 .
139 1233 333 1332 chirurgiae
358 1244 473 1307 semet
502 1235 732 1307 committere
757 1236 870 1307 eoacti
887 1245 1016 1320 essent,
1042 1243 1106 1306 aut
1123 1253 1210 1305 cum

140 1332 269 1417 morbo
285 1345 423 1419 crudeli
449 1355 486 1418 et
512 1343 784 1430 immediabili,
810 1345 1000 1441 indiesque
1028 1346 1211 1443 ingraves·

141 1466 256 1542 cente,
282 1481 347 1554 per
363 1467 475 1531 totam
494 1459 611 1530 vitam
628 1457 835 1531 conflictari.
1073 1539 1082 1555 ὓ

191 1591 460 1643 urucxxxvnr.
483 1570 650 1643 Tandem
668 1593 765 1655 vero,
784 1569 931 1641 medicis
948 1569 994 1641 de
1010 1567 1142 1642 talibus
1152 1562 1212 1641 *re-

141 1680 271 1753 mediis
288 1705 381 1778 pene
406 1682 692 1778 desperantibus,
717 1679 776 1753 vel
802 1704 932 1778 parurn
959 1680 1107 1754 l'ortasse
1135 1679 1212 1777 opi-

140 1791 323 1876 nantibus,
348 1816 439 1866 anus
456 1793 637 1890 quaedam,
663 1817 835 1866 areanum
867 1815 976 1865 suum
1008 1791 1122 1889 (quod
1148 1814 1213 1888 per

141 1902 275 1997 viginti
303 1903 378 1974 fere
407 1927 520 1976 annos
549 1903 596 1975 ad
625 1902 779 1976 calculos
809 1904 847 1976 in
877 1928 1025 2001 corpore
1052 1904 1215 1976 humano

142 2012 443 2084 comminuendos
472 2012 705 2097 adhibuisset,
731 2024 779 2100 et,
805 2025 847 2088 ut
877 2016 1112 2100 asseverabat,
1137 2001 1216 2087 felt

144 2123 287 2194 cissimo
303 2145 388 2193 curn
414 2129 593 2214 successu)
619 2120 772 2193 honesto
799 2126 884 2194 satis
913 2129 1032 2219 pretio
1063 2124 1216 2200 Senatui

144 2235 340 2307 Brittanno
356 2256 422 2330 pro
439 2232 536 2304 bono
552 2230 699 2327 publico
715 2231 904 2316 vendidit;
931 2234 1079 2306 medicis
1104 2246 1217 2330 atque

145 2330 323 2444 chirurgia
340 2343 525 2418 nonnullis
543 2343 703 2416 honestis
732 2358 770 2415 et
799 2343 934 2440 peritis,
959 2343 1113 2442 aliisque
1130 2343 1217 2417 viris

146 2458 252 2531 farnae
270 2457 523 2555 integerrimae,
549 2480 707 2553 quorum
726 2479 822 2528 eurae
849 2464 887 2527 et
913 2455 1000 2528 fidei
1029 2480 1049 2528 a
1080 2456 1218 2529 Senatu

144 2570 407 2643 demandatum
425 2577 499 2641 erat
518 2578 560 2640 ut
577 2566 928 2640 medicamentorum
953 2567 1044 2640 adeo
1064 2566 1219 2663 jactato·

145 2706 228 2754 rum
248 2683 341 2754 vires
357 2695 395 2753 et
413 2704 499 2752 usus
526 2704 591 2777 per
612 2679 863 2777 experimenta
893 2678 1132 2777 explorarent,
1161 2680 1217 2753 in-

146 2803 317 2891 corrupto
332 2803 440 2876 certe,
466 2792 529 2864 sed
546 2791 693 2862 fortasse
710 2790 834 2863 minus
863 2801 981 2877 cauto,
1007 2791 1218 2865 testimonio

147 2931 214 2979 suo
230 2902 540 2990 confirmantibus,
558 2902 763 2975 remedium
780 2900 858 2997 ejus
875 2902 1028 2977 calculos
1044 2905 1083 2975 in
1100 2904 1219 2978 vesica

146 3044 271 3092 revera
287 3017 555 3105 comminuisse,
580 3025 618 3088 et
640 3011 834 3090 calculosos
850 3013 992 3113 aliquot
1008 3039 1075 3090 suo
1094 3015 1219 3090 morbo

148 3133 296 3228 penitus
309 3131 483 3207 liberasse.

198 3265 436 3317 urucxxxrx.
472 3244 647 3318 Absu'rda
688 3243 1040 3318 medicamentorum
1077 3243 1218 3340 farrago

149 3380 259 3453 quam
279 3355 340 3428 illa
355 3357 392 3426 iu
412 3357 575 3429 medium
606 3356 771 3455 protulit,
796 3357 968 3455 quamvis
997 3356 1092 3429 tanti
1120 3353 1219 3428 testi·

150 3468 266 3540 monii
283 3490 411 3564 parum
440 3468 562 3564 digna,
587 3479 625 3540 et
652 3483 823 3565 praeterea
848 3470 940 3541 adeo
968 3490 1151 3553 nauseosa,
1176 3477 1221 3542 ut

148 3581 309 3652 maxime
326 3580 437 3652 etiarn
454 3581 605 3652 animosi
624 3605 719 3679 saepe
735 3582 774 3654 in
792 3581 871 3678 ejus
882 3606 951 3655 usu
965 3582 1049 3655 satis
1062 3581 1127 3653 diu
1140 3601 1220 3675 per·

148 3694 272 3765 sistere
288 3692 493 3788 nequirent,
515 3703 552 3767 et
569 3692 679 3766 multi
697 3717 743 3765 ex
761 3693 1000 3765 timidissimis
1018 3693 1128 3766 etiarn
1146 3687 1220 3762 chi-

148 3828 260 3903 rurgo
285 3829 323 3876 se
347 3804 576 3877 committere
594 3805 745 3878 mallent
774 3829 885 3902 quam
912 3805 1112 3878 remedium
1143 3810 1221 3874 tam

150 3915 370 3990 horrendum
389 3917 557 4013 quotidie
574 3917 757 4004 devorare,
774 3911 898 3990 tamen
916 3941 989 3990 non
1006 3937 1150 4013 prorsus
1166 3913 1222 3985 in·

150 4026 250 4099 utilis
267 4027 359 4113 fuit;
385 4029 559 4102 nimirum
578 4054 662 4126 quae
677 4028 864 4102 nonnullis
880 4028 1018 4126 aliquid
1030 4024 1220 4099 levaminis

149 4137 287 4221 attulit,
313 4149 361 4226 et,
386 4140 488 4238 quod
506 4139 788 4237 multomajoris
806 4140 984 4214 momenti
1002 4147 1088 4222 erat,
1111 4135 1222 4208 medi-

150 4272 209 4322 cos
222 4259 259 4323 et
274 4249 508 4352 philosophos
527 4253 624 4328 baud
641 4277 776 4351 paucos
792 4253 839 4328 ad
856 4252 941 4326 talia
958 4248 1223 4324 medicamenta

488 4387 489 4391 ’
640 4375 745 4440 002
