2678 4794
125 396 215 453 err.
234 394 324 451 xxr.
403 388 626 451 ueniente
644 391 935 451 runonnrrcn.
1130 389 1203 459 245

125 580 324 673 recuperat,
360 579 400 645 et
424 571 561 669 partim
595 579 746 671 propter
780 571 1046 661 infirmitatem,
1070 578 1205 675 partim

127 697 276 787 propter
291 692 439 760 auctam
456 684 700 759 mobilitatem
717 695 756 759 et
772 709 931 774 sensum,
948 685 1090 762 levibus
1112 713 1207 788 saepe

125 800 240 875 causis
254 796 420 872 multum
432 805 471 870 et
487 796 583 871 male
598 796 765 873 afficitur.
792 798 939 897 ¹Neque
950 821 1036 873 sane
1051 800 1207 874 absurda

123 912 244 986 omnis
282 933 370 1009 quae
397 909 584 1008 puerperis
621 909 730 985 datur
763 934 870 986 eura:
916 911 1077 986 multum
1119 937 1206 987 vero

125 1032 351 1109 erraverunt,
380 1021 447 1119 qui
472 1046 622 1096 omnem
647 1047 864 1122 puerperam
881 1049 949 1124 pro
965 1025 1129 1100 morbosa
1145 1025 1207 1098 ha·

125 1134 264 1224 bentes,
280 1158 341 1209 eas
357 1134 471 1208 nimia
487 1135 721 1210 solicitudine
738 1136 920 1211 custodire
936 1136 1148 1224 voluerunt,
1168 1147 1208 1212 et

125 1268 203 1323 non
220 1247 329 1322 modo
344 1271 366 1320 a
381 1248 486 1347 gravi
515 1247 729 1335 irritatione,
759 1260 825 1322 aut
851 1249 985 1347 liigore
1001 1249 1206 1339 defendere,

129 1360 197 1435 aed
211 1370 387 1459 perpetuo
404 1360 521 1435 oalore
549 1359 685 1447 fovere,
713 1358 775 1434 vel
790 1359 939 1435 fortasse
954 1362 1114 1436 remedia
1145 1361 1208 1436 ad·

130 1468 258 1545 hibere
285 1472 331 1546 ad
357 1474 530 1549 sudorem
560 1471 821 1548 excitandum:
847 1472 993 1561 scilieet,
1022 1473 1206 1571 quietalis

130 1584 308 1660 mandi
318 1586 410 1659 ratio
420 1587 498 1685 ipsa
510 1584 672 1685 periculo
682 1608 758 1658 non
771 1594 878 1671 earet,
896 1595 934 1659 et
946 1609 1078 1685 oorpua
1090 1586 1206 1684 magis

129 1697 319 1797 magisque
334 1696 514 1786 debilitat,
531 1708 569 1772 et
585 1698 632 1771 ad
648 1698 795 1773 morbos
812 1698 1059 1796 suscipiendos
1084 1698 1206 1796 aptius

128 1810 260 1884 reddit
299 1876 304 1883 .

176 1944 341 1999 ucccrrr.
380 1923 527 1999 Incerto
550 1932 634 2022 post
658 1934 807 2024 partum
831 1932 1009 2022 tempore,
1047 1919 1205 2020 sanguis,

129 2035 227 2109 uteri
241 2036 488 2110 contractione
505 2036 553 2108 ab
568 2061 611 2110 eo
628 2037 766 2135 pulsus,
793 2061 972 2111 mammas
988 2058 1114 2110 versus
1132 2057 1206 2107 ma-

123 2144 205 2244 jore
219 2148 323 2247 eopia
338 2146 464 2237 fertur,
489 2172 574 2247 quae
589 2156 741 2223 tument
754 2149 868 2235 brevi,
897 2161 935 2223 et
951 2148 1006 2223 lac
1021 2146 1206 2247 incipiunt

128 2282 321 2335 teoernere.
373 2260 592 2358 Aliquando
609 2272 735 2336 tantus
752 2261 939 2358 sanguinis
963 2260 1010 2333 ad
1027 2281 1206 2332 mammas

129 2368 254 2447 fluxus
271 2372 416 2461 accidit,
433 2384 478 2447 ut
493 2374 584 2472 ipsae
599 2372 765 2446 multum
781 2380 965 2469 turgeant,
982 2380 1021 2443 et
1036 2391 1207 2443 nonnun-

129 2504 240 2581 quam
257 2483 536 2559 inflammentur
550 2494 589 2558 et
614 2494 875 2582 suppurentur‚
899 2493 938 2555 et
962 2482 1013 2554 sle
1029 2479 1089 2552 vel
1105 2478 1207 2551 laetis

129 2595 279 2671 metio
295 2596 528 2695 impediatur,
558 2593 619 2670 vel
635 2593 689 2668 lac
703 2594 783 2692 jam
800 2603 980 2668 secretum
997 2590 1127 2690 exsugi
1144 2612 1207 2663 ne·

129 2719 239 2805 queat
264 2733 343 2809 prae
366 2709 501 2796 dolore,
526 2716 565 2781 et
590 2719 736 2782 tumore
755 2730 927 2779 mammae
942 2704 1116 2805 papillam
1131 2702 1207 2776 lere

127 2818 317 2896 obruente.
355 2819 574 2919 Aliquando
590 2818 703 2893 etiam
719 2818 900 2907 mulieres,
917 2818 1081 2917 alioquin
1097 2838 1206 2902 sanae,

124 2930 270 3007 nullum
286 2932 342 3008 lae
357 2932 517 3007 habent:
543 2932 646 3031 quod
656 2940 781 3007 tamen
794 2930 917 3007 multo
933 2931 1049 3005 rarius
1067 2930 1204 3004 vitium

126 3052 193 3131 est,
218 3069 332 3143 quam
355 3045 473 3146 vulgo
497 3044 641 3120 dietum
666 3055 733 3119 est.
784 3043 1022 3144 Plerumque,
1040 3043 1071 3116 si
1086 3040 1206 3114 infans

127 3156 255 3252 paucis
277 3166 361 3255 port
397 3166 547 3256 partum
583 3157 681 3231 horis
705 3180 879 3231 mammae
901 3156 1131 3241 admovetur,
1161 3161 1206 3226 ut

127 3264 210 3364 ipsa
225 3265 365 3343 Natura
388 3267 597 3343 faciendum
613 3292 690 3342 esse
706 3268 824 3356 dooet,
852 3290 975 3365 neque
989 3266 1046 3338 lae
1069 3262 1205 3350 deficit,

126 3398 251 3476 neque
273 3380 385 3455 nimis
408 3380 532 3455 subito
555 3381 670 3467 venit,
700 3403 823 3480 neque
846 3380 1045 3454 vehemens
1069 3385 1206 3463 tumor,

125 3510 252 3589 neque
275 3492 520 3567 inflammatio
543 3515 801 3580 mammarum,
826 3515 949 3590 neque
972 3489 1091 3573 febris,
1116 3487 1206 3562 aoei-

126 3600 233 3692 dunt,
258 3612 299 3678 et
323 3605 511 3704 sanguinis
531 3604 578 3678 ab
594 3613 700 3678 utero
715 3604 842 3679 fluxus
858 3628 902 3677 eo
919 3603 1027 3679 citius
1042 3598 1206 3700 reprimi·

174 3848 337 3903 ncccw.
368 3828 457 3917 Lac,
483 3829 593 3928 quale
609 3828 774 3927 primum
790 3838 875 3927 post
890 3838 1038 3927 partum
1055 3822 1206 3899 seoerni⁴

130 3942 199 4024 tur,
215 3948 332 4014 tenue
348 3949 414 4027 est,
431 3951 469 4016 et
486 3965 617 4040 parum
629 3941 807 4027 nutriens,
823 3949 872 4029 et,
888 3952 933 4014 ut
950 3938 1064 4037 vulgo
1080 3938 1207 4022 fertur,

130 4044 316 4149 muntem,
336 4053 507 4128 deorsum
542 4064 678 4154 purgat
704 4053 819 4152 magis
852 4077 965 4151 quam
997 4050 1098 4123 aliud
1131 4046 1207 4128 lac:

128 4162 228 4253 quod
245 4176 371 4238 tamen
391 4167 512 4240 minus
539 4178 682 4241 eertum
699 4174 775 4250 est;
805 4164 984 4262 paulatim
1000 4184 1088 4236 vero
1116 4172 1207 4229 oras-

133 4268 203 4347 sius
218 4272 262 4349 fit
279 4288 316 4349 et
334 4277 451 4375 magis
466 4278 643 4354 nutriens.
694 4278 734 4354 Si
750 4276 883 4353 mulier
899 4296 1009 4351 suum
1026 4268 1206 4346 infantem
