2678 4794
71 349 162 403 cnr.
179 347 317 402 xxxrr.
373 346 596 402 nnmerum
613 347 903 403 rnnonnrrcn.
1082 338 1156 414 449

71 550 160 600 nem
178 526 286 625 plane
297 523 430 612 valent,
447 525 512 599 sed
528 526 657 625 opium
674 526 798 613 stiam,
815 525 919 623 quod
929 524 975 599 ad
991 524 1150 607 atterum

67 663 190 738 genus
207 639 425 725 sedentium,
451 637 641 714 norooticu
658 639 806 724 scilieet,
832 640 1005 736 pertinet,
1028 639 1069 713 in
1086 663 1149 738 pe·

67 750 197 824 euliari
214 751 274 824 illa
290 775 488 850 gangraena
504 752 645 849 pedum
662 752 701 823 in
718 752 935 850 quaomnia
959 751 1029 824 alia
1054 753 1149 825 anti·

68 865 205 960 septies
222 864 383 937 remedia
401 887 532 962 parum
546 865 715 962 prodesse
725 863 855 951 solent,
872 865 984 937 miros
999 875 1038 937 et
1054 863 1148 937 salu·

68 974 243 1050 berrimos
261 976 416 1050 effectus
443 975 612 1049 habuisse
629 978 752 1051 visum
777 987 842 1051 est
894 978 981 1064 Qua
1006 977 1149 1051 ratione
1175 1000 1184 1019 ¹

16 1098 30 1127 s
67 1085 107 1158 in
125 1087 193 1162 ista
209 1112 408 1188 gangrena
423 1088 516 1161 adeo
530 1090 648 1186 prosit
662 1114 791 1188 parum
809 1101 974 1177 constat;
1000 1089 1063 1163 sed
1081 1089 1145 1162 ob·

66 1202 290 1275 servandum
325 1213 381 1274 est
410 1200 510 1272 illum
539 1201 614 1274 fere
640 1201 747 1276 valde
774 1202 963 1277 dolentem
993 1226 1081 1288 esse,
1105 1210 1146 1276 et

65 1312 197 1409 opium
227 1313 275 1386 ad
304 1310 517 1386 leniendum
535 1311 697 1386 dolorem
727 1313 947 1401 adhibitum,
971 1313 1093 1412 majus
1108 1320 1148 1386 et

64 1422 295 1521 insperatum
308 1423 531 1501 beneficium
547 1426 659 1500 simul
675 1427 907 1525 praestitisse;
933 1427 985 1499 ita
1000 1436 1046 1500 nt
1061 1426 1148 1500 satis

62 1536 265 1610 verisimile
281 1538 328 1610 sit
345 1560 456 1610 usum
473 1535 552 1632 ejus
568 1538 608 1611 in
625 1539 697 1613 isto
713 1538 841 1612 morbo
850 1538 889 1611 in
904 1536 1064 1612 tollenda
1080 1545 1148 1612 aut

64 1648 269 1721 minuenda
302 1648 470 1722 morbosa
503 1671 589 1745 quae
621 1651 725 1726 adest
753 1651 957 1729 irritatione
985 1649 1148 1723 maxime

64 1760 271 1833 consistere.
502 1848 508 1867 Ι
842 1766 844 1771 ’

114 1894 341 1947 mcccxxno
368 1873 564 1952 Hactenus
580 1876 628 1949 de
645 1898 716 1949 usu
741 1876 904 1974 generali
934 1883 973 1947 et
999 1874 1148 1949 interno

62 1985 415 2060 medioomentorum
443 1987 749 2088 ontiaepta'corum
778 1988 923 2062 dietum
952 1982 1035 2070 est}¹
1056 1985 1148 2057 seire

62 2105 190 2171 tamen
207 2107 350 2196 oportet
368 2123 464 2197 saepe
479 2123 555 2174 non
573 2099 706 2173 inutile
723 2123 800 2173 esse
821 2100 992 2197 quaedam
1022 2120 1071 2171 ex
1100 2097 1147 2171 iis

59 2208 229 2308 partibus
243 2213 401 2310 eorporis
415 2211 661 2311 singularibus
678 2211 788 2285 variis
804 2212 853 2283 de
868 2211 986 2284 causis
1003 2217 1146 2307 putres-

60 2321 232 2397 eentibus
248 2323 431 2407 adhibere.
484 2325 549 2399 Sis
562 2323 745 2401 uleeribus
764 2321 992 2408 scorbuticis,
1009 2330 1048 2394 et
1060 2319 1145 2416 qni·

60 2432 151 2507 dem
167 2433 245 2511 aliis
263 2435 445 2513 ulceribus
474 2437 583 2525 valde
611 2435 771 2536 putridis
799 2446 839 2510 et
867 2432 1018 2519 foetidis,
1043 2429 1146 2504 haud

57 2567 191 2645 parum
207 2571 303 2646 saepe
319 2547 468 2645 prodest
484 2548 650 2624 fomenta
679 2549 869 2647 imponere
897 2570 946 2620 ex
974 2543 1146 2642 frugibus

58 2659 268 2736 recentibus
281 2670 321 2734 et
333 2661 432 2734 succi
449 2660 578 2760 plenis,
595 2660 750 2758 aliisque
763 2660 871 2733 rebus
882 2655 1145 2742 aoesoentibus,

58 2769 303 2870 multumque
319 2771 467 2847 acidum
484 2771 722 2849 sorbonicum
738 2770 1025 2856 continentibus,
1050 2765 1145 2841 soili

59 2892 120 2956 oet
134 2906 222 2982 quae
238 2883 410 2959 foetorem
424 2885 591 2961 ulcemm
603 2885 707 2958 brevi
720 2884 920 2983 oorn‘gunt,
938 2902 1145 2978 eorumque

59 2996 287 3071 sanationem
308 2998 468 3074 multum
487 3005 720 3098 promovent,
738 2995 848 3070 simili
859 2994 935 3068 lere
947 2993 1144 3069 rationeao

56 3108 250 3206 putredini
263 3114 422 3209 eorporis
434 3110 596 3211 generali
609 3120 817 3185 occurrunt.
860 3107 1144 3206 Etingungrae·

56 3240 106 3292 na
122 3217 323 3310 sereomui,
342 3224 474 3298 medici
492 3224 612 3298 solent
628 3223 799 3323 partibus,
811 3221 952 3296 affectis
968 3220 1143 3293 adhibere
1164 3310 1166 3314 7

56 3330 329 3408 medicamenta
353 3337 527 3434 quaedam
553 3335 787 3438 antiaepta'oa,
812 3333 1014 3434 praesertim
1042 3330 1143 3404 varia

57 3443 298 3534 stimulantis,
323 3446 442 3521 veluti
458 3448 619 3547 spiritus
643 3447 856 3534 destitutos,
882 3447 949 3545 qui
966 3443 1143 3518 videntur

55 3580 155 3655 saepe
171 3557 335 3633 multum
353 3552 533 3658 prodesse.
572 3559 753 3634 Nondum
764 3583 853 3635 vero
865 3558 1032 3633 constitit
1045 3549 1141 3632 num

56 3667 143 3743 solis
158 3669 235 3743 suis
251 3671 392 3745 viribus
409 3670 641 3772 antisepticis
657 3673 696 3746 in
714 3671 780 3746 tali
797 3680 896 3747 statu
912 3671 1064 3769 prosint,
1093 3692 1141 3742 an

54 3780 183 3882 potius
199 3782 318 3881 (quod
336 3783 457 3861 multo
474 3786 592 3884 magis
609 3782 807 3859 verisimile
825 3784 988 3880 videtur)
1006 3806 1072 3880 per
1087 3781 1142 3855 vi-

55 3915 112 3966 res
128 3917 214 3968 suas
231 3895 475 3985 stimulantes,
502 3923 587 3997 quae
602 3897 661 3972 vel
679 3897 863 3971 actionem
874 3895 953 3993 jam
972 3895 1142 3985 delicien-¹

56 4013 136 4080 tem
153 4031 328 4082 vasorum
345 4033 431 4107 quae
449 4011 667 4111 sanguinem
685 4009 831 4085 vehunt
858 3999 1013 4083 renovet
1029 4015 1142 4102 atque

48 4115 240 4208 intendat,
266 4120 328 4193 vel
354 4122 685 4199 inflammationem
703 4132 742 4197 et
758 4121 892 4196 bonam
911 4117 1142 4219 suppuratio}

57 4251 141 4305 nem
159 4233 208 4306 ad
227 4233 434 4331 marginem
465 4260 561 4312 sanoe
590 4237 708 4311 camis
736 4234 882 4325 efficiat,
907 4255 994 4332 quae
1022 4240 1143 4330 partes
