2678 4794
64 358 159 415 ear.
176 354 279 411 xvu.
344 352 564 410 nanterum
584 354 870 418 ruaoaarrcra.
1065 334 1138 429 1'77

55 535 218 621 acribus,
242 539 306 607 aut
321 533 520 621 venenatis,
533 542 687 608 onustus
702 531 836 607 fuerit:
862 557 1023 632 quorum
1047 557 1137 610 non·

56 669 256 745 nunquam
272 654 377 719 tanta
390 645 447 719 vis
463 655 529 731 est,
553 656 598 721 ut
625 667 700 719 non
724 642 837 719 modo
863 646 1137 743 respirationem

57 758 278 859 impediant,
294 757 360 831 aed
375 757 489 833 vitam
505 758 620 856 ipsam
637 755 739 831 brevi
755 757 977 856 extinguant
994 758 1106 857 (mv).

109 891 234 945 uxor.
270 869 397 958 Porro,
434 869 699 944 obstructiones
722 871 844 957 variae,
881 871 958 944 sive
991 895 1015 943 a
1037 895 1140 946 mero

59 992 219 1070 tumore,
236 982 317 1056 sive
327 981 374 1055 ab
385 979 688 1071 inflammatione,
705 983 782 1057 sive
793 984 1049 1070 contractione,
1059 984 1140 1071 oris,

60 1096 219 1182 narium,
235 1092 411 1193 gutturis,
429 1091 614 1192 glottidis,
637 1119 772 1194 asperae
787 1096 936 1182 arterioe,
953 1092 1140 1171 bronchia-

59 1232 160 1295 rum,
184 1232 268 1307 qnoe
292 1207 370 1281 vias
393 1231 484 1305 quas
513 1216 574 1281 adr
597 1206 720 1280 subire
745 1206 857 1282 debet
880 1207 1004 1306 aliquo
1028 1206 1141 1281 modo

62 1318 249 1407 claudant,
262 1319 537 1417 respirationem
555 1318 776 1417 impediunt.

120 1452 256 1505 nxcva.
271 1430 479 1529 Impeditur
494 1453 646 1529 quoque
655 1429 757 1503 omni
767 1428 861 1503 vitio
879 1429 1075 1528 pulmonis,
1086 1430 1140 1504 in-

65 1539 259 1628 flammati,
286 1543 493 1617 tumoribus
510 1542 697 1627 obstructi,
714 1539 884 1615 inundati
900 1541 1020 1616 multa
1035 1566 1140 1639 aqua,

63 1676 190 1741 muco,
206 1676 294 1741 sero,
310 1654 502 1752 sanguine,
519 1676 642 1751 neque
658 1662 702 1727 ut
717 1651 824 1726 decet
840 1650 1001 1727 dilatato.

114 1786 271 1841 nxcvn.
310 1766 408 1838 Sauo
431 1788 520 1839 vero
543 1763 731 1863 pulmone,
761 1775 800 1838 et
823 1763 945 1838 liberis
969 1764 1142 1838 omnibus

60 1877 135 1953 viis
149 1876 287 1974 quibus
302 1876 350 1949 ad
366 1900 453 1950 eum
478 1876 565 1963 itur,
591 1874 722 1951 thorax
746 1876 825 1975 ipse
849 1876 1020 1974 oppletus
1036 1900 1142 1974 aqua,

59 1988 256 2088 sangnine,
282 2011 385 2086 pure,
408 1996 490 2060 aere
513 1989 593 2086 ipso
618 2013 684 2087 per
707 1988 843 2062 vulnus
865 1988 1033 2076 admisso,
1060 1986 1143 2086 pul·

22 2141 25 2145 ·
58 2100 187 2174 monis
221 2098 554 2197 amplificationem,
588 2110 626 2174 et
661 2099 744 2174 ideo
779 2102 1049 2199 respirationem
1075 2101 1143 2174 im·

59 2210 199 2310 pediet.
248 2209 400 2285 Vulnus
416 2210 475 2284 vel
492 2212 603 2285 unius
619 2210 740 2286 lateris
768 2212 923 2286 thoracis
949 2212 1033 2305 (alia
1052 2223 1143 2286 tunc

60 2323 242 2399 nimirum
259 2323 333 2397 aeri
349 2331 499 2421 patente
515 2323 585 2408 via,
602 2324 633 2395 si
649 2322 781 2397 thorax
797 2322 1004 2420 ampliatur,
1029 2347 1143 2419 quam

61 2456 132 2533 per
143 2459 309 2534 asperam
326 2435 510 2532 arteriam)
522 2435 795 2531 respirationem
812 2433 991 2531 impedit:
1009 2433 1143 2506 utrius·

59 2570 139 2647 que
153 2571 243 2622 vero
259 2547 380 2620 lateris
394 2546 535 2619 vulnus
552 2546 706 2618 eandem
723 2546 827 2619 brevi
844 2542 1053 2642 supprimit

112 2680 286 2734 nxcvm.
304 2659 408 2732 Vitia
423 2680 575 2756 quoque
591 2655 814 2753 multiplicia
829 2677 1049 2751 organorum
1060 2676 1145 2751 quae

62 2781 195 2869 pactus
203 2769 394 2870 ampliant,
412 2769 590 2853 debilitas,
605 2767 788 2866 paralysis,
805 2789 985 2867 spasmus,
1001 2764 1143 2838 inflam-

63 2884 194 2972 matio,
219 2882 333 2968 dolor‚
358 2882 533 2979 rigiditas,
559 2880 654 2979 septi
678 2880 883 2966 transversi,
907 2887 973 2952 aut
997 2901 1142 2952 muscu-

62 2992 186 3069 lorum
202 2993 419 3078 abdominis,
444 3003 508 3066 ant
525 3016 651 3065 eorum
668 2993 735 3089 qui
759 2992 857 3065 inter
873 3001 988 3066 costas
1007 2990 1143 3087 jacent,

62 3106 338 3201 respirationem
378 3104 626 3200 imperfectam
668 3113 707 3175 et
748 3103 935 3177 difficilem
977 3102 1142 3177 reddent.

66 3215 177 3302 Quin
194 3226 242 3303 et,
258 3216 353 3290 sanis
377 3215 464 3313 ipsis
480 3215 624 3313 organis
640 3216 886 3302 moventibus,
903 3216 998 3299 actio
1017 3237 1143 3287 eorum

70 3327 331 3423 quovismodo
346 3326 534 3425 impedita,
551 3328 766 3424 quominus
783 3337 912 3426 pectus
938 3322 1143 3423 amplietur,

71 3439 340 3536 respirationem
368 3439 475 3514 faciet
503 3438 712 3513 difficilem:
742 3439 859 3513 veluti
884 3444 993 3512 costae
1016 3437 1144 3536 rigidae

75 3548 184 3637 facta,
207 3576 305 3650 aegre
320 3552 525 3639 move'ndae,
555 3550 616 3625 vel
631 3552 823 3625 descensus
840 3550 935 3648 septi
952 3549 1144 3623 transversi

79 3659 282 3759 impeditus,
306 3674 455 3762 propter
470 3686 616 3761 aquam,
640 3669 706 3736 aut
721 3669 812 3749 aera,
837 3670 904 3735 aut
919 3661 1055 3747 cibum,
1079 3668 1145 3734 aut

85 3782 213 3862 potum,
229 3783 296 3849 aut
312 3773 458 3861 foetum,
483 3774 675 3859 abdomen,
699 3772 759 3847 vel
775 3783 935 3862 uterum,
960 3773 1020 3849 vel
1035 3774 1145 3847 intes·

88 3877 162 3970 tina,
176 3885 236 3959 vel
251 3885 510 3972 ventriculum,
528 3885 784 3971 distendentia,
796 3895 990 3960 auctamve
1000 3881 1144 3958 uisceris
1259 3882 1263 3889 ’

94 3988 234 4085 cujusvis
251 3994 396 4082 molem,
410 3996 469 4070 vel
485 3998 635 4071 demum
653 3997 777 4071 omnia
788 3996 871 4095 plus
882 3997 985 4094 justo
1001 4015 1145 4069 sursum

97 4107 297 4189 prementia:
322 4106 408 4181 hinc
423 4108 569 4207 gravior
584 4108 659 4182 fere
675 4109 793 4185 omnis
810 4108 971 4208 spirandi
992 4100 1145 4177 difficul-

10 4204 12 4233 '
101 4210 142 4279 its
155 4212 382 4294 decumbenti
398 4244 506 4319 aegro.

593 4350 627 4405 M
