2678 4794
648 394 703 444 XX

141 568 336 657 laboribus,
360 566 562 641 doctrinam
576 565 902 666 Hippocratisque,
922 592 1110 668 suamque,
1127 598 1215 671 quae

141 685 296 784 propriis
311 677 567 766 fundamentis,
583 687 650 753 aut
665 679 771 752 novis
787 687 826 753 et
841 681 936 753 sanis
952 682 1212 759 observationi-

142 792 223 881 bus,
246 792 314 864 niti
331 789 526 879 debuisset,
542 792 729 891 principiis
744 789 984 891 philosophiae
995 794 1211 872 Aristotelis

142 902 325 980 suffulcire
341 904 535 978 conantis?
562 903 667 991 Quid
682 903 730 976 de
745 904 917 978 Arabum
934 909 1162 995 commentis,
1180 911 1210 982 si

141 1024 347 1088 commenta
360 1014 481 1089 vocari
499 1024 714 1103 mereantur,
732 1041 815 1113 quae
830 1016 1029 1116 disciplinis
1046 1029 1084 1092 et
1100 1021 1209 1117 scrip-

136 1125 184 1200 tis
202 1125 352 1200 medicis
369 1127 580 1201 Graecorum
598 1125 819 1224 adjecerunt,
843 1138 909 1202 aut
925 1130 964 1202 in
981 1130 1025 1203 iis
1043 1141 1209 1205 mutave-

135 1241 255 1312 runt?
281 1238 388 1328 Quid
404 1240 451 1314 dc
467 1239 564 1313 rabie
583 1237 842 1327 Chamimaum,
863 1249 1028 1340 tempore
1044 1253 1083 1315 et
1098 1241 1210 1340 paulo

133 1359 219 1448 post
234 1359 382 1449 tempus
398 1347 623 1425 Parandi?
649 1351 753 1437 Quid
770 1351 817 1424 de
839 1351 1009 1428 Theoriis
1025 1355 1207 1428 saniorum

136 1459 539 1539 Chemicomcdicomm
552 1461 663 1536 seculi
680 1462 848 1560 proxime
863 1462 1004 1561 elapsi?
1040 1466 1146 1551 Quid
1161 1466 1211 1538 de

133 1571 357 1662 Helmoatii,
373 1574 528 1673 ejusque
539 1582 809 1662 assectatorum,
826 1584 864 1648 et
874 1574 1012 1648 Statili
1026 1577 1207 1674 opinioni-

131 1682 232 1762 bus?
267 1686 371 1776 Quid
400 1686 553 1760 demum
579 1686 626 1761 de
642 1686 1038 1775 lotromathcmalicis,
1063 1712 1209 1764 eorum-

132 1820 209 1896 que
224 1797 753 1898 pseudo-demonstrationibus
778 1824 887 1898 super
911 1799 1020 1874 rebus
1044 1802 1206 1889 medicis,

131 1908 269 2007 quibus
285 1908 481 1984 credebant
509 1935 548 1984 se
573 1910 641 1984 sibi
665 1911 815 2009 suisque
842 1911 906 1985 has
934 1912 1138 2009 provincias
1167 1915 1206 1987 iu

130 2028 320 2119 posterum
337 2022 566 2097 vindicasse?
596 2020 702 2109 Quid
718 2023 765 2096 de
781 2025 930 2123 egregio
945 2023 1205 2100 Iatromotlre-

130 2131 262 2207 matico
278 2154 325 2206 ex
343 2134 567 2208 nostratibus
584 2134 794 2231 putandum
811 2145 876 2223 est,
893 2135 940 2209 de
951 2135 1118 2209 hostibus
1130 2139 1207 2211 suis

130 2252 170 2318 et
186 2242 340 2318 humani
357 2247 511 2345 generis,
531 2245 635 2343 justo
652 2245 758 2334 bello,
783 2255 828 2321 ut
844 2248 1023 2335 credebat,
1041 2248 1205 2336 devietis,

128 2356 394 2458 triumphante,
418 2368 457 2433 et
473 2358 712 2445 exclamante,
738 2370 760 2402 ‘⁶
776 2359 865 2433 Non
889 2359 1022 2434 dubito
1047 2384 1109 2433 me
1137 2360 1205 2435 sol-

124 2469 260 2544 “visse
277 2472 399 2546 nobile
416 2470 625 2570 problema;
651 2472 753 2570 quod
769 2482 835 2560 est,
861 2472 966 2547 Dato
986 2473 1125 2560 morbo,
1149 2475 1203 2547 in·

126 2587 150 2622 ‘⁴
165 2586 293 2658 venire
309 2584 526 2658 remedium.
577 2585 741 2680 Jamque
755 2608 849 2682 opus
865 2587 1003 2680 exegi.”

176 2692 318 2767 Parum
344 2701 443 2767 certe
469 2693 601 2765 medici
626 2693 859 2788 profecerunt
875 2692 1061 2779 hactenus,
1086 2703 1125 2767 et
1140 2720 1203 2793 pa-

125 2826 222 2891 rum,
239 2805 280 2877 ni
293 2804 405 2890 fallor,
422 2803 619 2900 profecturi
630 2814 718 2876 sunt
733 2802 771 2874 in
790 2811 989 2902 posterum,
1007 2805 1084 2901 qui,
1101 2806 1204 2880 nulla

126 2914 292 2989 adhibita
320 2914 606 3000 ratiocinatione,
631 2913 705 2987 sola
721 2913 947 3011 experientia
963 2928 1078 2990 semet
1096 2943 1202 2992 occu-

123 3029 304 3125 paverint.
354 3026 539 3101 Plurimas
556 3051 611 3100 res
628 3049 740 3099 novas
758 3023 827 3099 hoc
843 3024 955 3097 modo
981 3026 1084 3103 facile
1108 3030 1203 3105 didi·

125 3139 217 3214 cisse
233 3139 433 3238 potuerint,
459 3138 523 3213 sed
540 3136 608 3212 sibi
624 3137 777 3236 aliisque
798 3136 933 3236 pariter
949 3137 1108 3228 inutiles,
1132 3165 1202 3217 nec

127 3274 295 3349 unquam
329 3251 519 3326 scientiam
553 3249 733 3324 medicam
769 3259 1024 3350 provecturas;
1066 3253 1202 3328 scilicet

123 3385 285 3461 quarum
301 3364 491 3446 rationem,
508 3371 547 3435 et
561 3361 608 3435 ad
626 3385 734 3435 usum
748 3362 934 3435 medicum
951 3365 1200 3438 accommoda-

54 3568 58 3577 ·
122 3474 274 3562 tionem,
299 3474 443 3572 ignotas
460 3496 536 3546 esse
552 3483 745 3571 oporteret
796 3485 818 3516 ‘⁸
834 3473 1050 3574 Applieatio
1073 3487 1200 3550 autem

123 3586 406 3684 “experimenti
430 3585 525 3659 nihil
547 3585 649 3660 aliud
677 3597 742 3673 est,
768 3612 881 3686 quam
912 3590 1101 3688 ingeniosa
1129 3602 1200 3663 tra-

122 3706 148 3745 ·“
164 3697 291 3772 ductio
307 3697 386 3795 ejus
403 3697 449 3769 ad
466 3698 760 3795 experimentum
771 3699 872 3774 aliud
884 3700 1033 3798 aliquod
1046 3700 1138 3774 utile
1147 3707 1199 3774 *Γ

123 3808 332 3908 Utcunque
348 3834 435 3883 vero
451 3810 647 3884 necessaria
663 3812 701 3883 in
719 3811 827 3886 rebus
844 3812 994 3886 medicis
1009 3813 1198 3887 ratiocina-

123 3921 178 3998 tio
193 3921 315 4008 fuerit,
340 3933 464 4034 tamen
481 3931 627 4020 oportet
642 3923 745 3998 omui
761 3948 848 3999 eura
863 3934 903 3998 et
918 3922 1110 4022 diligentia
1125 3924 1197 4000 dis-

584 4270 604 4306 *
624 4269 731 4331 Bacou.
