2678 4794
65 345 159 404 car.
175 343 291 400 xvul.
366 341 586 400 usmetum
604 344 891 402 annoanrrcm.
1073 337 1144 414 189

66 523 232 599 rationes
241 518 390 595 reddere
401 522 522 596 conati
535 531 622 596 sunt
635 521 841 622 philosophi
853 531 892 598 et
906 521 1055 598 medici:
1081 525 1145 599 alii

67 635 269 711 maximam
287 641 431 733 partem
442 633 561 722 calori,
577 633 638 707 alii
650 634 841 733 agitationi
858 643 897 708 et
914 636 1065 722 tritura,
1082 634 1144 710 alii

52 742 348 849 semseotationi
364 746 566 821 tribuentes
581 776 593 837 ;
619 747 788 845 quamvis
804 747 904 822 haud
920 749 1005 822 satis
1015 747 1146 822 validis

67 858 297 959 argumentis
313 859 403 932 tuiti
419 858 492 932 siut
508 860 623 933 varias
640 884 732 958 quas
747 859 1053 959 amplecterentur
1068 883 1148 934 seu-

67 971 213 1045 tentias.
267 970 400 1069 Neque
428 980 552 1044 tamen
581 994 729 1044 omnem
747 995 861 1069 quam
884 972 1148 1071 impendebant

67 1082 156 1158 buio
171 1082 225 1156 rei
242 1105 391 1180 operam
404 1082 654 1180 perdiderunt.
703 1082 904 1157 Rationem
921 1084 1048 1159 saltem
1067 1085 1147 1158 red-

68 1194 246 1270 diderunt
273 1193 477 1268 multarum
506 1193 754 1283 affectionum,
783 1197 919 1294 quibus
947 1222 1043 1297 saepe
1070 1222 1146 1272 cor·

69 1307 260 1404 rumpitur
280 1304 474 1379 utilissima
491 1305 610 1379 haecce
626 1306 778 1394 functio,
803 1317 843 1380 et
867 1307 997 1382 idonea
1021 1310 1147 1408 itaque

69 1416 249 1491 adversus
263 1440 318 1491 eos
332 1416 495 1491 remedia
511 1418 730 1495 indicarunt

126 1550 335 1604 ucxxxvu.
353 1528 438 1604 Cibi
448 1528 624 1631 allifacile
636 1530 1146 1633 aliiaegerrimeconcoquun-

71 1648 150 1715 tur.
199 1639 438 1716 Mirantem
465 1642 512 1715 de
527 1640 594 1716 hac
610 1666 649 1716 re
670 1642 866 1717 hominum
884 1645 1083 1731 diversitas,
1108 1655 1147 1718 et

67 1752 188 1852 magis
203 1751 325 1827 adbuc
336 1753 428 1826 mira
440 1754 496 1828 vis
508 1755 805 1840 consuetudinis;
822 1756 874 1828 ita
887 1764 930 1829 ut
943 1756 1045 1853 quod
1058 1756 1146 1830 huie

66 1864 162 1953 cibo,
178 1864 233 1940 illi
248 1864 324 1938 fere
333 1889 477 1939 veneno
493 1865 613 1942 fuerit.
657 1868 761 1955 Quin
779 1879 816 1940 et
833 1868 924 1940 dura
940 1891 1144 1942 messorum

64 1976 142 2064 ilio,
179 1976 366 2076 lapideum
391 1978 465 2051 fere
489 1979 548 2052 cui
573 1980 797 2054 assueverint
830 1980 966 2068 cibum,
1004 1979 1144 2057 facilius

65 2112 185 2189 quam
201 2088 499 2165 delicatissimum
518 2090 715 2189 aliquando
731 2094 976 2166 concoxerint.

116 2223 340 2277 ucxxxvui.
366 2202 505 2277 Omnes
522 2203 596 2276 fere
613 2204 749 2301 quibus
774 2205 915 2278 utimur
931 2205 1002 2277 cibi
1020 2205 1143 2280 mites·

69 2324 160 2389 eunt
190 2312 351 2401 flamma,
380 2323 418 2388 et
450 2314 688 2389 molliuntur:
731 2314 885 2389 mistura
918 2338 1079 2412 quoque,
1104 2327 1142 2389 et

59 2423 312 2539 fermentatio,
336 2436 375 2500 et
390 2427 623 2501 condimenta
647 2426 815 2524 plurima,
840 2425 909 2498 alia
935 2437 1049 2522 atque
1073 2425 1143 2497 alia

69 2538 218 2626 ratione,
244 2540 343 2613 cibos
359 2538 481 2614 solutu
499 2549 537 2612 et
565 2548 741 2612 oonooctu
771 2537 945 2611 faciliores
969 2536 1141 2610 reddunt.

70 2646 153 2724 Hoc
169 2650 285 2724 modo
300 2674 356 2724 ars
380 2650 589 2750 coquinaria
608 2672 682 2722 non
707 2660 811 2747 grata
829 2649 952 2734 modo,
978 2648 1040 2722 sed
1066 2647 1142 2721 fere

72 2763 265 2837 necessaria
281 2763 450 2836 assuetis:
476 2762 604 2836 eadem
622 2786 709 2836 vero
733 2762 843 2835 nimis
859 2761 968 2848 culta,
994 2771 1031 2834 et
1057 2785 1141 2833 oon-

74 2875 177 2947 traria
191 2884 232 2947 et
248 2872 484 2948 dissociabilia
507 2876 659 2949 miscens
683 2884 796 2971 atque
812 2874 1047 2961 confundens,
1073 2874 1140 2945 im-

72 2984 194 3081 primis
211 2997 338 3070 nocet3
368 2997 406 3060 et
420 3010 507 3059 sane
532 2987 600 3061 hac
615 2985 845 3085 potissimum
864 2986 1013 3073 ratione,
1038 2985 1141 3084 quod

72 3092 237 3170 homines
252 3096 298 3169 ad
315 3096 520 3195 ingluviem
549 3098 705 3171 invitat:
741 3121 863 3196 neque
888 3098 1050 3197 profecto
1074 3106 1141 3171 aut

70 3205 238 3309 qualitas.
268 3218 333 3282 aut
365 3210 519 3282 mistura
545 3209 709 3282 ciborum
745 3206 928 3306 (quamvis
953 3209 1031 3282 haec
1055 3232 1140 3280 sane

70 3316 173 3391 baud
188 3341 315 3416 parum
332 3319 529 3417 aliquando
552 3330 690 3409 noceat,
716 3321 830 3396 sicubi
852 3331 968 3394 totam
989 3343 1138 3392 massam

68 3432 180 3504 nimis
195 3430 268 3505 cito
284 3442 323 3505 et
338 3432 575 3506 vehementer
591 3432 862 3506 sermentescere
879 3431 999 3529 faciat)
1025 3428 1140 3506 hellu-

68 3544 129 3617 oni
146 3552 295 3618 tantum
325 3553 442 3630 nooet,
468 3553 650 3641 quantum
678 3545 809 3641 ingens
837 3543 942 3642 copia
958 3567 1067 3640 quam
1086 3545 1141 3616 in·

69 3657 243 3754 gurgitat.
286 3655 415 3729 Homo
428 3657 526 3730 enim
544 3679 661 3742 sanus,
678 3679 801 3753 neque
813 3655 1010 3742 famelicus,
1029 3655 1139 3728 unius

72 3774 110 3838 et
123 3767 297 3866 simplicis
314 3768 386 3841 cibi
401 3769 543 3867 generis
559 3793 638 3842 raro
648 3767 731 3866 plus
742 3767 845 3862 justo
857 3777 1001 3841 sumet:
1027 3767 1140 3839 varie·

74 3885 144 3950 tate
159 3889 298 3964 autem,
324 3887 362 3951 et
384 3880 636 3964 condimentis,
661 3889 700 3950 et
723 3878 907 3976 exquisita
930 3878 1040 3975 ooqui
1064 3887 1141 3951 arte
1164 3913 1168 3921 ·

75 3984 221 4075 illectus,
247 3989 358 4087 triplo
375 3991 457 4089 plus
474 4015 586 4089 quam
605 3989 716 4064 debet
732 4014 807 4064 sese
823 3990 996 4063 onerabit

120 4120 311 4175 ucxxx1x.
337 4100 422 4173 Cibi
438 4101 602 4199 plerique
627 4101 722 4187 duri,
746 4112 811 4174 aut
838 4101 923 4187 sale,
947 4098 1061 4184 fumo,
1086 4098 1140 4194 pi·

77 4226 164 4305 pere,
188 4212 402 4303 aromaticis,
415 4213 565 4297 -oouditi
592 4222 632 4287 et
659 4212 832 4301 indurati,
856 4222 923 4287 aut
951 4207 1140 4307 glutinosi,
