2678 4794
98 331 203 413 <518
354 370 359 379 ·
537 330 792 403 conserentis
935 329 1034 395 ear.
1051 326 1230 399 mm

131 527 230 606 tanti
241 524 440 626 aliquando
448 520 655 624 plurimum
666 538 818 603 nosere3
843 517 896 590 ita
913 522 1026 591 utne
1042 519 1227 597 naturalis

133 640 289 745 quidem
306 639 417 714 sudor
433 659 577 735 semper
591 627 865 734 promovendus
882 629 941 704 sit.
993 629 1128 706 Sudot
1139 652 1226 708 vero

134 761 214 830 arte
230 757 447 853 provocatus
462 747 585 823 multo
602 745 716 846 magis
732 765 867 840 anceps
882 739 1074 817 auxilium
1093 752 1165 834 est,
1180 746 1221 820 iis

134 865 338 967 praesertim
354 863 421 964 qui
437 859 622 936 difficilius
638 855 794 940 sudant;
819 853 877 928 bis
892 853 992 928 enim
1009 866 1092 931 non
1110 857 1220 933 modo

135 977 314 1055 validiora
329 974 596 1049 meditamenta
611 969 660 1044 sd
675 967 848 1043 sudorem
877 964 1107 1043 eliciendum
1124 964 1216 1058 data,

136 1089 202 1164 sed
219 1089 297 1188 ipsa
312 1086 425 1161 etiam
441 1108 527 1183 quoe
541 1081 726 1157 lenissima
737 1077 942 1166 videantur,
968 1077 1094 1155 veluti
1109 1091 1216 1182 potus

135 1199 265 1298 tepidi,
284 1198 384 1273 haud
401 1219 535 1297 pamm
552 1217 651 1295 saepe
665 1201 812 1281 nocent,
827 1191 912 1266 ireso
927 1191 1115 1268 nimirum
1130 1216 1212 1269 sen·

133 1304 277 1398 tribulo,
301 1308 488 1385 labefactis
503 1308 655 1398 viribus,
679 1315 719 1382 et
734 1326 884 1406 eorpore
907 1303 1004 1380 male
1018 1305 1166 1383 irritato
1178 1313 1213 1382 et

133 1420 317 1496 calefacto.

184 1552 433 1611 stecccrtcsv.
459 1530 525 1608 De
540 1531 818 1608 medicamentis
839 1553 930 1607 vem
951 1528 1066 1607 vaide
1089 1532 1213 1608 stimu-

134 1643 299 1722 lantibus
315 1656 355 1720 et
370 1644 675 1734 calefacientibus,
699 1653 738 1719 et
766 1641 883 1718 miore
905 1666 984 1742 quo
1000 1643 1117 1719 modo
1130 1667 1213 1720 eun

135 1780 212 1859 que
227 1758 405 1848 adhibito,
422 1759 508 1834 satis
524 1779 710 1858 superque
723 1765 867 1830 eertum
883 1763 950 1843 est,
969 1774 1019 1830 es·
1031 1757 1213 1857 (quom

135 1892 409 1970 nonnunquam
425 1869 531 1944 utilia
560 1891 638 1942 esse
666 1867 914 1966 (mccccxcn)
939 1870 1149 1969 potuerint)
1175 1869 1213 1943 in

134 1980 298 2055 febribus
314 1979 534 2078 pierumque
550 1977 698 2054 inutilia
713 2000 801 2069 esse,
822 1989 862 2057 et
877 2002 974 2081 soepe
988 1980 1213 2082 perniciosis

134 2091 250 2176 sima;
276 2088 414 2165 seilicet
429 2093 522 2189 quie
532 2112 608 2165 non
631 2114 777 2193 semper
800 2093 972 2169 sudorem
987 2092 1123 2170 elisere
1137 2116 1212 2196 pos

131 2202 220 2291 sint,
240 2210 280 2278 et
295 2204 467 2302 quamvis
483 2203 685 2294 elimerint,
702 2229 833 2305 parum
848 2205 968 2282 forsan
978 2207 1164 2306 juverint,
1178 2213 1213 2281 et

132 2315 248 2392 simul
264 2336 330 2417 per
346 2340 458 2393 suum
475 2316 671 2394 stimulum
689 2317 820 2394 febrim
832 2317 1041 2409 intendent,
1067 2331 1109 2396 et
1123 2321 1211 2396 vires

131 2430 224 2531 regri
239 2440 470 2520 consumant,
495 2440 535 2506 et
558 2429 794 2531 putredinem
819 2440 1001 2531 augeant3
1025 2433 1069 2508 in
1098 2433 1210 2510 diver·

132 2542 285 2619 sissimis
301 2542 461 2618 febrium
490 2543 687 2644 generibus
703 2543 779 2619 fere
794 2544 938 2645 pariter,
962 2547 1140 2645 quamvis
1155 2566 1210 2620 vs

131 2655 196 2732 tiis
220 2655 269 2730 de
294 2657 421 2744 causis,
446 2657 599 2745 nosiva;
623 2656 824 2758 prasertim
839 2657 880 2731 in
896 2656 941 2732 iis
956 2679 1053 2757 ques
1069 2658 1209 2760 eruptio

59 2768 62 2779 '
131 2790 243 2865 super
259 2776 386 2841 cutem
403 2769 610 2844 comitatur.
660 2770 783 2845 Triste
811 2792 897 2844 sane
922 2781 980 2844 est
1007 2781 1136 2848 mente
1157 2790 1204 2844 re·

84 2955 85 2959 Ν
129 2875 292 2966 volvere,
329 2900 444 2978 quam
473 2879 619 2956 funesta
644 2882 770 2981 generi
798 2879 962 2970 humano
991 2883 1104 2960 irretit
1128 2880 1201 2956 talis

129 2990 305 3064 medendi
323 2992 427 3079 ratio,
439 2988 507 3066 diu
524 2990 685 3066 stabilita
699 3002 739 3068 et
754 2993 888 3093 passim
904 2992 1079 3072 adhibita
1129 2991 1201 3066 vix

130 3099 232 3175 enim
249 3099 411 3176 dubitari
428 3104 560 3202 potest,
578 3124 750 3204 magnam
762 3102 1053 3183 feb1ieitantium
1067 3106 1205 3209 partem

128 3212 191 3287 mi
208 3211 356 3289 morbus
371 3214 601 3314 pepercisset,
625 3217 796 3293 remediis
812 3215 1031 3319 hujusmodi
1045 3218 1205 3323 turpissi-

128 3345 192 3399 me
208 3319 319 3401 iuisse
335 3325 566 3402 trucidatam.

179 3456 383 3515 mcxcv.
401 3439 497 3514 Hae
508 3439 723 3530 exinanitio,
739 3462 816 3518 non
827 3462 932 3519 sems
946 3467 990 3520 ao
1006 3444 1101 3534 stiae,
1117 3466 1205 3546 sepe

125 3556 248 3635 'nodet
272 3549 382 3625 valde
408 3548 592 3628 debilibus
613 3553 806 3654 imprimis,
840 3562 907 3631 aut
935 3556 1150 3647 mobilibus,
1170 3564 1205 3630 et

125 3678 214 3735 sane
228 3659 414 3751 omnibus,
439 3664 597 3740 sinimis
614 3667 758 3766 eopiosa
787 3676 855 3743 sut
878 3667 1061 3744 diuturna
1086 3669 1205 3755 tinnit,

123 3782 194 3848 sut
208 3769 437 3871 frequentius
447 3776 552 3875 justo
567 3779 742 3880 repetita3
767 3804 918 3880 empore
944 3781 1087 3859 scilieet
1116 3780 1204 3858 mul-

128 3893 210 3958 tum
227 3883 407 3961 exhausto
423 3898 537 3988 atque
561 3890 693 3983 soluto,
717 3903 756 3968 et
772 3902 873 3969 ente
896 3895 1102 3994 praesertlm
1118 3895 1204 3970 adeo

124 3994 286 4073 relaxata
301 4008 341 4073 et
356 3997 511 4077 deliosta
526 4003 631 4094 facts,
656 4012 703 4081 nt
724 4024 778 4080 ne.
801 4004 1034 4083 levissimum
1051 4006 1203 4108 quidem

123 4104 240 4207 frigus
258 4110 338 4185 sine
351 4109 489 4187 damno
513 4115 666 4192 tolerare
696 4117 821 4218 possit.
872 4117 1099 4212 Infantibus,
1122 4118 1202 4196 satis

124 4218 329 4300 manifestis
352 4223 401 4300 de
427 4227 553 4317 causis,
588 4248 721 4333 parum
749 4230 1026 4311 accommodata
1054 4243 1134 4320 est:
1166 4240 1201 4305 et
