2678 4794
118 370 193 441 554
532 369 783 430 consenciat
1033 367 1131 425 CAP.
1149 364 1220 423 XL.

121 569 182 634 ter
198 564 238 632 et
253 553 354 654 large
370 550 617 628 detrahendus
633 559 699 624 est.
749 547 797 621 In
827 542 1046 643 hujusmodi
1077 543 1218 652 scilicet

125 670 282 756 casibus,
307 674 481 740 anatum
506 661 626 737 morbi
654 660 751 759 parti
778 658 827 733 ad
854 657 972 732 vitam
999 659 1218 733 necessaria

126 779 388 866 incumbentis,
424 789 463 851 et
487 775 535 850 ad
558 775 705 849 exitum
732 770 933 846 infaustum
966 770 1215 868 properantia,

126 893 361 995 perspicuum
377 897 435 964 est
450 889 598 988 gravius
626 897 666 960 et
691 883 907 984 praesentius
935 881 1152 981 periculum
1170 881 1214 957 ab

126 1031 174 1081 eo
189 1007 333 1091 instare,
359 1024 472 1102 quam
489 1026 510 1074 a
526 1023 661 1097 magna
678 997 866 1098 sanguinis
876 995 1033 1094 jactura,
1061 1004 1138 1068 eta
1154 994 1213 1068 de-

127 1117 282 1203 bilitate,
307 1114 459 1212 aliisque
475 1111 580 1186 malis
598 1135 684 1208 quae
698 1110 785 1184 inde
802 1107 997 1207 provenire
1014 1105 1149 1181 solent

180 1249 406 1303 nnaxxxrx.
433 1223 575 1298 Medici
592 1248 700 1322 porro
725 1246 819 1320 saepe
843 1219 963 1293 solent
975 1219 1150 1316 judicare
1166 1220 1211 1292 de

129 1340 319 1439 sanguinis
336 1338 561 1415 detractione
577 1335 784 1435 repetenda,
801 1358 824 1405 a
838 1331 1054 1407 conditione
1065 1332 1209 1431 saugui-

129 1453 186 1525 nis
197 1450 274 1549 jam
292 1450 406 1538 missi,
431 1459 470 1523 et
485 1450 532 1524 ab
548 1447 739 1522 effectibus
755 1445 883 1544 prioris
900 1443 1153 1518 detractionis.

181 1586 311 1639 nnxc.
331 1563 505 1651 Siccam
522 1561 670 1660 sanguis
686 1559 910 1634 ruberrimus
927 1565 966 1628 ct
984 1579 1129 1631 crassus
1144 1566 1211 1644 est,

131 1685 170 1750 et
184 1677 302 1776 magis
314 1675 435 1750 adhuc
445 1676 475 1749 si
488 1675 614 1749 tunica
625 1672 705 1746 alba
717 1680 755 1745 et
766 1682 893 1744 tenace
905 1669 1047 1767 tegitur
1062 1670 1211 1766 (nvnr),

129 1813 229 1887 aeger
244 1787 394 1862 alteram
411 1786 674 1860 detractionem
686 1781 874 1878 sanguinis
892 1779 1047 1854 tolerare
1063 1783 1211 1879 poterit,

127 1900 172 1970 in
187 1900 290 1971 omni
306 1898 381 1989 fere
397 1899 524 1970 morbo
540 1896 604 1968 ubi
621 1894 691 1966 alia
707 1895 812 1992 signa
841 1906 997 1967 monent
1026 1894 1092 1968 tali
1118 1919 1210 1994 opus

130 2031 209 2080 esse
226 2008 398 2081 remedio.
448 2005 567 2080 Multi
583 2005 747 2105 profecto
763 2005 895 2092 morbi,
912 2005 1104 2104 inquibus
1116 1994 1211 2081 'tuni-

128 2143 172 2192 ca
188 2120 257 2191 ista
273 2128 434 2217 apparet,
459 2120 611 2194 omnino
633 2119 829 2217 requirunt
846 2126 892 2191 ut
908 2118 1061 2216 sanguis
1078 2118 1211 2219 largius

129 2230 324 2318 mittatur3
349 2232 505 2305 minime
520 2255 609 2305 vero
625 2231 691 2305 soli
708 2230 795 2305 huic
812 2230 918 2328 signo
934 2253 1082 2329 semper
1096 2232 1209 2305 fiden-

129 2343 224 2417 dum
241 2353 307 2431 est,
333 2353 398 2418 aut
415 2344 626 2420 conandum
651 2345 869 2442 sanguinem
894 2342 1036 2416 iterum
1060 2344 1208 2418 iterum·

130 2480 208 2552 que
225 2442 382 2544 mittere,
408 2457 525 2530 donec
541 2455 605 2530 illo
622 2457 786 2555 tegmine
810 2455 961 2554 penitus
977 2465 1121 2543 careat;
1143 2457 1208 2531 sci·

132 2567 219 2641 licet
252 2569 354 2667 quod
388 2593 484 2668 saepe
516 2568 719 2642 admodum
751 2566 1001 2667 periculosum
1031 2580 1135 2658 esset,
1170 2579 1208 2644 et

132 2678 234 2752 haud
250 2706 331 2755 raro
347 2706 493 2780 prorsus
509 2681 742 2781 impossibile.

183 2814 329 2868 noxcr.
348 2794 578 2894 Ubicunque
590 2820 677 2869 vero
694 2794 841 2893 sanguis
857 2795 983 2868 tenuis
998 2804 1039 2869 et
1055 2794 1204 2894 pallidus

129 2911 198 2989 est,
222 2915 262 2978 et
279 2905 375 2980 male
391 2908 546 3007 cogitur,
570 2916 611 2980 et
629 2906 710 3003 jam
734 2914 879 2980 coaetus
896 2905 1035 2982 lividus
1049 2914 1201 3003 apparet,

128 3027 169 3088 ct
186 3017 289 3090 facile
306 3030 345 3091 et
361 3019 462 3093 brevi
480 3020 664 3104 dilabitur,
690 3029 729 3093 et
744 3018 861 3105 foetet,
886 3030 925 3091 et
943 3018 1124 3119 putrescit,
1139 3015 1202 3090 de·

131 3128 262 3200 tractio
278 3128 357 3226 ejus
374 3130 530 3204 minime
546 3133 729 3209 convenit.
806 3124 808 3129 ’

182 3262 346 3315 naxon.
372 3241 483 3329 Cum,
509 3244 688 3340 sunguine
705 3244 825 3331 semel,
851 3241 912 3316 vel
929 3243 1126 3343 aliquoties
1141 3242 1208 3317 for·

130 3360 235 3440 tasse,
259 3352 433 3440 detracto,
458 3379 555 3453 aeger
575 3355 683 3429 istam
699 3356 993 3451 exinanitionem
1012 3356 1108 3430 bene
1124 3354 1210 3429 tole-

129 3472 197 3548 rat,
222 3460 426 3562 pulsusque
442 3464 502 3538 vel
519 3465 661 3564 plenior
676 3478 715 3543 et
730 3467 886 3543 validior
901 3493 1015 3567 quarn
1033 3479 1143 3542 antea
1158 3467 1209 3551 fit,

128 3571 190 3657 vel
220 3572 349 3646 saltem
379 3599 511 3674 parum
540 3578 758 3669 infirmatur,
784 3580 1012 3678 morbusque
1040 3591 1110 3654 aut
1138 3601 1209 3653 non

127 3685 353 3775 sublevatur,
371 3699 436 3764 aut
446 3701 644 3790 postquam
661 3692 789 3766 mitior
803 3693 922 3767 factus
938 3691 999 3765 vel
1016 3717 1116 3792 pene
1132 3691 1211 3765 sub-

129 3797 226 3874 latus
254 3797 376 3885 fuerit,
416 3801 540 3878 denuo
568 3805 798 3891 recrudescit,
823 3813 908 3878 tum
934 3802 1012 3878 fere
1042 3805 1212 3878 audacter

126 3911 173 3982 ad
190 3913 290 3986 idem
308 3914 514 3989 remedium
533 3918 669 3992 iterum
686 3915 884 4014 confugere
900 3915 1038 3990 licebit.

178 4045 360 4100 noxam.
379 4025 533 4114 sivero,
550 4040 633 4128 post
651 4028 868 4129 sanguinem
880 4027 994 4102 semel
1005 4028 1068 4103 vel
1083 4028 1210 4127 saepius

118 4134 200 4228 jam
218 4134 436 4224 detractum,
466 4141 562 4213 vires
591 4143 679 4240 aegri
709 4140 831 4215 subito
860 4152 900 4215 et
927 4141 1097 4216 multum
1125 4139 1210 4215 defi·

125 4246 242 4335 ciunt,
258 4249 462 4350 pulsusque
472 4250 663 4329 debiliores
674 4264 712 4327 et
722 4252 1000 4354 frequentiores,
1018 4255 1081 4330 vel
1092 4253 1209 4330 forsan
