2678 4794
81 369 168 424 car.
185 369 238 422 ιι.
373 363 591 421 nummum
610 365 897 423 annonarum.
1106 359 1152 434 75

79 544 178 620 dant
204 543 485 619 'Certissimum
502 555 627 618 autem
644 554 710 631 est,
728 544 889 630 oculum,
915 543 975 617 vel
998 545 1054 618 his
1070 546 1155 620 viri·

74 656 144 755 vbus
161 667 243 730 tum
260 656 422 732 musculi
434 657 499 755 qui
510 654 686 755 pupillam
702 657 808 753 regit,
828 666 1156 755 tumprocessuum

73 766 271 854 altarium,
290 767 351 841 vel
367 768 445 842 aliis
464 768 586 841 minus
602 768 771 864 cognitis,
787 767 1061 865 quodammodo
1077 794 1156 844 mu·

74 881 147 967 tari,
164 889 206 955 et
222 880 272 953 ad
292 882 409 954 varias
425 905 545 967 rerum
565 905 655 977 quas
668 879 940 978 contemplatur
956 881 1157 967 distantias,

74 990 165 1066 intra
180 1003 304 1067 certos
320 991 467 1080 limites,
483 993 757 1066 accommodari.

76 1162 80 1167 -
120 1125 284 1179 ccxm.
328 1103 410 1178 Diu
439 1104 677 1201 multumque
709 1104 936 1203 disputatum
972 1113 1027 1178 est
1060 1104 1156 1178 inter

74 1213 318 1314 physiologos,
343 1215 623 1302 amthcmuticos,
652 1215 926 1314 uaetoplrpsicos,
956 1241 1032 1315 quo
1049 1226 1155 1315 pacto

78 1325 151 1412 liat,
176 1336 238 1414 ut,
269 1327 314 1400 ab
338 1329 484 1402 inversa
508 1351 619 1426 super
633 1326 795 1402 retinam
820 1326 966 1425 depicta
982 1329 1154 1424 imagine,

80 1459 155 1509 renr
173 1437 288 1535 ipsam
304 1449 460 1514 erectum
478 1439 692 1523 videamus;
718 1449 757 1511 et
773 1462 839 1512 cur
867 1463 888 1511 a
905 1438 1051 1537 duplice
1068 1447 1155 1514 ima-

78 1548 173 1645 gine,
205 1573 278 1623 una
292 1551 470 1626 nimirum
499 1552 537 1625 iu
557 1561 716 1650 utroque
738 1549 845 1624 oculo
872 1574 1049 1648 expressa,
1080 1577 1154 1626 una

77 1669 217 1734 tantum
235 1685 292 1736 res
308 1672 504 1760 spectetur.

118 1795 260 1847 ccxcv.
286 1773 366 1849 Res
382 1775 470 1874 ipsae
485 1800 614 1874 parum
633 1774 743 1849 utiles
759 1783 888 1848 vetant
905 1774 1090 1849 medicum
1114 1778 1154 1850 in

73 1882 162 1958 hanc
178 1909 329 1959 arenam
347 1886 574 1975 descendere,
600 1887 665 1961 ubi
682 1897 740 1961 tot
766 1886 892 1985 magni
908 1887 1068 1961 nominis
1085 1889 1155 1961 viri

73 2017 145 2070 non
161 1996 241 2070 siue
266 1996 376 2071 laude
393 2009 508 2073 semet
523 2009 776 2073 exercuerunt.
833 1999 931 2072 Scire
948 2009 1073 2072 tamen
1091 1999 1153 2099 ju·

72 2116 142 2194 vat,
165 2109 213 2182 ad
242 2109 313 2183 hoc
341 2110 489 2183 tandem
508 2123 665 2186 ventum
682 2135 768 2195 esse,
794 2110 998 2210 simplicem
1016 2112 1063 2186 de
1086 2112 1154 2187 hac
1215 2186 1223 2203 ‚

72 2241 108 2291 re
122 2218 236 2294 latam
254 2246 332 2295 esse
362 2222 543 2296 aNatura
560 2224 689 2322 legem,
715 2221 862 2308 scilicet,
889 2232 933 2296 ut
962 2247 1073 2297 omne
1098 2225 1152 2297 vi·

45 2366 51 2383 ·
74 2330 174 2404 sibile
191 2343 378 2430 spectetur
395 2335 598 2408 secundum
616 2333 852 2406 directionem
871 2343 980 2406 rectae
1009 2333 1114 2408 lineae
1130 2361 1152 2409 a

75 2454 214 2537 puncto
229 2443 371 2530 retium,
389 2469 498 2543 super
515 2445 614 2542 quod
633 2443 780 2540 depicta
794 2443 906 2517 suerit
924 2444 1002 2538 ejus
1019 2445 1151 2541 imago,

78 2574 144 2649 per
172 2566 334 2629 centrum
369 2555 466 2629 oculi
499 2555 732 2628 transeuntis.
798 2553 980 2626 Nondum
1014 2554 1153 2651 prolata

77 2674 163 2737 sunt
179 2669 429 2764 experimenta
458 2690 581 2765 neque
597 2672 826 2763 argumenta,
855 2688 941 2761 quae
956 2665 1152 2740 ostendant

72 2773 205 2851 dictam
236 2779 487 2865 directionem,
517 2776 776 2851 mathematica
804 2776 1043 2862 accuratione,
1074 2801 1152 2851 esse

71 2909 213 2964 veram:
240 2891 305 2964 sed
321 2915 445 2988 neque
461 2916 558 2964 error
575 2888 683 2976 ullus,
701 2886 761 2960 vel
776 2887 992 2974 levissimus,
1018 2890 1057 2962 in
1083 2890 1150 2964 hac

72 3020 108 3071 re
122 3001 292 3076 detectus
309 3013 375 3076 est
426 3002 584 3101 Oportet
601 3002 717 3100 igitur
733 3024 779 3074 ex
791 2999 871 3098 jam
889 3001 1070 3076 institutis
1087 3027 1149 3078 ex·

72 3113 283 3208 perimentis
311 3112 584 3201 concludamus,
610 3112 860 3199 directionem,
877 3136 952 3209 qna
967 3126 1150 3211 punctum

75 3222 213 3299 visibile
227 3233 424 3324 spectatur,
441 3251 518 3300 esse
533 3224 594 3300 vel
611 3226 715 3311 hanc,
732 3224 792 3297 vel
809 3223 897 3300 huic
913 3249 1025 3322 quam
1040 3251 1149 3323 prox·

75 3333 194 3411 imam.
243 3339 376 3413 Homo
391 3338 508 3436 igitur
524 3338 575 3412 sic
603 3338 838 3421 constitutus
866 3334 1080 3430 hujusmodi
1095 3338 1150 3411 ni-

74 3448 206 3524 mirum
220 3449 376 3524 videndi
393 3449 474 3549 lege
491 3448 574 3536 lata,
591 3449 621 3522 si
637 3450 760 3547 imago
776 3458 895 3521 erecta
911 3445 1049 3536 fuisset,
1072 3472 1150 3524 rem

74 3557 182 3657 ipsam
198 3563 384 3636 inversam
397 3562 568 3646 vidisset;
594 3571 633 3634 et
645 3561 723 3660 pari
735 3559 886 3647 ratione,
903 3561 1152 3657 quaeinversae

74 3668 335 3772 depinguntur,
352 3674 497 3748 easdem
514 3684 651 3747 erectas
667 3674 780 3747 videt.

116 3808 277 3860 ccxnvu
304 3786 385 3860 Nec
400 3811 528 3860 verum
546 3796 612 3871 est,
641 3784 744 3883 quod
760 3783 881 3882 primo
896 3783 1039 3858 intuitu
1064 3785 1149 3857 sim·

78 3893 197 3990 plicius
223 3907 264 3973 et
301 3897 430 3972 clarius
457 3899 656 3984 videretur,
682 3919 760 3969 rem
777 3897 930 3995 spectari
947 3895 1150 3970 secundum

78 4026 195 4083 rerum
213 4033 330 4108 quem
348 4009 459 4084 lrabet
475 4012 589 4085 situm
606 4019 646 4083 et
662 4008 921 4093 directionem;
946 4007 1006 4080 vel
1024 4029 1149 4080 secun·

78 4115 157 4194 dum
174 4122 415 4197 directionem
434 4123 620 4197 radiorum
637 4121 739 4207 lucis,
755 4129 821 4194 aut
837 4121 877 4193 in
894 4143 1066 4194 corneum
1084 4123 1149 4186 aut

80 4227 112 4305 iu
138 4233 301 4312 retinam
331 4234 596 4320 incidentium
638 4232 734 4310 facili
768 4232 867 4308 euim
896 4230 1150 4328 experimento
