2678 4794
147 275 222 344 43⁰
576 279 828 339 conserenda
1018 277 1113 334 car.
1134 280 1251 335 xxxr.

158 463 250 539 adeo
265 458 488 560 periculosus
508 459 574 533 diu
591 456 752 533 creditus
767 466 836 544 est,
859 463 905 530 ut
920 453 1093 554 plerique
1109 457 1246 534 medici

157 598 279 673 parce,
307 583 345 647 et
361 582 476 657 caute,
503 581 542 644 et
559 568 690 643 timide
705 571 750 643 iis
767 569 824 643 usi
841 568 925 641 sint.
977 568 1052 642 Sed
1068 573 1243 666 quamvis

157 687 313 759 minime
339 684 496 759 dubium
524 683 572 756 sit
599 681 686 755 talia
708 680 975 754 medicamenta
1004 680 1046 752 in
1075 680 1239 758 febribus

155 797 447 883 vehementibus,
472 803 510 868 et
525 791 888 878 inflammationibus,
905 791 1114 890 multisque
1139 794 1236 868 simi-

155 907 252 984 libus
268 908 412 995 morbis,
436 907 582 1006 aegrutis
598 929 694 1004 saepe
710 906 914 1003 plurimum
931 927 1083 990 nocere;
1110 914 1233 980 tamen

156 1019 423 1094 observandum
441 1030 506 1107 est,
523 1042 565 1092 ea
576 1020 701 1117 potius
718 1018 764 1090 ab
780 1017 1014 1116 opinionibus
1031 1041 1135 1092 mere
1151 1042 1231 1093 oon·

149 1130 398 1228 jecturalibus,
423 1140 462 1205 et
477 1130 631 1230 quidem
658 1154 804 1230 prorsus
820 1128 925 1216 falsis,
950 1129 998 1202 de
1022 1153 1155 1205 eorum
1179 1155 1232 1206 ac·

155 1243 265 1330 tione,
288 1267 402 1342 quam
418 1244 465 1316 ab
481 1242 706 1340 experientia
722 1265 849 1315 eorum
866 1264 973 1314 noxae
988 1241 1029 1313 in
1042 1242 1125 1316 istis
1140 1267 1228 1317 mor·

154 1350 210 1426 bis
226 1346 336 1429 fuisse
352 1353 547 1454 prohibita,
570 1364 609 1428 et
625 1352 830 1428 multorum
846 1362 884 1427 et
900 1351 1101 1427 celebrium
1119 1355 1226 1430 medi·

154 1487 284 1540 oorum
300 1464 566 1566 experientiam
592 1467 677 1540 satis
699 1466 973 1553 demonstrasse,
999 1490 1042 1539 ea
1067 1467 1108 1540 in
1127 1468 1227 1541 variis

10 1602 13 1609 ·
52 1614 63 1645 ,ι
154 1573 328 1665 febribus,
365 1601 451 1652 cum
481 1577 821 1665 intennittentibus,
850 1587 932 1652 tum
962 1578 1162 1667 continuis,
1194 1587 1227 1652 et

154 1688 285 1764 multis
294 1689 654 1777 inflammationibus,
671 1699 709 1763 et
719 1689 906 1788 sanguinis
918 1688 1122 1787 profluviis,
1140 1690 1225 1764 aliis

155 1824 231 1899 que
246 1804 382 1877 morbis
398 1803 464 1900 qui
484 1809 634 1876 auctum
658 1800 844 1898 sanguinis
872 1800 1058 1898 impetum
1083 1800 1226 1888 habent,

114 1910 357 2009 e,plurimum
387 1937 482 2008 saepe
504 1909 683 2010 prodesse,
709 1921 748 1984 et
770 1935 843 1984 non
862 1912 974 1985 modo
990 1911 1146 2002 dolores,
1171 1939 1226 1988 va-

153 2023 297 2119 riasque
313 2022 504 2110 molestias,
530 2021 657 2121 quales
674 2022 721 2096 ab
736 2023 793 2098 bis
816 2024 952 2098 morbis
979 2049 1061 2098 raro
1086 2027 1225 2113 absunt,

154 2129 267 2204 lenire
283 2143 349 2207 aut
377 2133 514 2222 tollere,
539 2144 577 2208 et
593 2159 767 2211 somnum
795 2146 933 2235 aegroto
961 2136 1127 2237 alioquin
1156 2161 1225 2213 non

154 2242 359 2319 dormituro
375 2246 575 2333 conciliare,
600 2247 664 2321 sed
685 2248 808 2347 ipsum
833 2249 1021 2346 sanguinis
1045 2250 1225 2350 impetum

155 2353 263 2453 plane
278 2358 445 2433 minuere
462 2367 501 2432 et
517 2367 729 2459 temperare,
742 2369 940 2459 totumque
956 2362 1040 2436 ideo
1056 2363 1224 2439 morbum
1258 2425 1260 2430 .

154 2467 214 2541 vel
247 2494 392 2568 prorsus
426 2469 561 2560 tollere,
590 2471 650 2547 vel
674 2471 802 2548 saltem
827 2472 1013 2548 mitiorem
1037 2485 1077 2549 et
1102 2486 1225 2552 sanatu

155 2579 351 2657 faciliorem
368 2585 527 2660 reddere.

205 2715 415 2773 Mccnxxxs.
441 2698 566 2773 Nemo
580 2700 730 2800 quidem
757 2725 864 2776 sanus
887 2703 1078 2800 negaverit
1102 2726 1224 2776 eorum

153 2804 533 2885 administrationem'
523 2836 564 2886 m
580 2811 792 2911 hujusmodi
816 2812 952 2888 morbis
969 2814 1124 2889 multam
1141 2838 1221 2911 pru·

143 2913 315 2992 dentiam
333 2931 372 2995 et
396 2925 759 3023 circumspectionem
784 2927 976 3053 requirere,
1003 2937 1146 3025 propter
1168 2947 1219 2995 ra-

154 3024 271 3101 tiones
288 3032 372 3104 satis
399 3033 628 3121 manifestas3
663 3045 704 3109 et
731 3037 986 3135 unusquisque
1003 3037 1102 3112 facile
1118 3034 1221 3110 inteb

151 3135 293 3227 lexerit,
318 3164 361 3213 ea
377 3166 451 3216 non
469 3145 576 3224 omni
586 3147 721 3244 pariter
744 3149 864 3223 morbi
890 3158 1058 3261 tempore
1083 3149 1225 3249 aegrotis

151 3271 228 3323 esse
243 3249 445 3348 profutura,
470 3255 534 3329 sed
559 3257 763 3333 secundum
780 3261 896 3334 varias
921 3263 1083 3360 corporis
1106 3261 1224 3336 condi·

149 3361 278 3451 tiones,
302 3375 341 3440 et
357 3377 523 3441 naturam
540 3378 578 3442 et
594 3370 798 3468 gradum
771 3396 961 3471 signorum
979 3398 1065 3471 quae
1082 3374 1224 3460 adsunt,

147 3472 185 3544 in
205 3475 334 3551 eodem
352 3480 480 3554 morbo
505 3502 605 3554 nunc
631 3483 858 3581 prohibenda
886 3509 962 3560 esse
991 3510 1103 3585 aegro,
1128 3506 1224 3560 nunc

146 3582 367 3681 imperanda
418 3591 552 3692 Longe
568 3593 669 3669 enim
686 3595 791 3674 aliter
819 3621 949 3696 corpus
966 3622 1004 3671 se
1021 3597 1135 3672 habet
1159 3597 1224 3672 sub

146 3719 338 3786 accessum,
355 3726 467 3800 quam
486 3706 555 3782 sub
571 3706 772 3796 decessum,
789 3711 888 3784 acuti
905 3710 1036 3797 morbi,
1062 3719 1102 3783 et
1118 3710 1224 3808 longe

146 3806 216 3882 alia
231 3813 391 3887 remedia
407 3818 570 3914 postulat
586 3828 625 3893 et
642 3820 782 3895 tolerat.

195 3942 422 4002 Mccnxxxu.
446 3929 528 4004 Atii
541 3931 693 4006 demum
712 3957 796 4007 usur
785 3933 1183 4008 ‘’sedantiaremedia
1172 3956 1224 4006 rn-

144 4034 320 4124 serviunt,
349 4039 540 4139 variasque
564 4044 833 4119 exinanitiones
859 4046 1054 4134 morbosas,
1081 4056 1150 4121 aut
1173 4045 1225 4119 ni·

138 4145 244 4235 miss,
269 4149 389 4226 veluti
405 4151 479 4226 alvi
495 4153 657 4245 fluxum,
681 4166 747 4232 aut
774 4158 890 4235 urinae
906 4157 1150 4259 profluvium,
1175 4156 1226 4231 in·
