2678 4794
152 421 243 480 CAP.
260 416 375 478 XXXI·
467 416 689 476 Mamcnw
715 415 1005 477 THEORETICAE.
1164 409 1237 476 405

148 599 276 674 mutia
304 596 466 673 remedia
493 599 533 672 in
551 597 724 672 omnibus
741 599 878 674 morbis
908 600 972 698 qui
1003 596 1068 674 tali
1095 597 1236 674 auxilio

146 703 269 812 egent,
296 711 432 810 pariter
460 710 593 786 idonea
618 723 727 798 sunt;
753 710 890 786 scilicet
920 736 1006 811 quae
1028 735 1105 786 non
1122 711 1236 785 modo

145 823 407 924 magnitudine
433 834 475 897 et
503 822 608 921 quasi
636 823 812 922 gradibus
841 825 1048 899 communis
1080 821 1234 899 effeetus

141 936 334 1023 differunt,
357 936 421 1010 sed
439 935 601 1010 multum
619 959 771 1035 quoque
786 937 932 1011 variant
947 937 1026 1011 aliis
1042 934 1234 1013 effectibus

144 1071 239 1147 quos
257 1049 297 1122 in
313 1072 464 1146 corpore
479 1047 642 1122 humano
658 1058 843 1147 praestant

194 1181 342 1237 arccxv.
370 1162 573 1235 Innumera
601 1159 676 1234 fere
714 1172 753 1235 et
790 1162 1036 1237 diversissima
1072 1159 1234 1236 remedia

144 1274 253 1346 variis
270 1275 310 1347 in
327 1274 479 1363 morbis,
506 1272 711 1348 secundum
728 1273 862 1348 horum
879 1298 1003 1350 causas
1019 1284 1058 1348 et
1074 1272 1232 1372 corporis

143 1385 404 1473 conditionem,
419 1410 564 1460 sensum
577 1393 798 1484 motumque
810 1387 978 1462 minuere
987 1396 1101 1487 atque
1113 1386 1232 1485 sopire

143 1508 308 1595 possunt,
333 1499 440 1573 etsie
456 1498 619 1596 quodam
648 1521 758 1573 sensu
776 1499 939 1573 sedantia
963 1500 1125 1574 remedia
1139 1496 1231 1572 fieri
1325 1598 1326 1601 Ἴ

140 1606 275 1683 Omnis
291 1611 470 1684 nimirum
487 1624 608 1686 motus
627 1613 763 1709 (neque
779 1610 885 1685 aliter
907 1637 965 1687 res
991 1611 1157 1687 sehabet
1182 1609 1230 1682 de

138 1729 264 1820 sensu)
288 1747 310 1796 a
334 1723 442 1797 variis
466 1723 574 1797 rebus
611 1723 770 1821 pendet;
803 1723 941 1798 cerebri
965 1724 1160 1822 imprimis,
1188 1733 1227 1795 et

138 1855 350 1922 nervorum,
376 1847 414 1910 et
430 1835 605 1910 fibrarum
625 1835 916 1910 musculosarum
942 1846 1039 1910 certa
1066 1834 1229 1934 quadam

137 1946 360 2034 conditione,
377 1972 451 2046 qua
467 1958 553 2047 apta
569 1947 667 2021 fiunt
684 1957 727 2021 ut
745 1946 1119 2045 quibusdamcausis,
1135 1960 1229 2045 puta

137 2058 246 2132 variis
275 2059 444 2146 stimulis,
474 2070 574 2134 certa
601 2060 743 2133 ratione
771 2059 999 2145 afficiantur;
1032 2071 1071 2134 et
1096 2070 1228 2133 natura

138 2177 178 2244 et
194 2170 426 2246 vehementia
442 2171 584 2246 stimuli
601 2172 669 2269 qui
684 2172 916 2246 admovetur.
962 2173 1094 2247 Motus
1110 2173 1228 2270 igitur

136 2283 204 2380 qui
228 2285 439 2359 excitantur
474 2284 708 2382 aliquatenus
745 2282 1021 2380 respondebunt
1056 2307 1124 2380 pro
1148 2293 1226 2356 rata

135 2405 240 2494 parte
255 2396 312 2471 his
330 2399 438 2471 variis
455 2398 572 2471 causis
589 2394 702 2469 simul
717 2394 887 2493 sumptis.
938 2393 999 2469 sie
1025 2393 1154 2492 pulsus
1171 2419 1224 2466 ar·

133 2509 308 2583 teriarum
326 2534 422 2609 saepe
438 2519 504 2583 aut
520 2509 631 2582 nimis
648 2505 760 2582 validi
776 2519 843 2581 aut
872 2506 983 2579 nimis
1010 2505 1221 2603 frequentes

135 2617 243 2719 fiunt,
266 2632 417 2719 propter
443 2644 567 2695 causas
584 2619 691 2693 valde
720 2618 902 2704 diversas;
933 2615 1049 2691 veluti
1067 2617 1222 2693 nimiam

133 2733 349 2807 arteriarum
375 2734 592 2819 tensionem,
618 2743 685 2806 aut
709 2731 876 2817 nimiam,
900 2729 1050 2804 fortasse
1073 2753 1222 2829 genera-

132 2836 222 2934 lem,
247 2846 504 2933 mobilitatem,
530 2857 595 2920 aut
612 2869 784 2943 magnam
812 2843 1053 2931 debilitatem,
1076 2854 1142 2939 aut
1159 2868 1222 2918 ve·

130 2954 345 3031 hementem
387 2957 582 3034 stimulum
624 2957 797 3031 universo
834 2954 976 3054 corpori
1009 2957 1220 3044 admotum,

130 3082 224 3168 puta
242 3093 306 3170 per
330 3071 485 3147 calorem
504 3095 682 3170 magnum
699 3069 758 3144 vel
776 3069 937 3142 remedia
962 3068 1217 3144 calefacientia.

132 3178 258 3280 Igitur
273 3184 509 3282 perspicuum
527 3197 593 3271 est,
622 3183 811 3258 interdurn
829 3182 955 3255 omnia
977 3181 1140 3255 remedia
1164 3206 1218 3257 re-

130 3288 304 3381 laxantis,
332 3296 450 3371 veluti
467 3297 735 3371 exinanitiones
752 3296 879 3381 varias,
903 3303 970 3367 aut
994 3292 1218 3369 emollientia

128 3407 409 3496 medicamenta,
435 3408 622 3482 interdurn
650 3433 739 3482 vero
767 3407 1008 3505 astringentis
1040 3413 1079 3479 et
1111 3404 1216 3483 roba

127 3519 257 3607 tantia,
294 3545 396 3596 nunc
428 3522 739 3608 exercitationem,
768 3543 871 3594 nunc
904 3520 1081 3617 quietem,
1115 3540 1217 3593 nunc

126 3629 293 3719 calorem,
312 3657 413 3707 nunc
428 3633 555 3731 frigus,
584 3656 686 3707 nunc
701 3634 842 3731 opium,
861 3655 961 3705 nunc
976 3640 1138 3705 aromata
1155 3628 1216 3704 vel

126 3742 273 3830 vinum,
298 3745 337 3818 in
368 3743 432 3818 tali
470 3755 569 3818 statu
593 3744 671 3817 vim
698 3744 888 3817 sedantem
922 3767 1000 3817 esse
1034 3742 1217 3816 habitura,

125 3852 242 3942 Quod
268 3857 298 3928 si
323 3857 487 3930 conditio
511 3855 658 3943 cerebri,
687 3866 725 3928 et
743 3878 954 3943 nervorum,
983 3863 1021 3929 et
1037 3853 1215 3929 fibrarum

124 3968 358 4042 moventium
379 3969 515 4067 quibus
525 3969 666 4042 arteriae
680 3967 928 4054 instruuntur,
944 3991 993 4041 ne
1010 3966 1211 4041 minimum

124 4079 278 4181 quidem
298 4092 440 4156 mutata
457 4080 579 4169 fuerit,
609 4079 719 4155 variae
743 4079 886 4155 stimuli
901 4081 1016 4179 ipsius
1033 4077 1212 4153 conditio-

127 4213 204 4278 nes,
235 4192 353 4266 veluti
370 4195 486 4270 nimia
513 4193 705 4295 sanguinis
733 4193 970 4278 abundantia,
1007 4199 1073 4265 aut
1097 4186 1212 4262 nimia

128 4304 337 4394 acrimonia,
353 4318 419 4382 aut
435 4308 574 4384 nimius
589 4309 764 4408 impetus,
780 4315 874 4408 puta
888 4304 935 4381 ab
950 4299 1214 4403 exercitatione
