2678 4794
127 443 215 501 car.
233 436 333 498 xvra
412 440 632 500 moronus
658 444 946 503 ruuoasrrca.
1132 433 1227 515 167>

128 621 205 696 haec
219 619 356 709 omnia,
372 623 542 750 quamvis
558 646 632 698 non
649 647 795 723 prorsus
812 625 909 714 falsa,
933 623 1063 701 saltem
1080 627 1203 704 minus

125 732 227 807 firma
243 743 346 821 sint,
375 743 414 807 et
428 734 580 809 minoris
597 740 787 828 momenti,
812 764 926 838 quarn
944 737 1053 813 multi
1069 749 1108 813 et
1123 764 1203 838 gra·

124 867 184 921 ves
200 858 370 920 auctores
386 846 655 922 existimarunt

168 980 305 1034 nnxn.
345 957 514 1046 Quodsi
538 960 591 1033 ita
614 984 670 1034 res
695 962 868 1036 sehabet
892 973 938 1038 ut
962 896 1002 1038 hi
1038 973 1203 1039 auctores

124 1069 343 1158 docuerunt,
365 1070 445 1144 fieri
460 1094 536 1145 non
552 1080 686 1170 potest,
711 1074 803 1172 quin
819 1084 935 1150 status
951 1077 1105 1176 quidam
1121 1075 1203 1175 pul·

125 1183 253 1271 monis,
278 1183 422 1257 medius
438 1184 543 1281 quasi
559 1184 657 1258 inter
672 1189 976 1284 compressionem
993 1197 1032 1263 et
1047 1189 1203 1288 amplifi·

129 1295 305 1370 estimem
321 1297 541 1383 maximam,
566 1298 783 1395 sanguinem
808 1310 846 1373 et
862 1300 1018 1398 accipiat
1034 1311 1072 1374 et
1088 1315 1203 1376 trans-

132 1408 257 1482 mittat
278 1407 408 1484 libere:
434 1433 589 1508 nempe,
605 1411 672 1509 qui
690 1393 772 1486 vasa
795 1412 1014 1512 sanguinem
1029 1413 1200 1488 vehentia

131 1543 240 1617 quam
257 1523 422 1597 maxime.
440 1524 584 1622 capacia
607 1523 745 1598 reddet.
795 1523 850 1597 Et
874 1525 1036 1623 profecto
1060 1534 1203 1601 constat

125 1630 196 1728 jam
212 1656 278 1732 per
292 1634 425 1709 idonea
453 1637 715 1734 experimenta,
743 1661 840 1735 aqua
869 1637 1004 1711 scilicet
1026 1639 1065 1710 in
1083 1638 1202 1713 thora-

127 1766 203 1819 cem
220 1746 298 1821 vivi
327 1747 492 1821 animalis
508 1747 639 1836 infusa,
669 1746 790 1824 multo
814 1741 989 1846 majorem
1015 1748 1202 1846 pulmonis

124 1859 440 1956 compressionem,
465 1885 578 1959 quam
595 1885 681 1960 quae
704 1861 744 1934 in
760 1861 952 1936 communi
976 1861 1203 1958 expiratione

127 1967 178 2057 fit,
194 1981 341 2046 motum
358 1973 544 2071 sanguinis
561 1998 627 2072 per
638 1998 725 2048 eum
736 1997 865 2073 parum
881 1974 1068 2074 impedire,
1081 1997 1203 2072 neque

126 2082 293 2181 spiritum
310 2085 402 2158 adeo
419 2084 558 2172 laedere,
575 2096 620 2160 ut
636 2086 726 2160 olim
743 2088 869 2187 opinio
885 2085 966 2162 fuit.

101 2251 127 2270 .
169 2216 321 2271 nnxnr.
359 2197 474 2271 Istam
499 2222 587 2273 vero
611 2200 865 2273 necessitatem
891 2201 1035 2299 (unxi),
1073 2201 1103 2274 si
1128 2225 1203 2299 qua

127 2330 248 2383 revera
273 2309 333 2397 sit,
359 2310 502 2383 Natura
526 2310 664 2386 evitare
688 2313 822 2409 potuit,
848 2312 909 2384 vel
933 2311 1036 2385 nullo
1060 2312 1203 2386 homini

127 2417 208 2495 dato
224 2421 415 2519 pulmone,
432 2421 493 2496 vel
504 2422 655 2495 homine
667 2423 776 2496 corde
788 2422 952 2520 simplice
964 2423 1153 2509 instructo,
1164 2432 1203 2496 et

68 2592 73 2607 ,
129 2533 302 2631 pulmone
319 2534 394 2608 fere
408 2535 609 2620 arbitrari0,
635 2534 702 2633 qui
718 2544 838 2609 totum
857 2557 968 2608 suum
986 2534 1202 2632 sanguinem

129 2667 269 2720 eramo
293 2655 410 2721 oortae
434 2646 639 2745 accepisset,
675 2645 824 2746 qualem
859 2647 899 2720 in
924 2646 1131 2745 amphibiis,
1165 2657 1203 2723 et

57 2788 60 2793 .
130 2755 306 2858 plerisque
317 2758 441 2857 frigidi
459 2760 646 2858 sanguinis
663 2759 892 2847 animalibus,
915 2759 1086 2833 fabricam
1104 2783 1203 2858 spec-

130 2877 256 2947 tamus
308 2871 499 2959 Praeterea,
522 2872 620 2970 leges
637 2871 918 2971 philosophandi
935 2882 1063 2946 vetant
1079 2871 1202 2969 plures

130 3004 246 3059 causas
263 2983 404 3083 fingere
421 2985 481 3058 vel
497 3009 670 3083 quaerere,
687 3010 801 3083 quam
818 3009 904 3084 quae
919 2985 966 3058 ad
991 3009 1069 3058 rem
1086 2983 1202 3082 expli-

132 3097 277 3171 undam
302 3097 505 3171 sufficiant:
541 3108 580 3172 et
603 3097 683 3171 aliae
709 3109 796 3172 sunt
819 3122 941 3196 neque
965 3097 1099 3184 dobiae,
1137 3119 1203 3173 cur

135 3207 272 3302 spiritus
288 3209 519 3296 interclusus,
547 3209 608 3282 vel
623 3211 693 3285 sub
718 3212 1004 3309 inspirationem,
1024 3209 1083 3282 vel
1100 3209 1202 3307 expi-

133 3319 314 3409 rationem,
330 3321 392 3396 vel
407 3322 560 3395 demum
579 3321 647 3395 sub
663 3323 831 3397 medium
848 3332 996 3407 statum,
1025 3345 1101 3418 quo
1118 3344 1203 3395 vasa

131 3434 355 3531 capacissima
370 3444 409 3508 et
425 3433 609 3507 liberrima
630 3457 707 3508 esse
723 3434 869 3521 debent,
894 3433 1083 3507 hominem
1099 3433 1202 3507 brevi

130 3546 369 3645 extingueret.

171 3678 313 3732 nuxrv
338 3657 447 3733 Alios
472 3659 609 3734 scilicet
632 3660 879 3786 respirationis
897 3683 984 3733 usus
1001 3682 1050 3732 ex
1065 3635 1202 3731 effecti

130 3761 247 3843 hus
214 3794 297 3868 eJus
321 3769 506 3845 docemur.
562 3771 687 3845 Omne
712 3771 861 3869 spirans,
890 3781 1022 3871 praeter
1045 3770 1201 3843 halitum

130 3900 315 3979 aquosum,
340 3882 544 3980 plurimum
562 3883 708 3959 αεὶιίαηι
732 3882 965 3959 sorbonicum
990 3881 1203 3981 epulmone

131 4013 242 4090 usque
259 3995 417 4082 exhalat,
434 3996 536 4094 quod
552 3994 612 4069 vel
629 3996 710 4094 ipsi,
736 3994 795 4068 vel
811 3995 899 4082 aliis,
916 3993 1043 4068 lethali
1060 4012 1203 4067 veneno

133 4097 227 4192 fciet,
254 4107 285 4179 si
309 4108 348 4179 in
373 4106 550 4205 pulmone
574 4115 773 4194 retentum,
807 4106 867 4179 vel
891 4107 1025 4179 iterum
1050 4104 1089 4175 in
1115 4122 1203 4192 eum

133 4229 314 4315 receptum
341 4228 443 4293 esset.
507 4220 595 4293 Non
633 4221 812 4295 minimus
836 4228 936 4293 certe
958 4208 1204 4312 respirationis

135 4344 213 4404 usus
229 4339 296 4419 est,
312 4328 382 4404 hoc
397 4331 553 4407 noxium
569 4354 773 4408 exoemsre.
