2678 4794
134 405 223 465 car.
241 405 359 465 xxxi.
441 401 661 463 usmetum
679 403 1015 461 reposcerem
1132 396 1202 467 423

128 608 230 660 mam
256 586 356 663 illam
380 583 480 658 sitim
509 585 689 682 (ocxmx)
718 607 804 682 quae
832 582 1023 683 plerosque
1051 584 1196 694 morbos

127 707 254 773 acutos
268 696 433 772 comitari
450 694 541 769 solet
557 695 755 784 attendere,
781 696 916 771 scilicet
932 722 1015 795 quae
1030 698 1196 796 gravissi-

128 833 228 883 mam
244 811 486 884 irritationem
510 808 633 896 efficit,
659 807 834 907 illamque
850 808 910 883 vel
926 808 1066 884 idoneis
1082 835 1196 884 reme-

125 922 198 996 diis
214 922 351 1008 tollere,
368 919 429 994 vel
445 919 476 993 si
492 918 561 993 hoc
577 920 655 994 lieri
671 922 813 1020 nequit,
831 921 957 998 saltem
969 923 1090 998 multo
1105 934 1197 1022 potu

126 1032 304 1121 diluente,
329 1031 511 1118 subacido,
537 1041 575 1104 et
591 1051 707 1130 grato,
731 1034 779 1108 ad
807 1034 955 1112 libitum
979 1037 1085 1135 aegris
1114 1060 1197 1111 con-

127 1168 236 1232 cesso,
261 1145 385 1219 sedare
401 1157 516 1242 atque
531 1145 768 1243 restinguere.
1037 1241 1041 1248 Ι

179 1279 368 1331 mercum.
386 1256 453 1330 Ad
470 1255 543 1329 alvi
561 1280 711 1355 quoque
727 1266 864 1333 statum
882 1259 1009 1334 sedulo
1024 1261 1200 1359 respicere

126 1379 285 1467 oportet,
310 1393 393 1465 quae
408 1368 448 1440 in
465 1367 647 1466 plerisque
663 1369 799 1443 morbis
814 1370 929 1444 acutis
947 1382 1077 1470 praeter
1094 1382 1200 1446 natu·

125 1503 208 1552 ram
225 1479 336 1567 tarda,
362 1503 456 1578 saepe
472 1479 582 1553 etiam
600 1480 814 1554 mirabiliter
838 1481 983 1556 astricta
999 1494 1075 1569 est;
1101 1484 1201 1559 unde

127 1602 307 1690 perpetua
323 1602 360 1665 et
376 1590 676 1689 perniciosissima
686 1590 853 1683 irritatio,
870 1618 955 1692 quae
966 1593 1093 1693 pulsus
1109 1607 1201 1671 arte·

112 1703 265 1777 siarum
295 1702 459 1777 multum
488 1701 645 1790 festinat,
671 1728 802 1803 (corpus
831 1706 1003 1793 calefacit,
1029 1706 1200 1781 delirium

125 1813 325 1913 aliquando
341 1814 485 1888 inducit
501 1815 561 1888 vel
577 1827 701 1914 auget,
725 1827 765 1890 et
781 1816 969 1916 putredini
987 1818 1135 1916 (partim
1152 1820 1202 1893 ob

128 1924 229 2001 bunc
245 1927 454 2000 morbosum
481 1926 649 2014 calorem,
674 1929 809 2026 partim
826 1930 875 2004 ob
891 1939 1073 2003 retentam
1090 1930 1129 2004 in
1146 1931 1200 2004 in·

130 2039 271 2112 testinis
288 2040 478 2112 materiam
499 2048 707 2136 corruptam
723 2052 762 2114 et
777 2065 896 2114 acrem
915 2066 999 2139 quae
1016 2040 1201 2135 debuisset

126 2150 461 2248 eseemimultum
480 2148 589 2221 favet
615 2147 739 2223 Alvus
751 2152 867 2247 igitur
877 2152 937 2224 vel
949 2153 1079 2226 idonea
1092 2154 1201 2227 diaeta

125 2271 195 2335 aut
210 2261 407 2335 lenioribus
426 2259 702 2334 medicamentis
718 2260 892 2334 solvenda
904 2269 970 2348 est,
987 2262 1047 2335 vel
1057 2262 1200 2338 lotioni-

128 2372 197 2448 bus
213 2373 486 2447 emollientibus
503 2372 714 2470 frequenter
731 2371 907 2447 ducenda.

152 2508 361 2569 ,Mecmnu
388 2487 523 2583 Neque
539 2485 692 2559 demum
711 2486 826 2559 urinae
854 2494 970 2559 status
998 2486 1037 2561 in
1066 2485 1201 2580 morbis

126 2599 244 2672 acutis
260 2597 506 2696 negligendus
522 2608 589 2685 est,
617 2622 700 2695 quae
715 2598 902 2672 interdum
920 2621 1035 2696 parce,
1061 2606 1100 2670 et
1115 2620 1203 2671 cum

128 2709 253 2783 dolore
265 2721 303 2783 et
314 2710 478 2783 molestia
495 2710 671 2797 redditur,
688 2719 727 2783 et
744 2709 842 2786 haud
861 2734 940 2783 raro
956 2733 1102 2808 prorsus
1118 2733 1203 2806 sup·

125 2822 322 2923 primitur;
348 2822 449 2895 unde
473 2822 576 2897 brevi
602 2845 734 2922 magna
758 2823 924 2909 irritatio,
948 2830 988 2896 et
1004 2845 1088 2896 sane
1104 2844 1204 2897 sum·

119 2951 232 3008 ¹mum
250 2933 465 3032 periculum,
490 2945 639 3034 propter
655 2935 812 3008 rationes
824 2933 901 3031 jam
920 2935 1072 3031 (noenu)
1090 2957 1202 3034 expo-

126 3047 224 3121 sitas.
276 3046 349 3120 His
364 3071 452 3120 vero
476 3047 719 3121 incommodis
746 3070 859 3145 quarn
889 3047 1052 3144 primum
1079 3069 1202 3120 occur·

128 3158 285 3233 rendum
317 3168 371 3233 est
400 3160 677 3234 medicamentis
706 3159 944 3245 diluentibus,
981 3170 1046 3232 aut
1071 3157 1202 3231 leniter

128 3269 332 3358 diureticis,
358 3280 422 3345 aut
440 3271 622 3359 fomentis,
648 3283 713 3346 aut
740 3271 940 3345 lotionibus
964 3270 1004 3343 in
1030 3269 1203 3344 intestina

128 3382 279 3466 infusis;
305 3382 365 3455 vel
382 3383 413 3455 si
430 3382 506 3458 haec
522 3383 703 3457 minusad
713 3393 800 3457 vota
812 3382 994 3468 cesserint,
1011 3392 1095 3457 tum
1111 3379 1200 3454 edu·

128 3494 244 3568 cende
260 3509 316 3567 est
332 3495 438 3568 urina
454 3493 576 3567 fistula
592 3495 631 3566 in
650 3496 806 3568 vesicam
824 3494 996 3569 immissa.

179 3627 343 3680 mcccxv.
363 3605 462 3679 Aliae
477 3604 639 3702 denique
655 3605 755 3680 haud
771 3631 850 3680 raro
875 3606 914 3680 in
944 3629 1092 3704 corpore
1108 3604 1201 3678 exis-

130 3725 219 3790 tunt
238 3718 416 3790 morbosae
442 3716 670 3802 irritationes,
695 3717 758 3809 sed
776 3717 894 3803 variae,
920 3717 1123 3791 secundum
1140 3738 1203 3788 na·

129 3839 252 3902 turam
270 3829 454 3902 variorum
472 3827 684 3902 morborum
710 3828 778 3925 qui
802 3827 896 3922 forte
904 3827 1052 3902 adsint:
1077 3823 1203 3925 quales

128 3955 218 4012 sunt
235 3942 344 4016 variae
360 3941 560 4015 humorum
577 3940 786 4014 acrimoniae
807 3941 943 4031 (cxxx,
968 3952 1007 4015 et
1024 3945 1141 4036 seqq.)
1165 3945 1204 4008 et

130 4053 343 4147 presertim,
370 4063 412 4126 ut
428 4051 544 4149 vulgo
572 4062 761 4150 receptum
779 4061 844 4138 est,
869 4052 1042 4151 putrida3
1068 4048 1204 4148 quibus

132 4161 259 4259 igitur,
284 4187 349 4260 per
366 4163 524 4239 remedia
540 4161 732 4250 diluentis,
748 4175 786 4240 et
802 4161 1057 4248 demulcentic,
1083 4163 1121 4234 et
1137 4180 1204 4232 an.

132 4272 316 4376 tiseptica,
339 4277 487 4353 obviam
503 4276 556 4353 ire
573 4284 728 4376 oportet.
