2678 4794
151 334 175 398 2
568 336 820 395 conspectus
1094 341 1180 399 CAP.
1199 342 1225 397 1.

155 529 254 604 terc;
280 517 384 617 cujus
399 513 540 616 gremio
556 514 625 589 foti
641 525 679 589 et
695 514 830 601 refecti,
856 537 1088 614 resurgamus
1104 517 1230 592 denno

154 634 280 732 vegeti
296 642 334 705 et
349 629 490 715 alacres,
507 638 545 700 et
561 628 750 702 adomnia
765 628 853 701 vitae
869 650 1024 701 munera
1038 630 1229 727 aptissimi.

216 768 269 820 w.
311 741 377 815 Ad
410 741 570 839 alterum
611 763 739 840 genus.
762 737 886 811 referri
919 738 1036 812 solent
1068 742 1231 816 actiones

153 867 305 940 cuncte,
329 876 488 952 quarum
504 877 574 951 ope
590 876 721 951 corpus
738 851 843 938 vivit,
860 850 1158 957 exhaustumque
1175 878 1229 927 re·

154 968 286 1053 ficitur,
310 974 602 1063 corruptumque
625 972 815 1065 purgatur.
866 963 941 1037 Hae
957 989 1044 1038 vero
1064 975 1152 1037 sunt
1168 964 1230 1059 uel

136 1077 283 1181 Jitales
298 1074 360 1151 vel
375 1075 567 1151 naturales.

202 1212 240 1262 v.
267 1188 408 1263 Vitales
425 1189 601 1263 dicuntur
624 1188 831 1279 functiones
854 1186 928 1263 illae
943 1213 1028 1287 quae
1049 1189 1095 1262 ad
1113 1189 1230 1263 vitam

153 1299 245 1377 odeo
261 1296 578 1404 necessariae'sunt,
595 1311 640 1375 ut
657 1302 735 1374 sine
747 1301 834 1374 vitae
849 1301 1068 1385 discrimine,
1086 1325 1133 1372 ne
1148 1301 1230 1397 qui·

153 1414 240 1490 dem
257 1440 323 1514 per
346 1416 529 1513 exiguum
555 1424 713 1513 tempus,
739 1413 913 1512 suspendi
929 1422 994 1486 aut
1011 1412 1231 1510 interrumpi

154 1537 316 1626 queant;
345 1526 494 1613 cerebri,
519 1526 708 1610 nimirum,
733 1548 1006 1621 nervorumque
1022 1525 1127 1611 actio,
1152 1548 1232 1598 san-

152 1639 278 1740 guinis
294 1639 479 1725 circuitus,
504 1650 544 1711 et
559 1637 756 1735 respiratio.
859 1621 866 1633 ’

204 1775 258 1826 v1.
290 1750 467 1825 Machina
494 1773 582 1823 vero
610 1749 776 1823 animalis
802 1750 853 1822 sic
881 1750 1081 1824 constituta
1105 1748 1230 1824 statim

155 1863 299 1951 defluit,
316 1865 391 1938 cito
403 1864 514 1968 etiam
530 1861 686 1960 periret:
712 1885 797 1934 nam
811 1863 914 1935 omni
924 1872 1029 1936 motu
1047 1873 1166 1960 partes
1176 1886 1231 1936 so·

153 1974 240 2049 lidae
256 1984 437 2071 teruntur,
454 1972 580 2048 fluidae
596 1972 829 2071 dissipantur,
846 1996 990 2073 corpus,
1008 1973 1138 2060 debile,
1156 1999 1232 2048 ma·

154 2111 259 2161 crum
277 2087 576 2184 exhaustumque
600 2083 800 2169 relicturae;
833 2087 1039 2185 quinetiam
1056 2093 1233 2185 'utraeque

155 2209 287 2298 sponte
304 2209 521 2298 putrescunt
537 2207 576 2271 et
599 2207 909 2296 cornrmpuntur;
935 2199 986 2271 sic
1002 2199 1112 2272 etiam
1130 2197 1234 2272 brevi

154 2311 233 2408 ipse
250 2311 318 2384 sibi
335 2311 447 2385 homo
463 2310 682 2385 acerrimum
698 2333 884 2383 venenum
899 2320 1134 2409 compararet.

176 2493 179 2500 .
204 2447 276 2499 vn.
297 2425 369 2499 Sed
381 2449 564 2522 nusquam
583 2422 678 2495 alma
694 2432 818 2497 rerum
834 2444 964 2520 parens
975 2422 1115 2521 prolem
1133 2422 1234 2498 dese-

155 2537 213 2610 rit.
256 2537 405 2626 Contra,
421 2561 497 2611 non
516 2535 629 2611 modo
641 2533 697 2609 his
714 2535 830 2622 malis,
845 2560 931 2632 quae
947 2559 1090 2634 semper
1101 2545 1139 2608 et
1152 2534 1219 2609 ubi

155 2674 230 2747 que
245 2674 374 2725 necem
392 2651 633 2733 minitantur,›
647 2658 686 2720 et
701 2647 805 2742 inopi
821 2646 899 2717 sine
915 2646 1030 2718 dubio
1045 2646 1259 2737 inferrent&

154 2761 363 2835 remedium
380 2759 555 2856 suggerit,
581 2779 712 2829 verum
742 2756 890 2850 insuper
905 2754 1062 2827 mirabili
1078 2757 1235 2836 artificio

155 2869 279 2955 efficit,
314 2878 359 2942 ut
386 2892 434 2939 ex
460 2869 527 2939 hac
551 2868 629 2962 ipsa
653 2863 764 2936 homo
797 2865 1066 2938 necessitudine
1088 2892 1233 2946 novum

156 2981 248 3054 ferat
263 2990 302 3054 et
318 3002 517 3078 perennem
535 2978 712 3076 vigorem.

203 3116 290 3168 v111.
316 3090 464 3166 Attrito
479 3090 579 3163 enim
596 3112 745 3186 oorpore
760 3097 938 3189 parteque
953 3090 1153 3169 humorum
1171 3097 1234 3172 ab·

156 3215 316 3303 sumpta,
341 3203 572 3279 nutrimento
588 3212 627 3275 et
643 3209 735 3300 potu
752 3226 926 3301 egemus;
955 3206 1081 3280 cibum
1106 3209 1235 3308 itaque

155 3328 365 3415 potumque
381 3315 601 3414 appetimus,
618 3313 813 3403 sumimus,
837 3319 1123 3418 concoquimus:
1149 3346 1233 3396 oon·

157 3439 281 3503 coctus
293 3441 449 3526 uterque
459 3452 525 3526 per
534 3436 658 3501 totum
669 3449 800 3527 corpus
810 3428 1045 3535 diffunditur,
1054 3458 1128 3531 qua
1139 3459 1235 3533 opus

157 3551 213 3614 est
245 3542 471 3643 apponiturp
511 3540 614 3639 quod
646 3551 811 3639 superest
851 3545 1046 3643 utriusque
1078 3544 1231 3644 ejicitur.

157 3653 415 3729 Putresoentes
431 3677 583 3751 quoque
598 3652 659 3726 vel
683 3653 788 3728 aliter
816 3659 979 3755 corrupti
1003 3657 1188 3746 humores,
1210 3686 1233 3735 a

156 3764 306 3863 reliquis
335 3767 473 3853 secreti,
505 3765 638 3839 idonea
660 3766 721 3838 via
748 3791 769 3838 e
795 3791 944 3865 corpore
973 3781 1234 3847 excernuntur.

157 3876 317 3951 Plurimi
347 3877 507 3975 denique
524 3899 678 3950 amessa
705 3878 866 3974 generali
895 3880 1003 3966 succi,
1028 3880 1162 3955 diversi
1186 3885 1237 3961 ab

157 3987 220 4065 illa
235 3997 273 4060 et
288 3989 423 4062 diversi
440 3989 537 4061 inter
553 4013 601 4076 se,
626 3988 809 4084 variisque
837 3990 933 4063 intra
957 4014 1088 4088 corpus
1104 3994 1237 4071 usibus

158 4099 433 4185 accommodati,
457 4098 601 4173 assidue
617 4108 866 4174 secernuntur.

207 4216 267 4319 rx
291 4210 366 4287 Hoe
390 4220 569 4288 vocantur
591 4211 799 4287 functiones
823 4212 1016 4304 naturales,
1040 4217 1088 4292 ad
1116 4219 1236 4311 vitam
