2678 4794
147 349 239 412 cae.
256 349 358 407 xxm
435 345 655 403 nnmerum
673 343 959 406 annonnrrca.
1155 338 1224 417 271

147 527 247 605 nibil
273 524 372 603 aliud
388 535 444 601 est
460 550 572 626 quam
588 525 667 625 ejus
684 526 872 615 extinctio,
897 530 1031 629 pariter
1058 529 1225 628 ignotam

150 640 350 740 esseplane
367 637 523 738 opo'rtet.

155 794 163 811 ·
200 773 446 830 noccnxxxn.
481 751 584 840 Quin
623 760 661 825 et
686 775 813 831 causa
840 754 970 829 mortis
1004 753 1228 841 remotiores,

146 867 273 969 quales
288 864 466 940 nimimm
490 866 664 962 ignotum
680 864 793 939 istum
811 874 947 940 statum
968 866 1123 966 generis
1140 889 1224 941 ner-

148 979 228 1056 vosi
243 979 440 1063 inducunt,
469 977 508 1048 in
537 975 648 1074 longe
672 974 856 1075 plerisque
872 978 1051 1078 exemplis
1067 980 1132 1052 vix
1149 1001 1225 1052 me-

149 1093 222 1169 lius
247 1089 530 1188 intelliguntur;
566 1111 688 1185 neque
714 1112 800 1162 sane
824 1090 1050 1189 inspectione
1078 1091 1227 1164 cadave-

150 1229 237 1280 rum
262 1203 389 1302 detegi
416 1211 579 1299 possunt.
644 1201 748 1300 Saepe
774 1203 886 1289 enim,
916 1213 960 1278 ut
986 1203 1144 1287 videtur,
1173 1203 1229 1276 vis

145 1314 304 1417 generis
316 1312 462 1390 nervosi
475 1311 609 1399 deficit,
625 1336 707 1386 cum
722 1313 856 1387 fabrica
865 1315 954 1413 ejus,
972 1325 1154 1413 quatenus
1163 1324 1231 1389 aut

154 1424 324 1526 scalpello
338 1436 402 1499 aut
418 1425 582 1499 sensibus
599 1426 730 1499 nostris
746 1427 960 1524 explorandi
977 1427 1128 1502 facultas
1144 1428 1230 1501 data

154 1539 216 1627 sit,
232 1560 316 1612 sana
327 1547 364 1612 et
379 1538 523 1636 integra
539 1548 674 1611 manet.
711 1537 941 1636 Hujusmodi
958 1539 1128 1638 exempla
1139 1565 1230 1639 quo·

154 1649 247 1726 tidie
261 1650 510 1738 observantur,
536 1650 577 1724 in
603 1649 812 1748 corporibus
841 1675 971 1726 eorum
987 1653 1053 1749 qui
1069 1652 1230 1726 febribus

152 1762 386 1865 quibusdam,
403 1773 468 1836 aut
482 1761 609 1836 multis
620 1761 803 1836 similibus
818 1763 965 1850 morbis,
982 1774 1048 1837 aut
1063 1763 1231 1862 paralysi,

152 1887 220 1951 aut
234 1873 544 1962 convulsionibus,
561 1884 626 1949 aut
635 1878 848 1974 'gangrena
865 1889 932 1952 aut
943 1876 1051 1950 variis
1068 1877 1231 1964 venenis,

154 1986 217 2061 vel
231 1987 272 2060 in
286 1986 547 2072 ventriculum,
575 1986 634 2059 vel
651 1988 689 2059 in
707 1989 912 2086 pulmones,
940 1988 998 2063 vel
1015 1990 1054 2061 in
1085 1988 1232 2087 sangui·

156 2121 244 2173 nem
268 2100 431 2198 receptis,
469 2108 533 2171 aut
557 2097 723 2186 fulmine,
758 2114 823 2175 aut
848 2104 1021 2201 gravibus
1045 2101 1158 2175 animi
1182 2098 1233 2172 af·

154 2209 321 2299 fectibus,
345 2220 411 2286 aut
427 2210 548 2284 subita
563 2222 693 2297 morte,
719 2224 784 2286 aut
802 2214 954 2287 demum
980 2213 1168 2287 interdurn
1193 2212 1233 2284 vi

155 2335 308 2398 externa
323 2322 385 2397 vel
413 2322 523 2421 capiti
540 2319 600 2394 vel
616 2322 821 2397 ventriculo
845 2322 955 2411 illata,
977 2325 1133 2398 extincti
1157 2323 1235 2397 fue·

155 2435 239 2510 rint.

204 2568 485 2625 neccuxxxm.
511 2546 628 2621 Haud
644 2570 724 2620 raro
741 2557 863 2622 tamen
883 2545 1046 2621 laesiones
1063 2546 1234 2645 insignes,

155 2658 216 2735 vel
230 2660 348 2760 ipsius
364 2659 509 2745 cerebri,
537 2658 596 2732 vel
622 2657 776 2755 alicujus
805 2662 931 2735 saltem
945 2660 1060 2758 partis
1081 2658 1237 2758 generis

156 2771 315 2860 neruosi,
328 2772 368 2845 in
381 2772 615 2847 cadaveribus
626 2772 862 2871 deteguntur,
876 2798 960 2872 quae
972 2771 1097 2871 vulg0,
1107 2795 1238 2870 quarna

157 2885 213 2960 vis
228 2909 358 2983 parum
376 2895 551 2972 accurate,
571 2909 638 2983 pro
655 2885 763 2984 plena
779 2895 818 2959 et
833 2887 1002 2985 proxima
1019 2910 1125 2959 causa
1142 2908 1237 2957 mor-

158 2998 205 3072 tis
228 2996 433 3084 habentur3
469 2996 586 3071 veluti
621 2999 652 3072 si
688 2999 813 3074 cervix
838 3008 904 3074 aut
938 2997 1091 3072 calvaria
1115 2997 1239 3071 fractas

159 3108 308 3197 fuerint,
332 3128 398 3183 aut
422 3110 611 3183 cerebrum
628 3136 888 3210 compressum,
913 3110 1064 3185 aliterve
1097 3109 1238 3194 laesum,

162 3218 241 3292 sive
256 3243 278 3292 a
293 3219 459 3319 depressa
475 3221 597 3320 aliqua
618 3234 722 3321 parte
738 3222 913 3312 calvariae,
938 3224 1015 3297 sive
1040 3247 1062 3295 a
1085 3221 1239 3295 tumori·

161 3330 232 3405 bus
248 3330 342 3407 intra
357 3342 480 3433 caput,
497 3335 574 3407 sive
591 3360 611 3408 a
628 3337 816 3434 sanguine,
841 3345 907 3410 aut
932 3359 1021 3421 sero,
1045 3341 1111 3406 aut
1135 3355 1239 3429 pure,

161 3455 226 3519 aut
242 3444 337 3544 aqua
352 3445 392 3519 in
419 3445 547 3519 eodem
578 3446 712 3533 effusis,
737 3448 814 3523 sive
831 3458 979 3521 tantum
1004 3445 1135 3519 evasis
1160 3468 1239 3517 san·

161 3556 275 3654 guine
302 3555 387 3655 plus
417 3582 525 3656 aequo
554 3560 799 3658 turgentibus,
829 3568 873 3633 ut
890 3560 928 3632 in
941 3556 1129 3658 epilepsia,
1152 3582 1239 3656 apo·

159 3665 310 3765 plenia„
326 3668 493 3767 paralysi,
512 3669 687 3768 hydrope,
711 3669 872 3746 febribus
888 3671 1119 3768 quibusdam,
1149 3690 1240 3742 non·

163 3798 355 3879 nunquam
372 3781 514 3856 accidit.
586 3773 620 3835 ·'

207 3913 485 3969 ucccuxxrnv.
504 3893 617 3994 =Saepe
633 3918 783 3993 quoque
808 3895 1071 3993 impedimenta
1088 3892 1240 3967 aliarum

167 3997 398 4078 lunationum
436 4004 614 4092 vitalium,
652 4018 690 4080 et
727 4006 914 4080 interdum
944 4010 1055 4081 etiam
1080 4006 1241 4103 insignes

125 4150 128 4159 ·
167 4108 326 4189 melones
344 4113 486 4190 fabricae
501 4120 663 4215 partium
681 4144 766 4217 quae
777 4119 821 4193 iis
831 4119 1045 4204 inserviunt,
1063 4117 1240 4212 detegun-

125 4251 128 4259 ’
170 4231 235 4314 tur,
251 4236 290 4301 et
308 4227 442 4302 merito
459 4253 525 4328 pro
540 4254 657 4319 causa,
682 4231 862 4329 quamvis,
879 4241 924 4336 nt
934 4231 1013 4330 jam
1031 4226 1241 4321 expositum
