2678 4794
176 394 248 467 ³92
563 397 814 460 comesuros
1049 396 1137 452 car.
1154 397 1263 454 xxx.

227 602 455 657 ucnxxxrv.
481 579 684 665 Postremo,
707 600 756 651 ex
772 572 965 649 effectibus
982 572 1058 647 suis
1073 572 1113 645 in
1131 586 1261 651 mente

174 696 265 794 ipsa,
289 716 400 792 quam
416 692 507 766 adeo
522 690 693 766 reficiunt
718 700 832 788 atque
854 685 1071 773 exhilarant,
1096 688 1261 762 remedia

176 806 347 905 quaedam
364 804 608 889 stimulantis,
634 802 832 902 praesertim
859 823 944 898 quae
971 810 1155 874 vocantur
1178 824 1259 876 car-

175 917 296 1006 diaco,
314 917 500 992 interdum
518 917 650 990 idonea
665 915 775 1000 liunt,
799 936 885 987 cum
910 911 1057 985 animus
1073 911 1197 999 hebes,
1220 919 1259 986 et

175 1030 383 1130 languidus,
408 1040 447 1103 et
464 1029 587 1116 tristis,
612 1039 652 1102 et
669 1028 819 1127 spiritus
835 1024 984 1098 demissi
1000 1023 1087 1098 facti
1109 1023 1257 1110 luerint,

175 1143 215 1216 vi
232 1141 360 1229 morbi,
377 1151 417 1216 et
433 1143 525 1216 citra
535 1141 675 1240 justam
692 1135 898 1237 quamlibet
914 1158 1061 1209 causam
1072 1135 1255 1209 moralem.

176 1251 344 1327 Maxima
358 1264 486 1328 autem
504 1252 702 1352 prudentia
718 1259 757 1324 et
773 1272 859 1323 eura
876 1248 936 1322 hic
950 1272 1045 1347 opus
1073 1256 1153 1334 est;
1178 1247 1256 1322 talis

146 1390 149 1395 ·
173 1364 276 1439 eninr
292 1365 414 1441 bonus
429 1375 544 1464 atque
559 1362 765 1439 exhilarans
782 1360 944 1448 effectus,
970 1369 1166 1458 utcunque
1186 1383 1255 1434 oer-

174 1484 247 1563 tus‚
272 1476 393 1578 fugax
410 1479 565 1552 omnino
581 1487 647 1564 est,
663 1485 703 1549 et
719 1497 814 1571 saepe
830 1472 931 1546 haud
946 1494 1079 1570 parum
1095 1473 1257 1559 nocivus,

174 1589 418 1690 animumque
434 1591 659 1665 hebetiorem
677 1596 717 1660 et
732 1585 941 1670 tristiorem,
962 1606 1171 1683 corpusque
1185 1584 1257 1658 lan·

174 1703 328 1803 gnidius
353 1728 467 1802 quam
493 1712 600 1795 antea
625 1697 809 1794 relinquit.
873 1696 1009 1794 Neque
1032 1695 1257 1795 hequentior

174 1824 244 1889 aut
260 1816 392 1890 certior
408 1815 535 1888 existit
563 1833 669 1885 causa
685 1808 767 1882 talis
783 1807 898 1881 animi
914 1809 1151 1907 corporisque
1177 1829 1257 1882 oon·

174 1922 326 1999 ditionis
343 1922 531 2010 morbidae,
556 1943 670 2018 quam
687 1920 824 1995 abusus
848 1921 1010 2020 ipsarum
1037 1943 1257 2018 rerumque

171 2033 375 2130 prudenter
414 2041 601 2130 usurpatae
634 2032 752 2107 eidem
788 2032 1064 2132 quodammodo
1096 2031 1257 2108 remedio

171 2142 252 2217 fleri
268 2141 397 2217 solent.

223 2275 432 2331 Mcnxxxu
462 2255 734 2333 Remediorum
752 2282 838 2356 quae
854 2265 911 2332 tot
927 2257 1118 2356 tantisque
1134 2256 1255 2333 usibus

172 2366 349 2443 inservire
365 2368 504 2444 debent
520 2371 626 2470 copia
655 2371 787 2470 ingens
803 2380 859 2444 est
875 2382 913 2445 et
929 2371 1086 2445 varietas
1102 2391 1253 2470 magna:

172 2481 298 2556 omnia
315 2504 403 2556 vero
432 2482 661 2558 stimulantis
689 2481 850 2557 remedia
876 2482 936 2557 hic
959 2484 1183 2559 nominatim
1206 2505 1256 2557 re·

173 2614 319 2668 censere
348 2595 500 2669 omnino
529 2618 840 2694 supervacaneum
870 2594 983 2681 foret;
1009 2611 1066 2670 sat
1081 2598 1155 2671 erit
1168 2617 1255 2696 prat-

173 2705 283 2803 cipua
299 2729 428 2779 eorum
445 2731 581 2805 genera
597 2732 837 2783 enumerasse.

222 2835 452 2891 mccxxxvr.
479 2818 669 2917 Imprimis
694 2821 820 2918 igitur,
857 2819 962 2919 quod
988 2820 1251 2895 medicamenta

170 2923 400 2999 stimulantis
416 2929 561 3017 attinet,
590 2930 834 3004 diversissima
859 2955 988 3006 eorum
1005 2957 1137 3030 genera
1159 2929 1249 3006 exis·
1321 2936 1324 2941 ’

171 3043 271 3123 tunt,
297 3058 345 3109 ex
361 3037 589 3125 animalibus,
615 3051 654 3114 et
677 3040 858 3140 frugibus,
883 3055 923 3119 et
938 3044 1119 3122 fossilibus
1134 3043 1250 3131 rebus,

172 3145 345 3221 derivata

221 3281 465 3339 mccxxxvn.
490 3260 760 3338 Diversissimae
775 3290 927 3366 quoque
943 3269 1039 3344 vires
1055 3269 1165 3346 variis
1180 3289 1252 3340 me-

171 3371 389 3448 dicamentis
421 3372 699 3449 stimulantibus
728 3380 976 3479 contingunt;
1011 3381 1064 3455 ita
1092 3393 1137 3457 ut
1163 3381 1251 3454 dum

169 3481 240 3553 alia
256 3492 360 3558 tanta
376 3484 573 3559 acrimonia
602 3486 641 3561 in
659 3511 808 3589 corpore
824 3491 976 3590 pollent,
1002 3504 1047 3568 ut
1062 3493 1124 3569 vel
1148 3493 1251 3568 mini·

168 3611 231 3665 ma
247 3596 456 3691 quantitate
485 3597 525 3671 in
552 3598 592 3673 id
621 3616 767 3701 reoepta
795 3604 1080 3681 violentissimos
1102 3607 1250 3681 effectus

168 3714 355 3804 prrestent,
385 3729 508 3808 neque
536 3710 699 3810 profecto
731 3716 895 3813 periculo
927 3717 1053 3817 aliquo
1087 3738 1250 3819 unquam

168 3819 317 3915 penitus
334 3833 488 3910 (areant,
518 3823 589 3899 alia
604 3826 696 3900 adeo
712 3836 796 3902 tuta
812 3839 851 3903 et
867 3830 973 3905 mitia
989 3830 1075 3918 sint,
1105 3842 1151 3906 ut
1167 3828 1250 3904 deli·

167 3930 357 4006 catissimis
373 3935 484 4009 etiam
516 3939 594 4012 sine
610 3939 774 4038 periculo
791 3940 869 4014 dari
885 3942 1037 4041 possint,
1066 3965 1138 4018 nec
1154 3941 1249 4042 quic·

166 4062 281 4141 quam
298 4056 364 4120 aut
380 4046 468 4121 boni
485 4060 551 4125 aut
567 4051 654 4126 mali
672 4051 833 4128 efficiant
849 4054 921 4129 nisi
934 4077 1067 4155 magna
1083 4056 1190 4156 copia
1200 4076 1248 4129 as·

166 4169 317 4256 sumpts
331 4153 481 4235 fuerint.

216 4289 484 4354 ucaxxmu.
509 4271 588 4352 Res
604 4275 680 4353 fere
703 4299 834 4358 omnes
850 4302 938 4382 que
951 4280 1084 4381 gustui
1100 4301 1199 4359 acres
1212 4283 1246 4350 et
