2678 4794
135 342 184 411 8⁰
538 353 789 407 consuucrus
1054 357 1140 409 une.
1158 354 1211 409 rx.

134 555 304 608 commata
320 533 448 605 siccam
465 538 503 605 et
519 528 708 605 obscuram
724 528 869 614 factam,
893 530 1001 627 quod
1016 529 1213 629 languenti

134 645 321 744 sanguinis
344 643 462 715 motui
488 639 752 738 imputandum
768 649 834 725 est,
859 648 898 715 et
921 640 1090 740 plurimis
1116 642 1210 717 vasis

133 756 337 830 minoribus
346 753 551 840 obstructis,
563 750 752 839 conclusis,
768 753 983 837 excaecatis;
1008 760 1092 827 tum
1103 776 1215 852 prop-

132 877 189 942 ter
204 866 333 943 antem
349 862 616 951 florescentem,
643 863 756 939 instar
772 863 897 939 electri
912 865 1056 951 factam,
1085 875 1124 936 et
1153 865 1211 961 ip-

132 1004 208 1053 sam
225 973 385 1052 retinam
401 977 525 1053 minus
554 976 785 1051 sentientem.
835 976 935 1050 Nam
952 999 1103 1051 omnem
1131 1000 1214 1049 sen·

132 1113 217 1165 sum
234 1097 403 1163 senectus
422 1088 576 1171 minuit,
697 1128 701 1135 ‹

178 1223 311 1277 couvr.
338 1201 533 1277 Interdum
558 1201 659 1275 visus
683 1224 829 1299 prorsus
853 1198 1028 1286 aboletur,
1053 1199 1211 1287 cerebro,

129 1312 381 1412 nervooptico,
397 1312 458 1388 vel
469 1313 606 1403 retina,
623 1311 732 1387 variis
743 1312 863 1387 modis
874 1310 977 1398 laesis,
988 1309 1085 1384 salva
1097 1311 1211 1410 ipsius

128 1423 226 1501 oculi
255 1424 398 1502 fabrica
461 1423 691 1523 Hujusmodi
725 1420 862 1499 vitium
894 1419 1117 1510 arnaarosis,
1150 1423 1211 1501 vel

123 1545 242 1634 gotta
271 1562 405 1613 serena
431 1549 603 1613 vocatur:
634 1535 784 1611 dilatata
812 1544 851 1607 et
879 1535 1034 1611 immota
1059 1534 1209 1634 pupilla,

130 1646 344 1725 humoribus
371 1648 561 1749 pellucidis
587 1648 832 1734 manentibus,
861 1644 965 1722 facile
980 1647 1210 1747 distinguen-

129 1761 245 1850 dum;
281 1763 548 1862 compressioni,
576 1758 805 1860 congestioni
837 1759 1035 1858 sanguinis,
1069 1761 1209 1860 stupori

96 1916 99 1923 ·
129 1875 234 1948 nervi
250 1874 326 1949 fere
353 1874 604 1949 tribuendum.
655 1872 694 1947 si
711 1894 793 1969 pars
809 1878 957 1945 tantum
982 1872 1112 1947 retinae
1136 1882 1208 1947 tor·

128 1996 204 2082 pet,
221 1986 374 2061 maculae
388 1986 504 2084 nigrae
533 1985 572 2059 in
590 1985 698 2058 rebus
715 2006 805 2080 quas
832 1995 1039 2081 spectamus
1067 1985 1207 2085 conspi-

127 2097 288 2184 ciuntur,
315 2105 508 2172 etmuscoe
523 2108 609 2173 aute
625 2094 750 2171 oculos
767 2095 973 2184 volitantes,
1001 2097 1151 2195 signum
1167 2099 1205 2171 iu

128 2207 289 2284 febribus
305 2209 488 2308 frequens,
504 2209 568 2285 sed
580 2208 793 2308 pessimum,
810 2220 848 2282 et
865 2209 931 2282 vix
947 2232 1022 2282 non
1039 2208 1183 2283 lethale.

176 2344 343 2397 cenum.
368 2323 482 2397 Visus
506 2347 615 2421 porro
631 2320 732 2396 haud
748 2345 828 2395 raro
853 2320 1020 2397 aboletur
1043 2323 1207 2421 partium

127 2434 269 2531 quavis,
294 2458 359 2534 per
374 2459 465 2533 quas
482 2435 574 2509 radii
590 2435 742 2509 transire
758 2445 797 2509 et
813 2432 962 2533 refringi
979 2433 1126 2520 debent,
1144 2434 1206 2509 ab

127 2569 230 2620 scura
253 2557 321 2621 aut
343 2572 456 2646 opaca
479 2547 596 2633 faeta3
625 2546 743 2623 veluti
767 2546 798 2621 si
822 2569 957 2622 caraea
975 2545 1127 2620 maculis
1143 2547 1206 2621 ob

126 2682 220 2733 sessa
236 2657 309 2734 luci
325 2661 505 2758 impervia
520 2661 696 2743 evaserit3
726 2656 785 2732 vel
802 2657 936 2731 humor
952 2680 1110 2752 aquosus
1126 2682 1206 2733 san-

123 2771 249 2864 guine,
266 2794 355 2856 sero,
371 2794 474 2868 pure,
490 2779 683 2866 corruptus
699 2767 830 2841 fuerit:
858 2765 917 2838 vel
934 2765 963 2837 si
980 2764 1069 2851 lens,
1100 2772 1209 2862 quod-

123 2900 219 2976 saepe
245 2880 388 2965 accidit,
417 2893 456 2954 et
479 2886 673 2953 cataracta
696 2875 842 2961 dicitur,
873 2874 1018 2949 fuscum
1044 2874 1206 2957 colorem

121 2988 265 3086 adepta,
283 2988 341 3062 vel
357 2989 493 3062 humor
508 2989 647 3062 vitreus
662 2985 774 3061 simili
792 2986 903 3061 modo
919 2998 1125 3087 corruptus,
1144 2994 1203 3069 vel

122 3122 250 3174 omnes
266 3099 428 3198 denique
443 3099 541 3177 oculi
558 3100 729 3174 humores
744 3096 1045 3186 inflammatione,
1063 3126 1203 3202 suppu.

122 3212 272 3301 ratione,
297 3212 419 3300 soluti,
443 3212 597 3300 confusi,
621 3211 743 3299 mixti,
767 3211 888 3287 lucem
906 3212 966 3287 vel
993 3237 1068 3287 non
1086 3224 1202 3291 trans-

122 3326 285 3415 mittant,
309 3325 369 3402 vel
394 3326 536 3426 parcius
560 3334 599 3400 et
635 3324 864 3424 inaequaliter
891 3325 1043 3399 transire
1069 3327 1199 3403 sinant.

122 3437 212 3524 Quo
228 3438 273 3512 fit
283 3449 328 3514 ut
342 3439 401 3515 vel
418 3439 530 3526 nulla,
546 3437 608 3513 vel
618 3437 780 3527 obscura,
796 3437 960 3525 distorta,
976 3440 1203 3537 imperfecta,

123 3559 163 3623 et
179 3550 275 3625 male
290 3550 446 3626 colorata
462 3552 587 3650 imago
602 3574 712 3649 super
728 3549 888 3627 actiacam
906 3550 1137 3649 depingatur.

170 3684 336 3738 ceuvnr.
362 3662 635 3763 impedimenta
650 3664 761 3749 visus,
777 3662 879 3760 quod
894 3660 942 3734 ad
957 3663 1120 3750 oculum,
1136 3688 1198 3739 ex·

123 3787 234 3871 terna,
262 3776 352 3849 vitia
367 3776 503 3851 scilicet
532 3775 784 3875 palpebrarum
803 3774 1037 3872 partiumque
1062 3776 1198 3851 vicina·

121 3898 205 3963 rum
241 3891 481 3978 tumentium,
518 3886 839 3974 concrescentium,
874 3885 1197 3967 inflammatarum.

123 4000 224 4079 nulla
238 4000 482 4100 explicatione
498 4010 631 4100 egent:
661 4021 784 4095 neque
800 3999 962 4096 profecto
979 3999 1093 4096 ipsius
1118 4023 1196 4073 sen·

122 4140 184 4193 sus
199 4115 336 4191 vitium
352 4123 419 4204 est,
436 4115 465 4189 si
482 4114 567 4212 quis
583 4136 658 4185 non
675 4110 818 4197 viderit,
831 4108 933 4185 nullu
948 4108 1030 4183 luce
1045 4109 1092 4185 ad
1110 4134 1195 4211 ocu-

122 4228 202 4305 lum
217 4228 383 4305 admissa
