2678 4794
175 419 264 478 css.
282 420 375 474 xxv.
454 415 674 474 umbrorum
692 417 980 478 rnuonnrrcm.
1177 410 1250 485 809

169 623 258 676 cum
274 596 357 672 uvis
371 593 494 694 passis,
520 606 587 671 aut
602 594 767 694 pauxillo
782 596 949 685 saccbmi,
965 606 1031 673 aut
1045 596 1135 685 vini,
1151 597 1247 674 mix-

169 722 264 798 tum,
289 709 432 783 bonum
456 716 495 783 et
522 717 651 785 tutum
674 711 715 784 in
739 709 855 784 acutis
872 709 1006 785 morbis
1029 710 1249 789 alimentum

167 834 236 899 est
1210 880 1214 887 .

212 956 533 1010 nccccnxxxvm.
560 933 624 1009 Ex
653 958 769 1009 avena
795 959 947 1035 quoque
973 934 1088 1034 aliqui
1104 960 1249 1037 compa,

162 1061 293 1124 rantur
307 1047 393 1136 cibi,
409 1046 700 1123 febricitantibus
716 1048 801 1123 sutis
817 1047 951 1123 idonei.
1000 1047 1249 1125 Pulmentum

162 1160 289 1262 ipsum
304 1183 530 1235 avenaceum
543 1159 644 1235 haud
662 1159 782 1235 malus
798 1160 901 1235 cibus
917 1170 994 1248 est3
1018 1161 1248 1259 frequentius

161 1296 254 1349 vero
274 1272 385 1347 datur
408 1273 672 1347 tenuissimum
688 1272 939 1373 pulmentum,
963 1296 1027 1347 seu
1052 1272 1249 1348 decoctum

162 1408 395 1473 avenaceum,
412 1385 516 1484 quod
532 1394 644 1484 potus
657 1384 771 1459 simul
783 1397 898 1484 atque
908 1383 1011 1461 cibus
1027 1408 1104 1459 esse
1115 1394 1248 1484 potest

167 1496 357 1572 Nostrates
380 1520 543 1597 quoque,
581 1496 784 1598 praesertim
818 1497 955 1583 rustici,
991 1497 1175 1596 optimum
1209 1505 1249 1571 et

162 1606 455 1685 febricitantibus
491 1608 910 1685 accommodatissimum
946 1610 1071 1685 cibum
1101 1635 1150 1686 ex
1172 1611 1251 1685 fur·

160 1718 245 1797 fure
260 1744 440 1797 avenaceo
456 1745 657 1823 preparare
671 1731 821 1810 norunt,
850 1723 912 1797 eui
936 1722 1095 1798 multam
1111 1744 1248 1821 aquam

159 1832 313 1909 calidam
339 1833 551 1923 effundunt,
575 1845 614 1910 et
642 1835 786 1935 agitant
814 1845 859 1910 ut
874 1835 989 1934 probe
1003 1837 1245 1912 misceantur:

161 1944 299 2020 deinde
313 1955 400 2045 post
409 1945 551 2044 aliquot
566 1946 654 2034 dies,
672 1947 884 2023 subsidente
898 1947 1051 2036 furfure,
1064 1947 1247 2047 liquorem

162 2058 231 2156 qui
266 2069 478 2159 supernatat
509 2059 590 2157 jam
631 2060 903 2158 spissescentem
944 2070 984 2137 et
1018 2070 1245 2136 acescentem

160 2168 377 2260 effirndunt,
419 2181 458 2245 et
481 2180 650 2269 coquunt
674 2171 791 2246 donec
814 2179 915 2246 coeat
932 2174 972 2247 in
996 2173 1246 2271 pulmentum,

158 2283 219 2359 vel
244 2283 369 2383 potins
402 2283 534 2383 gluten
570 2292 695 2370 tenue,
731 2293 908 2358 concoctu
945 2283 1170 2371 facillimum,
1205 2292 1246 2356 et

159 2392 295 2469 leniter
309 2395 467 2471 acidum.

207 2528 502 2584 necccuxxxnc
521 2507 684 2581 Radices
700 2505 909 2594 esculentae,
934 2515 973 2580 et
989 2505 1188 2605 legumina,
1204 2516 1244 2583 et

158 2615 270 2707 olem,
294 2619 583 2695 febricitantibus
608 2618 723 2694 rarius
750 2618 911 2710 dantur;
946 2641 1014 2694 nec
1041 2619 1244 2718 quicquum

155 2728 350 2831 peculiaris
365 2731 552 2806 commodi
569 2728 704 2803 habere
718 2730 915 2808 videntur:
940 2742 1125 2832 praeterea,
1142 2753 1242 2829 quae-

155 2843 244 2919 dnm
261 2867 311 2919 ex
326 2843 372 2918 iis
389 2842 574 2918 difficilius
592 2852 884 2940 concoquuntur,
909 2853 948 2918 et
973 2844 1058 2918 ideo
1080 2866 1241 2918 oorrum·

154 2965 313 3056 puntur,
349 2964 389 3029 et
412 2955 523 3029 nimis
547 2954 613 3029 diu
638 2954 845 3031 retinentur
868 2956 908 3030 in
937 2954 1144 3031 ventriculo
1174 2964 1242 3030 aut

152 3066 352 3143 intestinis.
425 3065 532 3141 Nihil
557 3090 645 3141 vero
668 3066 799 3155 obstat,
824 3092 902 3168 quo
929 3068 1065 3156 minus,
1089 3077 1241 3166 petente

149 3202 266 3279 regnu,
289 3189 356 3255 aut
383 3177 577 3254 deficiente
604 3178 723 3278 magis
746 3178 880 3255 idoneo
895 3180 989 3269 cibo,
1017 3179 1240 3254 febricitanti

145 3290 335 3392 pleraque
351 3316 482 3368 eorum
499 3290 755 3367 concedantur.

202 3424 403 3481 nccccxc.
436 3404 555 3479 Poma
591 3427 679 3479 vero
711 3403 828 3492 mitia,
863 3414 902 3479 et
936 3426 1062 3478 omnes
1097 3401 1240 3481 noctur

141 3517 304 3603 maturi,
328 3518 370 3591 in
393 3518 510 3593 acutb
536 3515 673 3591 morbis
697 3537 799 3591 nunc
821 3517 928 3617 aegn’s
951 3516 1064 3590 libere
1079 3513 1241 3617 plerum·

136 3652 230 3730 que
245 3632 529 3729 permittuntur,
544 3628 616 3702 nisi
633 3626 773 3728 aliquid
789 3640 920 3727 praeter
935 3626 1095 3717 solitum,
1120 3623 1240 3703 veluti

135 3741 355 3817 ventriculi
371 3741 517 3819 affectio
532 3739 742 3828 vehemens,
770 3749 838 3814 aut
852 3741 998 3839 gravior
1012 3739 1085 3816 alvi
1102 3738 1239 3828 fluxus,

132 3870 264 3930 slsum
281 3877 413 3930 eorum
431 3852 645 3955 prohibeat:
669 3874 793 3950 neque
820 3860 944 3926 tamen
967 3875 1110 3952 semper
1124 3853 1239 3926 etiam

127 3956 188 4041 in
215 3965 291 4040 boc
319 3977 418 4043 statu
449 3974 595 4054 nocent,
624 3964 800 4064 quoniam
829 3961 903 4037 alvi
926 3962 1063 4053 fluxus,
1087 3972 1126 4038 et
1157 3962 1238 4036 alise

127 4078 294 4153 ventris
309 4077 522 4154 affectiones
537 4078 576 4153 in
593 4076 765 4165 febribus,
788 4099 884 4175 saepe
899 4100 921 4150 a
938 4076 1142 4176 putredine,
1158 4092 1237 4147 non

124 4189 196 4266 ab
224 4214 343 4280 acore,
373 4191 459 4268 oriri
484 4192 686 4278 videntum
710 4197 750 4265 et
775 4197 859 4266 tum
875 4187 1148 4267 verisimilem
1169 4202 1236 4283 po·
