2678 4794
102 412 188 472 car.
206 411 275 469 xa.
374 404 595 468 smmcmn
613 407 900 466 annotamus.
1103 401 1176 479 549

93 589 269 693 platloro
283 587 331 665 ad
346 590 507 689 spatium
524 588 656 689 (nxx),
680 587 742 664 vel
769 589 818 663 ad
844 589 939 667 vires
956 590 1112 691 (nxxn),
1137 601 1177 669 et

101 704 141 777 in
167 704 268 779 omni
293 703 422 777 morbo
448 703 515 800 qui
544 701 705 777 animia
733 701 921 802 sanguinis
949 704 1176 781 abundantia
1284 710 1287 716 ’

100 814 280 912 provenit,
304 813 364 892 vel
381 814 486 913 cujus
503 814 580 891 haec
596 839 677 915 pars
703 825 758 892 est
786 816 976 908 (nimirum
1004 830 1068 927 ut¹
1078 822 1174 896 vires

99 937 241 1005 naturae
270 927 453 1014 salutares,
491 935 595 1002 tanto
622 929 890 1029 impedimento
918 931 1089 1022 liberatae,
1125 931 1174 1009 ad

99 1063 164 1114 sua
192 1065 343 1117 munera
366 1039 500 1115 melius
525 1039 696 1140 valeant),
720 1052 761 1118 et
786 1045 826 1118 in
852 1046 955 1119 omni
984 1047 1174 1147 sanguinis

99 1153 358 1230 distributione
368 1153 547 1242 abnormi,
563 1153 764 1252 ejusquein
777 1157 942 1255 partibus
952 1159 1173 1260 quibusdam

98 1267 395 1366 congestionibus
412 1267 598 1354 morbosis,
616 1276 654 1340 et
670 1266 788 1342 nimio
804 1269 959 1368 impetu,
976 1279 1041 1346 aut
1056 1271 1174 1345 nimia

97 1382 311 1454 arteriarum
327 1377 367 1454 in
384 1390 488 1479 parte
504 1379 627 1479 aliqua
639 1379 816 1480 singulari
827 1382 980 1471 actione,
996 1383 1115 1458 veluti
1130 1384 1172 1458 in

97 1492 324 1592 (occurram)
340 1491 654 1578 inflammatione;
679 1501 718 1566 et
746 1492 786 1565 in
813 1493 1000 1569 nonnullis
1015 1495 1171 1595 impedi·
1213 1554 1218 1561 .

95 1605 229 1680 mentis
245 1629 331 1705 quae
346 1604 462 1680 libero
478 1605 677 1705 sanguinis
694 1605 896 1704 praesertim
906 1630 1042 1704 paroor
1057 1618 1171 1705 atque
1244 1663 1248 1677 ,

95 1716 299 1816 pulmones,
323 1718 444 1792 motui
460 1718 667 1803 obstarent:
692 1717 812 1792 veluti
827 1718 936 1793 variis
953 1719 1171 1793 obstructio·

93 1830 202 1905 nibus
225 1830 376 1931 aliisque
392 1830 493 1906 vitiis
518 1854 741 1930 magnorum
758 1854 941 1919 vasomm,
969 1842 1036 1907 aut
1052 1829 1170 1909 cordis

93 1944 217 2041 ipsius,
242 1954 308 2017 aut
324 1943 485 2040 spirandi
501 1940 721 2017 difficultate
746 1941 867 2040 (cujus
893 1943 933 2017 in
962 1944 1066 2017 omni
1094 1942 1172 2046 fere

93 2079 228 2155 genere
244 2052 432 2152 sanguinis
458 2052 636 2125 detractio
664 2053 804 2150 aliquid
830 2052 1024 2130 levaminis
1051 2053 1170 2143 affert,

93 2166 263 2266 quamvis
291 2188 368 2238 non
394 2187 548 2261 semper,
573 2164 682 2236 variis
709 2172 750 2237 et
778 2165 864 2241 satis
893 2167 1095 2241 manifestis
1121 2166 1171 2241 de

92 2280 220 2367 causis,
229 2280 406 2353 idoneum
418 2274 600 2350 auxilium
612 2275 685 2370 sit),
694 2287 734 2348 et
744 2297 839 2372 saepe
849 2275 886 2347 in
898 2299 1036 2375 magno
1045 2275 1171 2350 dolore

92 2402 158 2466 aut
173 2393 277 2491 gravi
293 2389 507 2476 irritatione,
533 2385 652 2462 veluti
668 2411 690 2459 a
706 2384 845 2461 calculo
873 2387 913 2459 in
938 2386 1087 2461 renibus
1102 2395 1173 2463 aut

93 2505 223 2591 vesica,
239 2513 306 2577 aut
322 2500 519 2575 acrioribus
536 2498 675 2573 ventris
697 2496 928 2587 torminibus,
953 2508 1019 2572 aut
1035 2498 1169 2575 ramice

91 2614 329 2715 strangulato,
353 2622 419 2686 aut
435 2611 548 2710 partis
572 2609 733 2709 cujusvis
749 2609 913 2698 vulnere,
941 2610 1172 2699 contusione,

90 2728 258 2814 fractura,
283 2725 484 2813 lunatione,
515 2727 578 2798 &a
596 2746 683 2797 cum
699 2722 748 2820 ad
763 2719 977 2798 leniendum
994 2721 1168 2811 dolorem,

90 2850 129 2916 et
145 2839 387 2913 irritationem
403 2838 455 2912 sic
471 2834 723 2922 minuendam,
748 2842 830 2908 tum
859 2858 1009 2933 quoque
1037 2834 1085 2910 ad
1112 2859 1167 2912 re·

89 2952 263 3027 laxandas
290 2952 448 3038 arterias,
475 2959 513 3024 et
530 2972 652 3036 venas,
677 2957 716 3022 et
743 2971 829 3021 sane
855 2972 982 3023 omnes
1009 2948 1167 3047 corporis

88 3075 219 3164 partes,
236 3089 312 3163 quo
327 3062 466 3139 facilior
481 3061 548 3136 fiat
564 3060 799 3160 quorundam
817 3059 999 3136 malorum
1015 3061 1166 3149 sanatio,

88 3186 127 3251 et
144 3177 268 3251 minus
283 3175 585 3250 inflammationis
597 3183 664 3248 aut
675 3173 784 3249 febris
799 3173 1024 3272 periculum
1048 3183 1088 3249 et
1103 3174 1166 3249 de-

89 3312 195 3362 mum
207 3289 247 3361 in
258 3287 435 3390 singulari
447 3287 508 3360 illa
518 3287 655 3363 oerebri
666 3311 939 3385 nervorumque
952 3287 1164 3374 irritatione,

88 3399 150 3474 vel
166 3400 290 3500 potius
319 3399 531 3474 conditione
553 3400 690 3496 ignota,
717 3399 833 3499 qualis
849 3400 889 3472 in
906 3408 1033 3473 mente
1048 3399 1165 3497 captis

87 3511 249 3587 accidere
260 3510 420 3598 videtur,
438 3509 516 3582 sine
533 3509 617 3612 ullis
633 3520 700 3587 aut
714 3513 839 3586 nimiae
849 3511 1037 3610 sanguinis
1049 3511 1164 3586 abun-

86 3625 232 3713 dantiae,
258 3632 323 3699 aut
339 3620 650 3710 inflammationis,
675 3635 741 3723 aut
759 3623 868 3698 febris
885 3624 1037 3699 indiciis.

135 3757 371 3812 Mnnxxvrn.
399 3733 521 3809 Nocet
545 3758 633 3808 vero
658 3734 952 3834 frequentissime
976 3735 1164 3835 sanguinis
1264 3755 1268 3764 ·

85 3849 274 3938 detractio,
298 3846 429 3923 iisdem
447 3845 494 3920 de
510 3847 638 3934 causis,
663 3848 727 3921 sed
743 3845 819 3923 fere
843 3851 962 3950 magis
990 3862 1029 3922 et
1055 3845 1166 3921 citius

85 3984 199 4058 quam
216 3961 296 4038 aliae
310 3959 591 4047 exinanitiones,
615 3957 785 4048 flaccidis,
802 3959 981 4047 relaxatis,
997 3955 1164 4048 infirmis,

86 4071 296 4162 mobilibus,
319 4074 439 4172 iisque
455 4073 523 4172 qui
539 4071 600 4146 vel
628 4069 739 4171 longa
763 4072 895 4161 inedia,
919 4070 980 4145 vel
995 4093 1109 4167 pravo
1125 4078 1165 4144 et

85 4207 219 4282 parum
248 4187 439 4261 nutriente
462 4185 555 4271 cibo,
592 4183 653 4259 vel
681 4184 855 4284 gravibus
884 4191 950 4258 aut
978 4179 1165 4256 diuturnis
1188 4177 1190 4182 ’

86 4294 238 4386 morbis,
261 4297 324 4374 vel
339 4298 483 4399 magnis
507 4296 818 4374 exinanitionibus
829 4296 909 4395 jam
925 4294 1031 4370 fracti
1046 4302 1086 4369 et
1101 4313 1164 4368 ex·

1112 4667 1141 4716 ἱ

1311 4676 1326 4751 l
