2678 4794
653 273 747 347 xxiv

166 472 200 533 N
218 467 421 557 Postremo,
445 470 559 544 alium
575 489 698 566 neque
714 488 800 542 sane
823 467 1004 566 exiguum
1020 490 1130 543 usum
1147 489 1239 569 proe·

168 584 343 660 stiterunt
358 582 465 655 rariae
480 581 528 653 de
550 579 710 656 Theoria
729 580 868 654 medica
883 579 1084 678 opiniones,
1109 605 1239 678 quam·

167 697 224 769 vis
240 698 328 795 ipsse
343 703 409 767 ant
424 715 571 791 prorsus
586 692 721 780 futiles,
746 701 811 767 aut
828 691 955 766 saltem
973 714 1102 790 parum
1120 707 1240 780 certae,

166 829 288 905 neque
304 805 349 878 ad
368 828 475 878 usum
493 790 669 880 cliuioutri
691 804 984 880 accommodatae.
1035 804 1122 877 Pari
1137 803 1239 877 enim

163 920 306 995 ratione
321 941 363 991 ac
378 917 647 993 observationes
664 918 758 992 forte
773 928 1002 992 occurrentes
1029 917 1240 990 ordinarent

166 1039 206 1103 et
220 1040 419 1117 necterent,
444 1032 495 1104 sic
510 1031 557 1104 ad
573 1054 669 1104 nova
686 1030 862 1105 tentanda
887 1029 1139 1128 experimenta
1155 1049 1240 1101 con·

165 1138 247 1214 sitio
275 1151 313 1215 et
342 1142 470 1215 ordine
487 1142 649 1240 quodam
666 1142 827 1216 medicos
843 1142 1059 1241 dirigebant.
1111 1140 1241 1213 Liceat

166 1263 290 1327 autem
310 1252 378 1328 hae
405 1253 518 1328 dere
547 1256 685 1329 summi
701 1254 870 1331 Batonis
899 1251 1117 1354 (gravissimi
1144 1261 1241 1325 certe

165 1366 333 1453 auctoris,
372 1377 411 1440 et
443 1368 552 1464 primi
584 1368 737 1442 Naturae
769 1368 994 1466 interpretis)
1022 1363 1243 1440 sententiam

166 1500 262 1575 sape
295 1477 514 1553 inculcatam
547 1478 669 1565 citare,
705 1478 858 1576 ipsaque
889 1477 969 1575 ejus
1001 1477 1112 1550 verba
1145 1484 1242 1547 tran·

165 1588 332 1663 seribere.
382 1601 404 1632 ‘⁶
421 1589 500 1678 Qui
517 1589 656 1687 aliquid
669 1591 813 1687 quierit,
830 1588 869 1663 id
885 1589 1008 1686 ipsum
1025 1586 1126 1685 quod
1143 1610 1243 1683 quae-

166 1710 189 1743 “
204 1701 264 1787 rit,
289 1701 448 1800 generali
467 1701 624 1800 quadam
638 1702 789 1775 notione
805 1698 1102 1798 comprehendit3
1127 1697 1242 1785 aliter,

166 1814 271 1910 “qui
288 1813 367 1888 fieri
384 1824 505 1912 potest
522 1812 677 1888 utillud
702 1837 788 1888 cum
814 1811 926 1887 fuerit
954 1811 1152 1884 inventum
1180 1833 1243 1907 ag-
1309 1836 1312 1841 ·

166 1932 188 1965 “
203 1931 358 1999 noscat?
400 1926 541 2000 idcirco
557 1950 634 2024 quo
650 1924 805 2024 amplior
820 1933 859 1998 et
875 1923 1007 1999 certior
1022 1923 1134 1997 fuerit
1149 1921 1244 1994 anti·

165 2043 189 2078 ‘⁶
203 2035 340 2133 cipatio
369 2048 501 2125 nostra,
537 2063 581 2112 eo
615 2039 729 2137 magis
755 2036 893 2112 directa
921 2045 959 2110 et
985 2035 1244 2134 compendiosa

165 2156 188 2189 ‘⁶
204 2148 275 2221 erit
289 2149 535 2249 investigatio.
586 2151 767 2225 Attamen
795 2147 1110 2246 quemadmodum
1129 2145 1244 2245 possit

165 2267 188 2301 ‘⁴
204 2259 298 2356 quis,
324 2261 364 2334 in
382 2262 442 2336 via
458 2287 534 2351 sua,
559 2262 694 2362 triplici
718 2261 831 2335 modo
860 2260 1049 2360 pmgredi3
1074 2269 1140 2334 aut
1155 2279 1244 2331 cum

165 2379 188 2413 ‘⁶
204 2371 329 2470 palpat
346 2374 476 2471 ipsein
489 2375 670 2459 tenebris3
695 2383 762 2447 aut
777 2396 865 2446 cum
881 2371 1030 2446 alterius
1047 2394 1159 2444 manu
1176 2369 1244 2444 du-

165 2492 189 2527 ·‘
204 2492 320 2572 eatur,
345 2486 424 2583 ipse
449 2510 579 2585 parum
609 2485 759 2560 videns:
785 2494 851 2558 aut
867 2484 1038 2582 denique,
1063 2507 1149 2557 cum
1166 2505 1245 2554 ves·

166 2605 188 2638 “
205 2596 298 2692 tigia
324 2597 490 2671 adhibito
519 2599 662 2672 lumine
690 2605 815 2693 regat:
842 2595 1019 2679 similiter,
1044 2616 1131 2666 cum
1159 2593 1244 2689 quis

165 2706 457 2802 “experimenta
473 2709 672 2802 omnigena
687 2706 825 2798 absque
854 2703 930 2776 ulla
956 2704 1046 2775 serie
1074 2714 1140 2775 aut
1171 2727 1243 2775 me-

166 2825 188 2858 “
204 2811 320 2886 thodo
337 2824 466 2899 tentet,
491 2838 534 2886 ea
560 2815 710 2886 demum
740 2836 837 2885 mera
865 2825 920 2886 est
949 2812 1129 2911 palpati03
1155 2838 1243 2891 cum

165 2935 188 2968 ‘⁶
205 2947 292 2997 vero
308 2923 485 2997 nonnulla
503 2933 631 2998 utetur
646 2924 685 2997 in
703 2924 1031 3023 experimentando
1043 2926 1244 3000 directione

165 3047 189 3080 ‘⁸
204 3047 243 3109 et
258 3034 396 3122 ordine,
422 3035 574 3133 perinde
590 3048 645 3110 est
661 3060 703 3110 ac
719 3037 748 3110 si
768 3059 878 3110 manu
903 3037 1069 3112 dueatur.
1122 3039 1243 3113 Vems

165 3158 188 3190 “
204 3147 441 3246 experientiae
468 3148 569 3236 ordo,
604 3150 725 3248 primo
753 3147 881 3223 lumen
907 3150 1083 3237 accendit,
1108 3150 1242 3224 deinde

164 3270 188 3302 “
204 3284 269 3357 per
286 3258 414 3334 lumen
431 3262 500 3334 iter
516 3261 756 3348 demonstrat,
772 3262 983 3361 incipiendo
995 3262 1041 3335 ab
1053 3265 1242 3361 experien-

165 3380 188 3413 ·‘
205 3371 256 3444 tia
271 3371 447 3460 ordinata,
472 3387 510 3447 et
526 3373 678 3472 digesta,
704 3384 742 3448 et
760 3375 916 3449 minime
942 3388 1160 3474 praepostera
1175 3385 1241 3448 aut

165 3492 188 3525 “
204 3485 364 3571 erratica,
385 3499 497 3584 atque
514 3510 562 3559 ex
579 3511 621 3560 ea
638 3487 830 3561 educendo
845 3486 1040 3574 axiomata,
1066 3499 1177 3584 atque
1193 3510 1241 3559 ex

166 3596 447 3669 “axiomatibus
464 3599 674 3672 constitutis
703 3622 827 3672 rursus
856 3601 1107 3696 experimenta
1135 3622 1241 3683 nova,

164 3717 320 3804 “quum
339 3731 407 3781 nee
426 3708 576 3782 verbum
595 3710 767 3784 divinum
783 3710 822 3783 in
839 3733 963 3784 rerum
989 3734 1145 3784 massam
1163 3710 1240 3782 abs·

164 3827 187 3863 “
203 3842 277 3917 que
292 3818 420 3892 ordine
436 3832 628 3917 operatum
647 3821 704 3897 sit.

215 3940 235 3973 ‘⁶
253 3930 388 4028 ltaque
405 3931 573 4006 desinant
587 3933 753 4040 immines
764 3934 897 4020 mirari,
915 3934 944 4006 si
957 3933 1117 4031 spatium
1128 3932 1240 4006 scien-

165 4053 186 4085 “
203 4041 338 4116 tiarum
356 4066 430 4115 non
447 4043 649 4139 confectam
674 4047 731 4132 sit,
757 4069 841 4118 cum
858 4070 879 4118 a
897 4045 957 4117 via
972 4045 1123 4118 omnino
1139 4045 1239 4119 aber-

165 4164 186 4196 “
201 4155 384 4247 raverint3
409 4153 534 4231 relicta
549 4180 695 4255 prorsus
711 4168 750 4233 et
766 4157 908 4232 deserta
919 4156 1155 4257 experientia,
1172 4169 1238 4233 aut
