2694 4792
116 405 190 475 518
494 396 750 458 commerui
831 376 838 387 '
943 396 1042 450 cur.
1063 394 1225 452 xxxva

124 614 206 667 rem
220 588 335 662 linteo
350 576 507 656 'subinde
523 586 669 650 mutare
686 572 810 661 debet,
826 574 1064 662 etreoentio,
1082 576 1176 650 siooo
1190 586 1228 650 et

127 702 244 780 calido
260 702 406 791 (rimu)
422 691 588 766 induere.

182 835 274 889 um.
293 805 441 883 Idoneis
457 802 640 886 fomentis,
657 802 723 873 dte.
740 798 953 873 conandum
973 810 1092 873 estut
1108 801 1221 875 sudor

130 924 178 1000 ad
194 923 306 1023 pedes
322 940 442 1016 usque
457 914 570 1014 probe
586 912 775 986 eliciatur:
801 909 1007 1008 inaequoles
1029 913 1124 985 enim
1155 938 1215 986 su·

131 1036 249 1122 dores,
273 1043 312 1107 et
338 1026 569 1128 quarundam
598 1034 748 1098 tantum
776 1022 953 1122 partium,
989 1046 1070 1096 raro
1095 1022 1217 1099 ullum

135 1145 307 1220 morbum
325 1140 484 1216 solvunt.

185 1276 294 1331 uon.
320 1249 541 1327 Cavendum
572 1275 595 1324 a
622 1247 739 1323 nimio
764 1245 892 1333 miore,
919 1248 1001 1321 sive
1018 1248 1121 1335 aeris,
1146 1250 1219 1323 sire

136 1366 305 1452 vestitus,
322 1364 402 1437 sive
417 1372 539 1461 potus,
557 1362 636 1436 sive
651 1359 1011 1434 medicamentorum
1029 1384 1117 1458 quoe
1128 1362 1219 1435 inter

138 1476 352 1552 sudandum
382 1484 605 1558 sumuntur;
629 1471 694 1547 teli
723 1473 823 1545 enim
852 1471 997 1547 auxilio
1024 1497 1107 1547 raro
1133 1498 1218 1573 opus

139 1597 206 1676 est,
231 1611 354 1686 neque
378 1610 523 1687 semper
551 1595 637 1661 tuto
661 1584 867 1659 adhibetur.
931 1585 1100 1661 Sudores
1125 1589 1216 1660 enim

141 1723 208 1799 per
224 1699 380 1775 calorem
398 1697 536 1773 extorti
552 1721 632 1771 raro
647 1707 812 1796 prosunt,
836 1713 875 1772 et
901 1698 1003 1773 dulor
1031 1699 1072 1773 in
1101 1700 1217 1774 multis

142 1811 281 1888 morbis
297 1812 492 1910 insigniter
508 1818 625 1887 nocet

196 1946 323 1999 mmm.
347 1923 566 1998 Cavendum
595 1947 745 2023 quoque
761 1948 783 1997 a
798 1922 942 2022 frigore,
958 1944 1041 1998 non
1058 1924 1156 2000 inter
1168 1949 1217 2000 su·

143 2033 312 2108 dandum
330 2034 453 2120 modo,
471 2035 534 2110 sed
544 2035 759 2135 aliquandiu
772 2047 854 2136 post
866 2037 1024 2112 finitum
1038 2040 1216 2123 sudorem;

144 2143 281 2220 soiiioet
297 2147 400 2245 quod
424 2154 527 2236 tuno,
551 2149 692 2223 ratione
720 2149 874 2223 minime
902 2150 1075 2239 obscura,
1101 2164 1217 2251 preter

145 2256 297 2335 solitum
315 2260 558 2360 periculosum
576 2272 643 2349 est,
668 2269 714 2337 ut
736 2260 848 2336 multi
875 2263 944 2363 qui
976 2264 1172 2339 credebant
1186 2287 1218 2337 re

31 2438 37 2447 .
147 2393 214 2470 per
229 2371 373 2450 bonum
397 2373 572 2451 sudorem
598 2373 712 2453 fuisse
740 2383 893 2466 sanam,
919 2375 1130 2456 miserrime
1143 2388 1219 2455 suut

148 2485 301 2587 experti.
