2678 4794
73 464 77 470 ,
139 425 212 492 230
533 433 797 490 consracrcs.
970 484 973 489 .
1022 435 1109 490 ear.
1127 435 1213 490 xxr.

141 623 179 686 ta
208 639 295 688 vero
322 620 438 699 aetate,
464 611 683 708 plerumque
711 610 804 682 circa
833 607 1019 681 decimum
1040 621 1217 706 quartum

139 750 289 812 amium,
318 747 436 821 quum
460 722 538 818 jam
566 746 745 822 compago
772 722 928 820 corporis
948 721 1087 795 firmior
1111 723 1218 807 facta,

138 847 340 934 partesque,
369 844 414 907 ut
430 833 586 921 videtur,
603 834 772 934 quaedam
790 833 835 906 ad
846 833 987 929 justam
1004 834 1157 906 formam
1176 842 1216 906 et

139 946 434 1046 magnitudinem
469 947 814 1044 appropinquantes,
849 946 1033 1044 sanguinis
1067 969 1219 1018 cursum

137 1058 208 1131 alio
224 1058 401 1156 dirigunt,
418 1082 552 1155 organa
570 1056 743 1154 genitalia
760 1057 960 1130 masculina
976 1056 1076 1153 prius
1103 1058 1218 1132 inuti·

136 1170 194 1256 lia,
212 1178 250 1242 et
265 1194 386 1267 parva,
405 1180 443 1242 et
459 1169 568 1255 lente,
586 1180 744 1268 prorata
764 1178 912 1243 tantum
930 1182 1044 1266 parte,
1063 1193 1150 1242 cum
1164 1194 1220 1242 re-

135 1280 239 1379 liquo
255 1305 407 1379 corpore
435 1282 643 1367 crescentia,
670 1290 865 1364 mutantur
880 1281 1015 1366 subito,
1040 1290 1217 1369 crescunt,

136 1404 173 1465 et
212 1393 447 1480 evolvuntur,
488 1394 536 1468 ad
572 1393 716 1492 propria
751 1417 904 1468 munera
940 1392 1071 1466 idonea
1111 1392 1214 1468 facta

136 1503 237 1577 Tum
263 1506 379 1603 pubes
405 1506 519 1591 venit,
545 1530 744 1602 semenque
761 1504 978 1580 seecundum
1006 1506 1215 1593 secernitur,

135 1615 240 1712 cujus
267 1616 417 1691 stimulo
453 1616 656 1691 adolescens
682 1617 727 1688 ad
752 1628 854 1715 grata
880 1618 1036 1691 Veneris
1063 1641 1216 1692 munera

135 1729 321 1805 incitatur.
428 1798 431 1802 .

62 1878 64 1882 v
185 1866 377 1917 nectum.
404 1843 491 1915 Hoc
508 1842 658 1917 stimulo
675 1867 784 1942 quem
803 1842 922 1916 multa
932 1842 1079 1938 juvant,
1096 1841 1216 1917 multa

133 1965 284 2050 augent,
302 1954 475 2027 nimirum
495 1980 579 2053 quae
603 1955 902 2055 imaginationem
921 1955 1138 2043 accendunt,
1163 1980 1214 2029 se-

133 2065 298 2138 cundum
317 2090 511 2141 consensus
538 2067 646 2166 leges,
673 2068 859 2167 sanguinis
887 2091 1012 2141 cursus
1040 2066 1214 2167 genitalia

133 2199 268 2274 organa
284 2202 409 2252 versus
426 2191 593 2278 augetur,
623 2205 699 2278 quo
715 2180 865 2255 tandem
885 2182 1064 2278 sanguine
1094 2181 1212 2280 copio

132 2288 225 2362 siore
242 2313 306 2388 per
323 2291 468 2365 arterias
485 2290 676 2381 influente,
695 2316 806 2392 quam
821 2317 886 2391 per
898 2312 1010 2366 venas
1025 2288 1213 2368 reducitur

133 2399 368 2501 (ccccxxn),
393 2403 533 2503 inguen
560 2414 691 2492 tumet,
717 2405 823 2504 riget,
857 2415 895 2477 et
924 2404 1028 2503 glans
1058 2406 1211 2480 demum

129 2511 293 2610 plurimo
319 2517 498 2614 sanguine
526 2515 676 2616 turgida
692 2516 943 2591 acutissimum
962 2540 1112 2591 sensum
1139 2518 1212 2591 adi·

131 2625 285 2721 piscitur
302 2626 463 2716 (exam,
480 2638 627 2727 ccxx),
652 2629 704 2703 ita
720 2640 765 2731 ut
780 2629 871 2702 levis
898 2628 1063 2726 ejusdem
1090 2628 1211 2705 titilla-

131 2734 196 2819 tio,
213 2737 330 2831 qualis
343 2738 382 2810 in
393 2738 540 2813 Venere
551 2741 672 2827 fuerit,
683 2739 1050 2814 vehementissimum
1065 2765 1208 2817 sensum

130 2850 169 2914 et
198 2844 429 2944 voluptatem
456 2851 530 2936 det,
560 2860 760 2949 tuumque
782 2874 910 2950 genus
931 2877 1129 2929 nervosam
1145 2854 1209 2929 mi-

126 2977 212 3029 rum
239 2956 277 3027 in
306 2957 460 3031 modum
492 2958 685 3048 convellat,
717 2961 977 3063 musculosque
1008 2967 1208 3065 proesertim

130 3064 279 3154 vicinos,
309 3065 489 3144 levatores
504 3095 571 3145 aaa
565 3070 715 3161 dictos,
739 3074 787 3148 ad
802 3078 1092 3153 contractionem
1108 3080 1208 3180 cisat,

129 3201 205 3276 qua
232 3180 381 3254 tandem
412 3183 680 3281 compressione
695 3187 865 3262 vesiculae
894 3190 1095 3280 seminales,
1125 3192 1208 3266 duc·

129 3303 265 3389 tusque
282 3292 484 3368 deferentes
501 3297 886 3399 exprimunturatque
902 3302 1111 3401 deplentur.
1150 3303 1208 3379 Se-

127 3423 216 3474 men
242 3430 402 3530 quoque,
432 3418 476 3481 ut
493 3408 651 3498 videtur,
681 3412 808 3486 eodem
838 3422 1004 3513 tempore
1021 3416 1211 3516 copiosius

126 3510 168 3583 in
180 3513 270 3610 ipsis
288 3512 442 3594 testibus
459 3522 669 3611 secernitur,
699 3548 764 3622 per
785 3535 931 3599 auctam
949 3528 1135 3603 actionem
1151 3550 1209 3603 va·

128 3646 251 3699 sorum
269 3651 354 3725 quae
370 3655 432 3705 eos
449 3633 613 3709 maxima
629 3659 677 3709 ex
694 3645 796 3732 parte
811 3635 1001 3724 efficiunt;
964 3649 1072 3714 tet
1088 3665 1137 3715 ex
1153 3640 1210 3714 his

125 3734 166 3809 in
192 3738 386 3815 aretlram
413 3744 640 3822 effunditur:
665 3747 728 3821 ibi
737 3771 821 3822 vero
837 3749 898 3823 vel
913 3759 1011 3824 recta
1039 3776 1093 3828 ex
1110 3752 1209 3827 testi

124 3845 205 3935 bus,
235 3843 294 3923 vel
321 3876 368 3926 ex
399 3857 568 3932 vesicnlis
598 3857 842 3949 seminalibus,
870 3861 1040 3951 effusum,
1068 3886 1208 3941 novum

124 3956 188 4040 dat
217 3962 423 4054 stimulum,
457 3971 517 4043 cui
548 3969 736 4045 musculus
765 3971 991 4048 acceleratur
1019 3975 1208 4073 paratio

123 4070 309 4146 reddenda
325 4077 430 4150 urina
448 4079 653 4157 voluntarii
661 4094 797 4171 motus,
814 4084 854 4158 in
871 4086 1092 4184 expellendo
1103 4087 1209 4164 semi

121 4205 169 4255 ne
185 4184 294 4260 inviti
322 4199 442 4265 motus
469 4216 660 4290 organum,
690 4194 795 4292 eujus
818 4198 1067 4274 contractione
1085 4199 1206 4276 valida

123 4301 161 4368 et
176 4298 355 4398 repetita,
370 4324 495 4381 semen
513 4304 664 4383 tandem
687 4305 831 4407 ejicitur
846 4310 983 4410 insigni
998 4312 1050 4401 vi,
1067 4322 1214 4415 quanta.
