2678 4794
128 349 215 406 oar.
232 348 385 406 xxxnt
437 344 658 404 aramenus
684 343 973 406 monument.
1133 333 1204 410 461

129 552 255 603 earum
272 527 421 614 viribus,
438 524 575 626 quibus
592 524 702 601 variis
727 524 873 614 morbis,
900 524 1056 626 aliisque
1080 526 1211 603 debili-

129 643 215 715 tatis
241 639 367 728 oausis,
391 638 539 714 obviam
566 648 674 715 eant:
712 663 802 715 nam
828 664 955 715 omnes
984 639 1060 715 fere
1088 641 1209 716 morbi

131 764 319 852 atcunque
359 763 489 827 caetera
529 752 676 840 diversi,
719 753 790 828 hoc
830 776 1030 829 commune
1067 753 1207 829 habent

129 858 373 963 (cconxxx),
398 865 501 965 quod
542 864 772 941 debilitatem
813 865 974 966 aliquam
1017 865 1207 952 efficiant:

128 978 337 1076 eujusmodi
369 977 551 1051 eximium
584 979 800 1078 exeanplum
835 985 912 1053 'esse
940 987 1063 1077 potest
1090 977 1209 1051 nimia

128 1090 317 1190 sanguinis
333 1089 558 1164 abundantia
575 1090 721 1190 (nxrv).
770 1090 838 1166 Nil
854 1092 990 1166 mirum
1009 1092 1135 1191 igitur,
1151 1112 1206 1163 re·

128 1202 252 1276 media
267 1227 353 1302 quae
368 1201 469 1275 iliam
495 1201 587 1279 adeo
614 1200 808 1276 effioaoiter
835 1203 1019 1291 minuant,
1044 1202 1210 1300 aliosque

128 1313 275 1388 morbos
301 1312 496 1387 sublevent
513 1309 573 1389 vel
596 1322 867 1401 summoveant,
891 1315 1073 1391 debilitati
1101 1312 1209 1411 eujus

128 1448 204 1498 non
221 1422 290 1499 alia
307 1434 401 1498 esset
417 1425 531 1524 origo,
556 1424 699 1523 optime
721 1447 918 1515 ooourrere,
943 1427 1115 1525 quamvis
1131 1448 1208 1499 oor·

127 1561 199 1636 pus
215 1537 379 1634 alioquin
397 1535 561 1611 multum
574 1534 813 1612 infirmatura.

178 1670 341 1723 siccem.
359 1648 465 1723 Hine
480 1673 589 1747 porro
605 1649 774 1748 sequitur
795 1648 1075 1738 exinanitiones,
1099 1673 1209 1749 prop·

127 1770 184 1836 ter
196 1760 348 1834 effectus
377 1785 461 1835 suos
490 1760 735 1849 debilitantes,
759 1760 880 1835 forsan
911 1760 1022 1835 etiam
1052 1772 1091 1835 et
1120 1761 1211 1834 alios

127 1875 194 1947 vix
211 1873 361 1945 minoris
376 1873 558 1947 momenti
575 1871 642 1971 qui
658 1871 706 1947 ab
722 1872 766 1946 iis
784 1871 982 1970 pendeant,
999 1873 1070 1946 nisi
1087 1895 1209 1947 neees-
1296 1880 1300 1889 '

128 1986 229 2058 sariae
259 1983 408 2070 fuerint,
446 1982 521 2057 fere
546 2008 690 2082 semper
718 1985 936 2083 pemiciosas
961 1983 1050 2072 fore,
1086 1986 1138 2058 ita
1165 1993 1213 2060 ut

127 2096 231 2194 quod
246 2095 332 2170 olim
350 2091 397 2168 de
414 2118 491 2168 uno
507 2116 642 2192 genere
659 2118 784 2168 eanrm
805 2095 935 2171 Cedens
959 2097 1102 2195 optime
1132 2120 1209 2170 mo·

127 2208 223 2296 nuit,
255 2207 302 2281 de
331 2206 504 2281 omnibus
531 2206 719 2278 verissime
747 2207 936 2303 praedioari
962 2210 1089 2304 possit,
1114 2209 1209 2284 Non

125 2343 270 2420 semper
284 2317 402 2418 oegra‘s
416 2315 602 2416 prodesse,
627 2338 772 2416 semper
797 2317 903 2392 sortis
931 2341 1074 2393 nocere.
1126 2319 1208 2392 Me-

126 2434 242 2506 moria
269 2433 387 2530 igitur
411 2453 556 2527 semper
581 2438 706 2501 tenere
733 2438 889 2527 oportet,
915 2427 1087 2503 remediis
1116 2429 1209 2506 adeo

126 2543 256 2618 validis
273 2567 348 2618 non
367 2551 505 2615 temere
521 2564 599 2614 esse
628 2539 846 2615 ludendum.
896 2538 1092 2627 Remedia,
1118 2565 1207 2640 qua-

125 2656 324 2754 liacunque
334 2653 484 2741 fuerint,
501 2652 567 2726 ubi
579 2650 690 2726 nullis
703 2676 796 2751 opus
811 2662 876 2740 est,
893 2651 1077 2740 adhibere,
1095 2676 1208 2751 prava

125 2778 192 2855 est,
210 2777 249 2840 et
261 2766 482 2865 plerumque
492 2763 706 2863 perniciosa,
723 2763 976 2867 eonsuetudot
1003 2763 1130 2838 Multa
1146 2788 1208 2839 ve-
1225 2780 1233 2795 ·

123 2906 167 2956 ro
183 2904 231 2953 ex
250 2877 525 2953 medicamentis
547 2876 627 2974 jam
645 2876 715 2950 sub
732 2878 841 2951 variis
858 2876 1040 2975 (apitibns
1056 2900 1208 2952 enome-

124 2994 224 3080 ratis,
248 2991 340 3065 adeo
357 2991 464 3064 mitia
479 2998 518 3063 et
535 3012 630 3089 pene
657 2989 789 3065 inertia
818 2999 917 3079 sunt,
942 2999 988 3064 ut
1017 2989 1083 3064 diu
1112 3014 1209 3091 saepe

123 3105 205 3178 sine
220 3127 358 3202 magno
374 3100 611 3177 incommodo
627 3110 694 3177 aut
710 3101 883 3201 periculo,
909 3101 969 3177 vei
995 3103 1101 3203 aegris
1118 3104 1208 3193 dari,

125 3216 223 3289 vela
241 3218 335 3290 sanis
353 3216 531 3315 usurpari,
556 3217 708 3314 possint,
734 3216 904 3314 quamvis
920 3216 1033 3289 etiam
1050 3216 1208 3289 minime

126 3328 323 3402 necessaria
340 3327 505 3403 fuissent.
556 3322 841 3403 Exinanitiones
871 3353 960 3402 vero
989 3327 1138 3427 gravius
1167 3335 1208 3403 et

126 3442 343 3539 praesentius
359 3439 565 3539 perieulum
578 3464 702 3517 seeum
720 3441 892 3530 afferunt,
917 3451 955 3514 et
973 3439 1148 3538 majorem
1166 3439 1206 3514 in

126 3553 417 3628 administrando
434 3551 668 3651 prudentiam
685 3555 901 3652 requirnnt;
927 3553 1075 3653 aegrotis
1099 3563 1208 3628 caute

125 3664 410 3764 praeson'bendae,
436 3673 474 3738 et
491 3664 586 3738 sanis
609 3688 754 3765 semper
782 3665 1043 3765 prohibendae:
1070 3667 1207 3766 scilieet

126 3802 212 3875 qnae
243 3776 282 3850 in
316 3777 425 3851 variis
458 3776 595 3851 morbis
627 3776 891 3876 intempestive
923 3776 1039 3866 faotae,
1077 3777 1206 3852 multis

126 3890 234 3988 aegris
251 3894 399 3963 tantum
417 3889 521 3987 quasi
537 3898 679 3987 puncto
706 3891 882 3989 temporis
905 3890 1038 3965 inferre
1064 3891 1206 3989 possint

126 4001 406 4087 detrimentum,
442 4011 626 4101 quantum
656 4020 780 4100 neque
805 4002 1033 4077 medicorum
1062 4002 1204 4100 peritis,

126 4137 251 4212 neque
264 4113 616 4188 medimmentomm
630 4114 736 4201 vires,
753 4123 877 4213 postea
890 4137 1125 4214 compensare
1141 4138 1205 4212 po-

127 4225 291 4312 tuerint;
315 4234 355 4299 et
371 4226 410 4299 in
428 4227 522 4302 sanis
539 4226 722 4304 institutse
736 4226 879 4327 aliquid
904 4251 1049 4326 semper
1064 4224 1205 4302 viribus
