2678 4794
123 311 209 378 cup,
225 307 310 362 xrv.
356 274 360 281 ’
400 300 622 356 usurarum
641 299 929 356 rnsoaamcrn.
1128 293 1200 367 127

131 482 331 563 muralibus
353 482 394 553 in
419 479 542 555 uarum
568 490 606 553 et
634 477 846 554 auriculam
874 477 1068 564 sinistram,
1096 470 1201 579 cujus
1273 576 1275 581 .

132 597 374 675 contractione
390 595 430 666 in
448 591 694 667 uentriculum
712 590 878 689 ejusdem
896 590 1018 665 lateris
1034 593 1202 690 propelli.

132 724 197 788 tur.
248 709 339 783 Hoc
355 706 509 779 demum
526 729 564 777 se
580 705 832 793 contrahente,
850 705 999 803 sanguis
1014 703 1203 802 insignivi

128 825 280 922 ejicitur,
307 832 345 893 et
372 820 411 891 in
438 826 583 891 aortom
611 819 839 904 immittitur,
864 816 921 914 cuj
929 840 969 889 us
1000 816 1202 892 innumeris

129 936 233 1010 ramis
250 935 300 1007 ad
326 955 454 1005 omnes
476 932 634 1029 corporis
661 941 780 1028 partes
807 930 980 1015 defertur,
1005 952 1071 1027 per
1092 951 1204 1004 venas

130 1046 262 1121 sodales
279 1047 320 1118 in
337 1068 466 1119 cauom
478 1054 517 1116 et
532 1041 743 1117 macuculam
760 1043 928 1117 dextram
945 1041 1063 1115 cordis
1078 1040 1206 1116 denuo

132 1158 367 1233 reducendus.

178 1294 361 1345 ccccxrv.
385 1269 504 1343 Hunc
520 1291 668 1342 cursum
681 1268 883 1342 ostendunt
895 1266 1013 1342 valvae
1029 1267 1068 1342 in
1085 1267 1204 1356 corde,

83 1395 86 1399 ’
139 1390 173 1455 et
197 1383 239 1454 in
263 1383 361 1455 ostiis
390 1382 605 1455 artedunum
630 1391 668 1453 et
693 1381 730 1453 in
749 1381 853 1454 venis
877 1381 1017 1480 positae,
1042 1379 1203 1455 reditum

142 1494 316 1592 sanguinis
331 1494 587 1593 prohibentes;
613 1492 746 1567 docent
758 1515 908 1592 quoque
927 1491 1092 1592 ligaturae
1102 1492 1206 1564 venis

140 1605 192 1678 vel
206 1607 342 1680 arteriis
359 1606 550 1704 impositae,
576 1630 662 1704 quae
687 1606 751 1680 has
775 1605 878 1693 citra,
902 1605 980 1678 illas
996 1603 1094 1678 ultra
1117 1603 1206 1702 liga·

137 1727 248 1791 turam
266 1728 411 1792 tumere
426 1718 587 1791 faciunt:
615 1717 786 1816 denique,
803 1717 864 1790 hic
876 1739 1002 1790 cursm
1019 1715 1208 1813 sanguinis

135 1829 169 1903 in
184 1828 375 1929 pellucidis
393 1828 612 1904 animalibus
629 1828 733 1904 facile
749 1829 983 1930 conspicitur.

178 1965 347 2017 ccccxm
375 1941 547 2015 Multum
558 1965 646 2015 vero
662 1943 764 2015 abest
781 1950 824 2015 ut
842 1940 910 2014 hoc
926 1939 1054 2012 ordine
1071 1937 1208 2036 singuli

137 2054 243 2129 cordis
270 2053 404 2129 sacculi
429 2078 506 2127 sese
530 2055 765 2139 contrahant;
803 2054 998 2152 utriusque
1023 2047 1207 2132 auricula

136 2168 328 2240 contractio
357 2165 488 2239 eodem
516 2175 683 2264 tempore
707 2166 904 2264 perficitur,
929 2164 1092 2238 relaxato
1116 2174 1210 2237 tunc

136 2289 289 2378 utroque
306 2274 536 2360 venturum
562 2277 657 2351 ethi
683 2301 807 2351 rursus
832 2277 962 2350 eodem
987 2285 1154 2373 tempore
1170 2297 1209 2347 se

136 2390 363 2476 contrahunt,
389 2387 575 2464 curriculis
592 2388 703 2463 simul
719 2387 898 2462 relaxatis.

176 2525 365 2578 ccccxvl.
393 2503 439 2575 In
458 2500 699 2584 moribundis,
717 2495 948 2573 uentriculus
972 2496 1117 2568 sinister
1137 2499 1210 2594 pri-

134 2636 189 2690 ruo
205 2615 375 2714 quiescit,
400 2613 536 2687 deinde
552 2609 728 2685 auricula
757 2610 920 2709 ejusdem
951 2608 1095 2681 lateris:
1130 2631 1209 2681 san-

134 2727 242 2825 guine
258 2725 395 2801 scilicet
424 2728 473 2798 ob
502 2724 689 2799 delectum
716 2724 867 2824 spiritus
883 2722 989 2820 quasi
1005 2720 1146 2809 effoeto,
1171 2731 1211 2794 et

101 2828 106 2839 ’
135 2841 271 2936 parcius
289 2839 409 2912 forsan
425 2862 492 2937 per
503 2837 719 2936 pulmonem
731 2836 812 2934 jam
830 2834 1058 2908 transmisso:
1084 2843 1211 2931 postea

135 2949 359 3026 ventriculus
387 2950 527 3038 dexter,
556 2950 688 3024 ultima
716 2946 892 3023 auricula
920 2946 1050 3020 dextra
1075 2945 1210 3019 desinit

135 3064 350 3137 contrahere.
394 3063 500 3137 Hinc
516 3062 715 3162 aliquando
730 3060 786 3149 fit,
803 3070 848 3137 ut
861 3060 1010 3159 sanguis
1027 3083 1092 3158 per
1108 3081 1209 3157 mag-

137 3194 194 3248 nas
208 3199 334 3262 cavos,
351 3173 608 3250 ascendentem
619 3184 659 3249 et
671 3173 965 3259 descendentem,
979 3170 1210 3269 aliquatenus

139 3285 246 3360 redire
260 3297 427 3386 cogatur,
452 3295 493 3359 et
508 3286 626 3359 levem
644 3288 682 3360 in
700 3286 745 3359 iis
762 3296 907 3359 motum
926 3283 1070 3356 efficiat.
1111 3352 1112 3356 ,

182 3420 381 3475 ccccxvn.
408 3398 456 3472 In
473 3398 580 3485 foetu,
605 3399 671 3496 qui
688 3422 823 3496 nempe
846 3395 1013 3470 nondum
1039 3394 1211 3492 spiritum

138 3514 293 3599 traxerit,
318 3512 405 3586 alias
436 3523 476 3584 et
503 3510 613 3611 longe
640 3511 799 3584 diversas
815 3511 893 3584 vias
920 3506 1068 3607 sanguis
1096 3504 1210 3606 legitz

137 3622 312 3722 imprimis
328 3647 464 3727 magna
491 3648 572 3722 pars
602 3624 790 3723 sanguinis
810 3622 952 3696 arteriae
972 3616 1211 3720 pulmoaclis,

136 3756 156 3805 a
180 3735 358 3834 pulmone
387 3758 511 3808 aversa
536 3735 727 3826 (nimirum
753 3735 819 3832 qui
844 3733 1013 3808 nondum
1038 3730 1211 3805 evolutus

137 3853 277 3921 tanturn
297 3870 437 3945 penum
456 3846 643 3945 sanguinis
660 3847 821 3944 accipere
837 3847 984 3943 nequit)
1010 3867 1075 3941 per
1099 3865 1211 3915 cona·

138 3952 200 4031 lem
216 3958 440 4034 arteriarum
456 3959 496 4032 in
513 3966 658 4034 aortom
675 3958 823 4033 transit:
862 3969 946 4030 tum
972 3977 1106 4053 magna
1131 3973 1213 4049 pars

139 4070 320 4167 sanguinis
336 4078 453 4144 uortoe
469 4095 534 4169 per
550 4070 697 4144 arterias
708 4066 988 4145 umbilicolesad
1000 4063 1211 4165 placentum

140 4177 297 4259 defertur
311 4211 319 4266 ;
344 4182 431 4256 inde
447 4207 513 4282 per
526 4207 659 4258 venam
672 4179 912 4259 umbilicolem
928 4177 1060 4262 redux,
1077 4168 1210 4271 partim
