2678 4794
94 390 183 444 exr.
200 389 356 443 xxxnr.
407 385 628 445 nnmerum
646 388 935 444 nnsonsmcm.
1102 381 1173 448 455

94 568 209 655 desse,
233 577 371 641 oertum
389 574 427 638 et
443 564 678 663 perspicuum
694 574 773 650 est;
798 566 969 665 quamvis
991 567 1050 640 hae
1075 593 1166 667 quo·
1206 572 1210 580 '

20 669 25 675 ’
93 703 171 775 que
185 679 263 752 aliis
279 702 400 777 neque
416 677 564 752 fortasse
586 679 738 752 minoris
763 680 944 759 momenti
971 680 1097 775 usibus
1125 683 1166 755 in

93 792 201 864 variis
218 791 350 865 morbis
365 790 574 865 inserviant.
624 790 689 864 De
705 790 761 865 his
777 793 929 891 quidem
959 792 1063 867 facile
1088 804 1165 882 est3

91 901 140 975 de
156 903 233 976 aliis
251 927 337 976 vero
353 901 676 990 exinanitionibus,
701 904 819 979 veluti
836 929 901 1003 per
917 907 1073 994 urinam,
1099 915 1166 980 aut

92 1015 275 1102 sudorem,
300 1025 366 1089 aut
382 1014 569 1112 sanguinis
585 1013 858 1105 detractionem,
885 1019 948 1091 &o
974 1017 1165 1093 intellectu

93 1127 363 1214 difficillimum,
388 1137 427 1201 et
453 1149 537 1200 sane
554 1150 699 1224 prorsus
716 1129 937 1218 incredibile,
954 1154 1023 1218 eas,
1040 1131 1166 1204 relicte

90 1262 188 1325 sana,
214 1240 420 1313 morbosam
437 1248 584 1311 tanturn
602 1238 802 1314 humorum
819 1252 960 1339 partem
977 1267 1163 1318 evacuare.

92 1350 228 1447 Neque
246 1351 365 1424 ullum
380 1351 493 1424 alium
512 1349 687 1425 effectum
702 1353 749 1425 ab
765 1375 888 1426 earum
900 1380 971 1428 usu
983 1356 1021 1429 in
1032 1354 1167 1429 humo·

92 1463 195 1536 ribus
210 1471 402 1561 expectare
418 1487 484 1561 par
499 1472 593 1537 esset
608 1487 722 1561 quarn
744 1463 1032 1539 diminutionem
1050 1467 1165 1565 pleni-

91 1574 243 1662 tudinis,
280 1600 364 1672 quae
392 1576 591 1649 diminutio
618 1576 808 1650 interdum
838 1575 951 1664 utilis,
976 1578 1167 1652 interdum

90 1688 291 1784 perniciosa
307 1689 409 1760 foret.
461 1687 548 1761 Non
567 1698 689 1761 tamen
706 1689 842 1763 ideireo
857 1689 1082 1764 eredendum
1099 1700 1166 1775 est,

90 1799 204 1872 varias
221 1800 487 1873 exinanitiones
506 1798 571 1873 hac
588 1799 663 1874 sola
678 1802 819 1876 ratione
829 1802 1008 1901 prodesse,
1026 1810 1165 1876 sumet

91 1913 184 1985 ratio
200 1922 239 1985 et
255 1912 481 2009 experientia
497 1912 692 1987 ostendant
716 1937 777 1988 eas
801 1915 840 1986 in
870 1914 999 1988 multis
1029 1913 1167 1987 morbis

89 2022 180 2109 aliis,
205 2035 243 2096 et
259 2048 343 2097 sane
359 2023 641 2121 longediversis,
660 2026 776 2099 modis
793 2025 903 2099 utiles
920 2025 1009 2100 fieri.
1061 2025 1166 2113 Quo·

88 2135 184 2208 ciros
198 2145 343 2234 oportet
359 2137 522 2208 animum
540 2136 729 2211 attendere
738 2137 785 2211 ad
799 2138 917 2212 varios
929 2163 1022 2234 quos
1039 2161 1165 2213 revera

88 2247 129 2320 in
147 2271 294 2347 corpore
311 2249 475 2321 humano
491 2258 665 2345 praestent
680 2247 844 2335 effeetus,
870 2271 944 2346 quo
961 2248 1093 2321 melius
1109 2250 1164 2322 in·

89 2358 304 2459 telligantur
320 2383 445 2434 earum
465 2383 552 2433 usus
568 2372 607 2432 et
624 2360 901 2435 administratio.

138 2494 330 2547 mcccxni.
358 2471 543 2570 Imprimis
557 2471 672 2569 igitur
689 2473 797 2546 variae
822 2471 1092 2545 exinanitiones
1109 2472 1162 2545 di·
1263 2538 1269 2556 -.

87 2585 234 2660 minuta
250 2586 452 2660 humorum
469 2584 779 2659 circumeuntium
796 2585 902 2683 eopia
929 2584 968 2656 in
996 2582 1165 2682 plurimis

88 2699 224 2772 morbis
241 2696 351 2773 utiles
368 2707 464 2771 sunt.
517 2695 699 2770 Nonnulli
723 2697 823 2769 enirn
853 2695 972 2769 morbi
1001 2721 1023 2768 a
1051 2696 1166 2768 nimia

88 2809 289 2885 humorum
306 2811 532 2884 abundantia
549 2810 686 2901 (nxrrr,
703 2817 801 2907 nxv)
819 2809 890 2882 toti
914 2807 1101 2906 pendent;
1126 2816 1166 2880 et

86 2914 291 2998 inultorum
310 2923 517 3020 etquidem
534 2923 705 3021 gravium
723 2921 805 2995 talis
821 2920 1015 3020 plenitudo
1027 2944 1108 3017 pars
1125 2929 1164 2993 et
1239 2952 1243 2960 ·

87 3057 222 3133 magna
238 3036 363 3111 saltem
382 3046 549 3135 exparte
567 3059 673 3108 eausa
689 3058 841 3133 quoque
869 3034 1005 3107 existit.
1058 3032 1164 3130 Saepe

87 3149 201 3223 etiam
218 3174 301 3224 curn
320 3150 358 3222 id
375 3150 512 3223 vitium
542 3148 648 3233 adsit,
673 3147 844 3245 quamvis
875 3147 1027 3221 minime
1054 3166 1162 3217 causa

86 3259 215 3336 suisset
231 3263 351 3335 morbi
367 3262 433 3359 qui
452 3273 593 3359 urgeat,
619 3269 744 3333 tamen
771 3260 866 3333 vires
895 3257 1049 3331 Naturae
1078 3277 1163 3328 oon·

86 3375 296 3448 servatrioes
312 3386 350 3446 et
377 3372 550 3446 salutares
577 3373 629 3445 ita
653 3371 812 3470 impedit
840 3380 879 3444 et
905 3368 1092 3466 opprimit,
1118 3371 1162 3439 ut

85 3485 134 3558 ad
151 3484 369 3559 solvendum
388 3486 559 3558 morbum
583 3507 659 3556 non
675 3483 841 3568 valeant3
866 3493 905 3556 et
920 3482 961 3554 in
977 3481 1047 3554 hoo
1064 3487 1164 3582 statu
1192 3504 1197 3515 ·

84 3599 320 3696 perspicuum
343 3607 400 3670 est
428 3596 599 3670 morbum
628 3619 693 3692 per
718 3596 867 3669 idoneas
894 3584 1162 3666 exinanitiones

84 3718 152 3784 aut
168 3733 313 3808 prorsus
331 3720 501 3783 sanatum
518 3707 573 3793 iri,
599 3720 664 3780 aut
682 3706 810 3781 saltem
829 3706 1027 3779 sublevatis
1043 3715 1082 3777 et
1099 3696 1163 3776 exl

84 3822 219 3920 peditis
248 3819 441 3896 salutiferis
466 3818 537 3893 illis
553 3830 695 3894 naturae
710 3818 862 3904 viribus,
892 3815 1066 3893 leviorem
1090 3814 1161 3887 fao·

83 3947 169 4008 tum
186 3935 242 4022 iri,
268 3944 306 4007 et
323 3941 452 4006 sanatu
470 3930 676 4006 faciliorem.

134 4068 344 4121 mcccxnn.
362 4046 525 4120 Prosunt
543 4065 695 4142 quoque
712 4042 822 4116 variae
837 4041 1106 4116 exinanitiones
1122 4037 1163 4111 in

80 4155 212 4232 'multis
230 4158 376 4244 morbis,
404 4157 537 4257 majore
554 4156 754 4256 sanguinis,
784 4154 901 4229 forsan
920 4154 1031 4227 etiam
1050 4159 1089 4224 et
1105 4149 1162 4222 vis

84 4294 263 4359 nervoso,
299 4271 524 4347 derivatione
552 4269 648 4347 iacta
674 4294 734 4347 eas
760 4281 882 4371 partes
907 4289 1035 4344 sersus
1062 4259 1163 4341 unde
