<?xml version="1.0" encoding="UTF-8"?>
<!DOCTYPE html PUBLIC "-//W3C//DTD XHTML 1.0 Transitional//EN"
    "http://www.w3.org/TR/xhtml1/DTD/xhtml1-transitional.dtd">
<html xmlns="http://www.w3.org/1999/xhtml" xml:lang="en" lang="en">
 <head>
  <title>
</title>
<meta http-equiv="Content-Type" content="text/html;charset=utf-8" />
  <meta name='ocr-system' content='tesseract 3.04.00' />
  <meta name='ocr-capabilities' content='ocr_page ocr_carea ocr_par ocr_line ocrx_word'/>
</head>
<body>
  <div class='ocr_page' id='page_1' title='image "./conspectusmedic01greggoog_0111.png"; bbox 0 0 2678 4794; ppageno 0'>
   <div class='ocr_carea' id='block_1_1' title="bbox 122 310 1197 383">
    <p class='ocr_par' dir='ltr' id='par_1_1' title="bbox 122 310 1197 383">
     <span class='ocr_line' id='line_1_1' title="bbox 122 310 1197 383; baseline -0.001 -8"><span class='ocrx_word' id='word_1_1' title='bbox 122 310 170 375; x_wconf 84' lang='lat'>58</span> <span class='ocrx_word' id='word_1_2' title='bbox 543 323 792 378; x_wconf 77' lang='lat' dir='ltr'>consrucras</span> <span class='ocrx_word' id='word_1_3' title='bbox 1058 324 1197 383; x_wconf 72' lang='lat' dir='ltr'>canu.</span> 
     </span>
    </p>
   </div>
   <div class='ocr_carea' id='block_1_2' title="bbox 1 482 1198 597">
    <p class='ocr_par' dir='ltr' id='par_1_2' title="bbox 1 482 1198 597">
     <span class='ocr_line' id='line_1_2' title="bbox 1 482 1198 597; baseline 0.001 -25"><span class='ocrx_word' id='word_1_4' title='bbox 1 482 3 486; x_wconf 44' lang='grc'>’</span> <span class='ocrx_word' id='word_1_5' title='bbox 123 497 409 596; x_wconf 77' lang='lat' dir='ltr'>Ingravescente</span> <span class='ocrx_word' id='word_1_6' title='bbox 425 497 533 583; x_wconf 84' lang='lat' dir='ltr'>febre,</span> <span class='ocrx_word' id='word_1_7' title='bbox 559 522 656 597; x_wconf 84' lang='lat' dir='ltr'>aeger</span> <span class='ocrx_word' id='word_1_8' title='bbox 673 499 788 596; x_wconf 84' lang='lat' dir='ltr'>magis</span> <span class='ocrx_word' id='word_1_9' title='bbox 820 497 1011 595; x_wconf 85' lang='lat' dir='ltr'><strong>magisque</strong></span> <span class='ocrx_word' id='word_1_10' title='bbox 1039 499 1198 597; x_wconf 85' lang='lat' dir='ltr'>angitur,</span> 
     </span>
    </p>
   </div>
   <div class='ocr_carea' id='block_1_3' title="bbox 121 608 1205 3376">
    <p class='ocr_par' dir='ltr' id='par_1_3' title="bbox 123 608 1201 1238">
     <span class='ocr_line' id='line_1_3' title="bbox 125 608 1197 710; baseline 0.003 -28"><span class='ocrx_word' id='word_1_11' title='bbox 125 609 327 710; x_wconf 86' lang='lat' dir='ltr'>insigniter,</span> <span class='ocrx_word' id='word_1_12' title='bbox 352 618 396 682; x_wconf 93' lang='lat' dir='ltr'>ut</span> <span class='ocrx_word' id='word_1_13' title='bbox 412 617 592 681; x_wconf 71' lang='lat' dir='ltr'><strong>testantur</strong></span> <span class='ocrx_word' id='word_1_14' title='bbox 608 610 751 695; x_wconf 86' lang='lat' dir='ltr'>medici,</span> <span class='ocrx_word' id='word_1_15' title='bbox 777 632 865 682; x_wconf 88' lang='lat' dir='ltr'>mox</span> <span class='ocrx_word' id='word_1_16' title='bbox 880 620 965 681; x_wconf 87' lang='lat' dir='ltr'>ante</span> <span class='ocrx_word' id='word_1_17' title='bbox 991 611 1112 697; x_wconf 88' lang='lat' dir='ltr'>crisin,</span> <span class='ocrx_word' id='word_1_18' title='bbox 1137 608 1197 685; x_wconf 86' lang='lat' dir='ltr'>vel</span> 
     </span>
     <span class='ocr_line' id='line_1_4' title="bbox 125 719 1198 818; baseline -0.001 -23"><span class='ocrx_word' id='word_1_19' title='bbox 125 733 234 796; x_wconf 88' lang='lat' dir='ltr'>nocte</span> <span class='ocrx_word' id='word_1_20' title='bbox 257 744 342 818; x_wconf 87' lang='lat' dir='ltr'>quae</span> <span class='ocrx_word' id='word_1_21' title='bbox 365 742 445 791; x_wconf 86' lang='lat' dir='ltr'>eam</span> <span class='ocrx_word' id='word_1_22' title='bbox 471 719 655 816; x_wconf 75' lang='lat' dir='ltr'>praeoedit,</span> <span class='ocrx_word' id='word_1_23' title='bbox 692 720 809 794; x_wconf 90' lang='lat' dir='ltr'>veluti</span> <span class='ocrx_word' id='word_1_24' title='bbox 843 729 929 792; x_wconf 89' lang='lat' dir='ltr'>ante</span> <span class='ocrx_word' id='word_1_25' title='bbox 963 720 1198 817; x_wconf 82' lang='lat' dir='ltr'>eruptionem</span> 
     </span>
     <span class='ocr_line' id='line_1_5' title="bbox 125 828 1201 932; baseline -0.004 -24"><span class='ocrx_word' id='word_1_26' title='bbox 125 857 233 932; x_wconf 90' lang='lat' dir='ltr'>super</span> <span class='ocrx_word' id='word_1_27' title='bbox 248 842 382 916; x_wconf 86' lang='lat' dir='ltr'>cutem,</span> <span class='ocrx_word' id='word_1_28' title='bbox 399 828 457 902; x_wconf 88' lang='lat' dir='ltr'>vel</span> <span class='ocrx_word' id='word_1_29' title='bbox 475 831 662 928; x_wconf 85' lang='lat' dir='ltr'>sanguinis</span> <span class='ocrx_word' id='word_1_30' title='bbox 678 830 915 928; x_wconf 86' lang='lat' dir='ltr'>profluvium,</span> <span class='ocrx_word' id='word_1_31' title='bbox 940 829 999 904; x_wconf 88' lang='lat' dir='ltr'>vel</span> <span class='ocrx_word' id='word_1_32' title='bbox 1016 831 1201 920; x_wconf 88' lang='lat' dir='ltr'>sudorem,</span> 
     </span>
     <span class='ocr_line' id='line_1_6' title="bbox 126 940 1199 1039; baseline 0.001 -22"><span class='ocrx_word' id='word_1_33' title='bbox 126 943 186 1017; x_wconf 91' lang='lat' dir='ltr'>vel</span> <span class='ocrx_word' id='word_1_34' title='bbox 208 941 281 1014; x_wconf 87' lang='lat' dir='ltr'>alvi</span> <span class='ocrx_word' id='word_1_35' title='bbox 305 940 462 1028; x_wconf 90' lang='lat' dir='ltr'>fluxum,</span> <span class='ocrx_word' id='word_1_36' title='bbox 500 941 625 1038; x_wconf 85' lang='lat' dir='ltr'>quales</span> <span class='ocrx_word' id='word_1_37' title='bbox 661 941 778 1016; x_wconf 87' lang='lat' dir='ltr'>febres</span> <span class='ocrx_word' id='word_1_38' title='bbox 814 941 1011 1039; x_wconf 89' lang='lat' dir='ltr'>aliquando</span> <span class='ocrx_word' id='word_1_39' title='bbox 1036 940 1199 1018; x_wconf 90' lang='lat' dir='ltr'>solvunt.</span> 
     </span>
     <span class='ocr_line' id='line_1_7' title="bbox 123 1052 1201 1152; baseline -0.001 -23"><span class='ocrx_word' id='word_1_40' title='bbox 123 1054 291 1150; x_wconf 85' lang='lat' dir='ltr'>Angitur</span> <span class='ocrx_word' id='word_1_41' title='bbox 308 1077 458 1150; x_wconf 91' lang='lat' dir='ltr'>quoque</span> <span class='ocrx_word' id='word_1_42' title='bbox 474 1077 573 1152; x_wconf 84' lang='lat' dir='ltr'>aeger</span> <span class='ocrx_word' id='word_1_43' title='bbox 588 1078 610 1127; x_wconf 92' lang='lat' dir='ltr'>a</span> <span class='ocrx_word' id='word_1_44' title='bbox 626 1052 771 1152; x_wconf 88' lang='lat' dir='ltr'>repulsa</span> <span class='ocrx_word' id='word_1_45' title='bbox 787 1054 989 1152; x_wconf 80' lang='lat' dir='ltr'>eruptione,</span> <span class='ocrx_word' id='word_1_46' title='bbox 1006 1052 1067 1126; x_wconf 82' lang='lat' dir='ltr'>vel</span> <span class='ocrx_word' id='word_1_47' title='bbox 1084 1064 1201 1128; x_wconf 87' lang='lat' dir='ltr'>trans-</span> 
     </span>
     <span class='ocr_line' id='line_1_8' title="bbox 124 1163 433 1238; baseline 0.006 -2"><span class='ocrx_word' id='word_1_48' title='bbox 124 1164 259 1236; x_wconf 88' lang='lat' dir='ltr'>latione</span> <span class='ocrx_word' id='word_1_49' title='bbox 276 1163 433 1238; x_wconf 87' lang='lat' dir='ltr'>salutari.</span> 
     </span>
    </p>

    <p class='ocr_par' dir='ltr' id='par_1_4' title="bbox 121 1275 1201 2044">
     <span class='ocr_line' id='line_1_9' title="bbox 172 1275 1200 1375; baseline 0.004 -27"><span class='ocrx_word' id='word_1_50' title='bbox 172 1297 292 1349; x_wconf 86' lang='lat' dir='ltr'>cxc11.</span> <span class='ocrx_word' id='word_1_51' title='bbox 311 1277 415 1364; x_wconf 86' lang='lat' dir='ltr'>Quin</span> <span class='ocrx_word' id='word_1_52' title='bbox 432 1287 471 1351; x_wconf 90' lang='lat' dir='ltr'>et</span> <span class='ocrx_word' id='word_1_53' title='bbox 486 1276 613 1363; x_wconf 88' lang='lat' dir='ltr'>febres,</span> <span class='ocrx_word' id='word_1_54' title='bbox 637 1285 677 1350; x_wconf 90' lang='lat' dir='ltr'>et</span> <span class='ocrx_word' id='word_1_55' title='bbox 693 1276 885 1375; x_wconf 89' lang='lat' dir='ltr'>plerosque</span> <span class='ocrx_word' id='word_1_56' title='bbox 902 1275 1048 1350; x_wconf 90' lang='lat' dir='ltr'>morbos</span> <span class='ocrx_word' id='word_1_57' title='bbox 1064 1277 1200 1373; x_wconf 87' lang='lat' dir='ltr'>pariter</span> 
     </span>
     <span class='ocr_line' id='line_1_10' title="bbox 121 1387 1200 1487; baseline 0.005 -29"><span class='ocrx_word' id='word_1_58' title='bbox 121 1387 287 1463; x_wconf 79' lang='lat' dir='ltr'>anxietas</span> <span class='ocrx_word' id='word_1_59' title='bbox 303 1389 510 1474; x_wconf 89' lang='lat' dir='ltr'>comitatur,</span> <span class='ocrx_word' id='word_1_60' title='bbox 527 1413 657 1487; x_wconf 92' lang='lat' dir='ltr'>quum,</span> <span class='ocrx_word' id='word_1_61' title='bbox 682 1390 760 1462; x_wconf 86' lang='lat' dir='ltr'>vita</span> <span class='ocrx_word' id='word_1_62' title='bbox 776 1388 854 1486; x_wconf 85' lang='lat' dir='ltr'>jam</span> <span class='ocrx_word' id='word_1_63' title='bbox 873 1388 1074 1474; x_wconf 86' lang='lat' dir='ltr'>deficiente,</span> <span class='ocrx_word' id='word_1_64' title='bbox 1102 1412 1200 1463; x_wconf 86' lang='lat' dir='ltr'>mors</span> 
     </span>
     <span class='ocr_line' id='line_1_11' title="bbox 121 1498 1200 1607; baseline 0.001 -36"><span class='ocrx_word' id='word_1_65' title='bbox 121 1499 244 1586; x_wconf 87' lang='lat' dir='ltr'>instat,</span> <span class='ocrx_word' id='word_1_66' title='bbox 270 1498 375 1596; x_wconf 88' lang='lat' dir='ltr'>cujus</span> <span class='ocrx_word' id='word_1_67' title='bbox 399 1500 609 1597; x_wconf 84' lang='lat' dir='ltr'>praenuncia</span> <span class='ocrx_word' id='word_1_68' title='bbox 632 1511 688 1573; x_wconf 90' lang='lat' dir='ltr'>est</span> <span class='ocrx_word' id='word_1_69' title='bbox 712 1510 750 1573; x_wconf 92' lang='lat' dir='ltr'>et</span> <span class='ocrx_word' id='word_1_70' title='bbox 776 1502 936 1597; x_wconf 88' lang='lat' dir='ltr'>signum.</span> <span class='ocrx_word' id='word_1_71' title='bbox 988 1500 1065 1586; x_wconf 88' lang='lat' dir='ltr'>Fit,</span> <span class='ocrx_word' id='word_1_72' title='bbox 1090 1500 1200 1607; x_wconf 73' lang='lat' dir='ltr'>nimi·</span> 
     </span>
     <span class='ocr_line' id='line_1_12' title="bbox 122 1609 1200 1708; baseline -0.002 -24"><span class='ocrx_word' id='word_1_73' title='bbox 122 1634 218 1696; x_wconf 89' lang='lat' dir='ltr'>rum,</span> <span class='ocrx_word' id='word_1_74' title='bbox 240 1633 359 1708; x_wconf 91' lang='lat' dir='ltr'>quum</span> <span class='ocrx_word' id='word_1_75' title='bbox 377 1612 471 1683; x_wconf 90' lang='lat' dir='ltr'>vires</span> <span class='ocrx_word' id='word_1_76' title='bbox 488 1609 626 1696; x_wconf 76' lang='lat' dir='ltr'>vitales,</span> <span class='ocrx_word' id='word_1_77' title='bbox 643 1611 797 1708; x_wconf 89' lang='lat' dir='ltr'>propriis</span> <span class='ocrx_word' id='word_1_78' title='bbox 813 1610 1028 1684; x_wconf 91' lang='lat' dir='ltr'>muneribus</span> <span class='ocrx_word' id='word_1_79' title='bbox 1044 1610 1200 1708; x_wconf 72' lang='lat' dir='ltr'>impbres</span> 
     </span>
     <span class='ocr_line' id='line_1_13' title="bbox 122 1720 1201 1819; baseline 0.003 -26"><span class='ocrx_word' id='word_1_80' title='bbox 122 1720 236 1809; x_wconf 83' lang='lat' dir='ltr'>factae,</span> <span class='ocrx_word' id='word_1_81' title='bbox 253 1724 450 1797; x_wconf 90' lang='lat' dir='ltr'>circuitum</span> <span class='ocrx_word' id='word_1_82' title='bbox 467 1722 654 1819; x_wconf 85' lang='lat' dir='ltr'>sanguinis</span> <span class='ocrx_word' id='word_1_83' title='bbox 663 1720 849 1795; x_wconf 89' lang='lat' dir='ltr'>absolvere</span> <span class='ocrx_word' id='word_1_84' title='bbox 861 1733 1062 1819; x_wconf 82' lang='lat' dir='ltr'>nequeunt</span> <span class='ocrx_word' id='word_1_85' title='bbox 1098 1722 1201 1812; x_wconf 84' lang='lat' dir='ltr'>Qua·</span> 
     </span>
     <span class='ocr_line' id='line_1_14' title="bbox 125 1832 1198 1932; baseline 0.001 -27"><span class='ocrx_word' id='word_1_86' title='bbox 125 1832 169 1907; x_wconf 89' lang='lat' dir='ltr'>lis</span> <span class='ocrx_word' id='word_1_87' title='bbox 184 1843 311 1908; x_wconf 89' lang='lat' dir='ltr'>autem</span> <span class='ocrx_word' id='word_1_88' title='bbox 328 1836 375 1908; x_wconf 87' lang='lat' dir='ltr'>sit</span> <span class='ocrx_word' id='word_1_89' title='bbox 390 1835 509 1909; x_wconf 86' lang='lat' dir='ltr'>haecue</span> <span class='ocrx_word' id='word_1_90' title='bbox 524 1833 699 1920; x_wconf 79' lang='lat' dir='ltr'>anxietas,</span> <span class='ocrx_word' id='word_1_91' title='bbox 726 1841 855 1906; x_wconf 74' lang='lat' dir='ltr'>caetera</span> <span class='ocrx_word' id='word_1_92' title='bbox 869 1833 1198 1932; x_wconf 86' lang='lat' dir='ltr'>appropinquantis</span> 
     </span>
     <span class='ocr_line' id='line_1_15' title="bbox 125 1946 835 2044; baseline 0.003 -27"><span class='ocrx_word' id='word_1_93' title='bbox 125 1947 252 2018; x_wconf 91' lang='lat' dir='ltr'>mortis</span> <span class='ocrx_word' id='word_1_94' title='bbox 270 1947 374 2044; x_wconf 81' lang='lat' dir='ltr'>signa</span> <span class='ocrx_word' id='word_1_95' title='bbox 391 1947 476 2019; x_wconf 86' lang='lat' dir='ltr'>satis</span> <span class='ocrx_word' id='word_1_96' title='bbox 493 1969 675 2043; x_wconf 92' lang='lat' dir='ltr'>superque</span> <span class='ocrx_word' id='word_1_97' title='bbox 692 1946 835 2019; x_wconf 88' lang='lat' dir='ltr'>docent.</span> 
     </span>
    </p>

    <p class='ocr_par' dir='ltr' id='par_1_5' title="bbox 124 2056 1201 2380">
     <span class='ocr_line' id='line_1_16' title="bbox 173 2056 1200 2144; baseline 0 -13"><span class='ocrx_word' id='word_1_98' title='bbox 173 2079 310 2131; x_wconf 84' lang='lat' dir='ltr'>cxc111.</span> <span class='ocrx_word' id='word_1_99' title='bbox 349 2058 475 2144; x_wconf 87' lang='lat' dir='ltr'>Parra,</span> <span class='ocrx_word' id='word_1_100' title='bbox 512 2058 608 2131; x_wconf 92' lang='lat' dir='ltr'>inter</span> <span class='ocrx_word' id='word_1_101' title='bbox 645 2080 816 2131; x_wconf 89' lang='lat' dir='ltr'>somnum</span> <span class='ocrx_word' id='word_1_102' title='bbox 855 2056 901 2130; x_wconf 90' lang='lat' dir='ltr'>ab</span> <span class='ocrx_word' id='word_1_103' title='bbox 929 2057 1057 2130; x_wconf 91' lang='lat' dir='ltr'>iisdem</span> <span class='ocrx_word' id='word_1_104' title='bbox 1083 2057 1200 2131; x_wconf 83' lang='lat' dir='ltr'>causis</span> 
     </span>
     <span class='ocr_line' id='line_1_17' title="bbox 124 2167 1201 2267; baseline 0 -24"><span class='ocrx_word' id='word_1_105' title='bbox 124 2168 289 2243; x_wconf 84' lang='lat' dir='ltr'>anxietas</span> <span class='ocrx_word' id='word_1_106' title='bbox 306 2169 391 2242; x_wconf 89' lang='lat' dir='ltr'>oriri</span> <span class='ocrx_word' id='word_1_107' title='bbox 420 2177 551 2267; x_wconf 89' lang='lat' dir='ltr'>potest.</span> <span class='ocrx_word' id='word_1_108' title='bbox 604 2168 708 2243; x_wconf 91' lang='lat' dir='ltr'>Hinc</span> <span class='ocrx_word' id='word_1_109' title='bbox 723 2169 800 2242; x_wconf 89' lang='lat' dir='ltr'>dira</span> <span class='ocrx_word' id='word_1_110' title='bbox 825 2167 974 2255; x_wconf 90' lang='lat' dir='ltr'>somnia,</span> <span class='ocrx_word' id='word_1_111' title='bbox 999 2193 1084 2266; x_wconf 85' lang='lat' dir='ltr'>quae</span> <span class='ocrx_word' id='word_1_112' title='bbox 1108 2192 1201 2243; x_wconf 85' lang='lat' dir='ltr'>som·</span> 
     </span>
     <span class='ocr_line' id='line_1_18' title="bbox 125 2282 986 2380; baseline -0.001 -26"><span class='ocrx_word' id='word_1_113' title='bbox 125 2305 216 2354; x_wconf 90' lang='lat' dir='ltr'>num</span> <span class='ocrx_word' id='word_1_114' title='bbox 235 2306 330 2380; x_wconf 84' lang='lat' dir='ltr'>saepe</span> <span class='ocrx_word' id='word_1_115' title='bbox 347 2282 469 2356; x_wconf 90' lang='lat' dir='ltr'>subito</span> <span class='ocrx_word' id='word_1_116' title='bbox 486 2292 628 2355; x_wconf 91' lang='lat' dir='ltr'>etcum</span> <span class='ocrx_word' id='word_1_117' title='bbox 645 2291 779 2354; x_wconf 85' lang='lat' dir='ltr'>terrore</span> <span class='ocrx_word' id='word_1_118' title='bbox 795 2291 986 2378; x_wconf 88' lang='lat' dir='ltr'>rumpunt.</span> 
     </span>
    </p>

    <p class='ocr_par' dir='ltr' id='par_1_6' title="bbox 125 2391 1205 3376">
     <span class='ocr_line' id='line_1_19' title="bbox 176 2391 1201 2488; baseline -0.002 -21"><span class='ocrx_word' id='word_1_119' title='bbox 176 2416 304 2468; x_wconf 75' lang='lat' dir='ltr'>cxcw.</span> <span class='ocrx_word' id='word_1_120' title='bbox 330 2394 513 2480; x_wconf 89' lang='lat' dir='ltr'>Pruritus,</span> <span class='ocrx_word' id='word_1_121' title='bbox 538 2416 663 2467; x_wconf 87' lang='lat' dir='ltr'>sensus</span> <span class='ocrx_word' id='word_1_122' title='bbox 688 2391 824 2466; x_wconf 85' lang='lat' dir='ltr'>scilicet</span> <span class='ocrx_word' id='word_1_123' title='bbox 857 2391 1077 2488; x_wconf 87' lang='lat' dir='ltr'>inquietans,</span> <span class='ocrx_word' id='word_1_124' title='bbox 1114 2415 1201 2465; x_wconf 92' lang='lat' dir='ltr'>cum</span> 
     </span>
     <span class='ocr_line' id='line_1_20' title="bbox 127 2504 1202 2605; baseline -0.001 -27"><span class='ocrx_word' id='word_1_125' title='bbox 127 2505 310 2603; x_wconf 87' lang='lat' dir='ltr'>scalpendi</span> <span class='ocrx_word' id='word_1_126' title='bbox 326 2506 539 2605; x_wconf 87' lang='lat' dir='ltr'>cupiditate,</span> <span class='ocrx_word' id='word_1_127' title='bbox 569 2530 664 2604; x_wconf 87' lang='lat' dir='ltr'>saepe</span> <span class='ocrx_word' id='word_1_128' title='bbox 680 2504 956 2579; x_wconf 88' lang='lat' dir='ltr'>molestissimus</span> <span class='ocrx_word' id='word_1_129' title='bbox 981 2515 1046 2591; x_wconf 90' lang='lat' dir='ltr'>est,</span> <span class='ocrx_word' id='word_1_130' title='bbox 1072 2527 1202 2601; x_wconf 89' lang='lat' dir='ltr'>quam·</span> 
     </span>
     <span class='ocr_line' id='line_1_21' title="bbox 125 2616 987 2716; baseline -0.001 -28"><span class='ocrx_word' id='word_1_131' title='bbox 125 2617 182 2690; x_wconf 89' lang='lat' dir='ltr'>vis</span> <span class='ocrx_word' id='word_1_132' title='bbox 199 2617 382 2716; x_wconf 84' lang='lat' dir='ltr'>voluptati</span> <span class='ocrx_word' id='word_1_133' title='bbox 398 2619 516 2716; x_wconf 85' lang='lat' dir='ltr'>magis</span> <span class='ocrx_word' id='word_1_134' title='bbox 532 2641 645 2715; x_wconf 90' lang='lat' dir='ltr'>quam</span> <span class='ocrx_word' id='word_1_135' title='bbox 663 2616 779 2691; x_wconf 90' lang='lat' dir='ltr'>dolori</span> <span class='ocrx_word' id='word_1_136' title='bbox 796 2616 914 2688; x_wconf 87' lang='lat' dir='ltr'>affinis</span> <span class='ocrx_word' id='word_1_137' title='bbox 931 2617 987 2687; x_wconf 87' lang='lat' dir='ltr'>sit.</span> 
     </span>
     <span class='ocr_line' id='line_1_22' title="bbox 126 2724 1205 2823; baseline -0.002 -20"><span class='ocrx_word' id='word_1_138' title='bbox 126 2798 129 2803; x_wconf 84' lang='lat'><em>.</em></span> <span class='ocrx_word' id='word_1_139' title='bbox 176 2751 289 2801; x_wconf 75' lang='lat' dir='ltr'>cch.</span> <span class='ocrx_word' id='word_1_140' title='bbox 318 2728 377 2800; x_wconf 91' lang='lat' dir='ltr'>Ut</span> <span class='ocrx_word' id='word_1_141' title='bbox 393 2726 497 2800; x_wconf 90' lang='lat' dir='ltr'>dolor</span> <span class='ocrx_word' id='word_1_142' title='bbox 511 2751 533 2799; x_wconf 87' lang='lat' dir='ltr'>a</span> <span class='ocrx_word' id='word_1_143' title='bbox 548 2727 652 2823; x_wconf 84' lang='lat' dir='ltr'>gravi</span> <span class='ocrx_word' id='word_1_144' title='bbox 669 2726 880 2808; x_wconf 86' lang='lat' dir='ltr'>irritatione,</span> <span class='ocrx_word' id='word_1_145' title='bbox 898 2733 975 2795; x_wconf 85' lang='lat' dir='ltr'>tam</span> <span class='ocrx_word' id='word_1_146' title='bbox 991 2724 1205 2802; x_wconf 77' lang='lat' dir='ltr'>mechanico</span> 
     </span>
     <span class='ocr_line' id='line_1_23' title="bbox 125 2831 1203 2934; baseline 0.002 -25"><span class='ocrx_word' id='word_1_147' title='bbox 125 2860 239 2934; x_wconf 92' lang='lat' dir='ltr'>quam</span> <span class='ocrx_word' id='word_1_148' title='bbox 256 2835 423 2920; x_wconf 74' lang='lat' dir='ltr'>adamica,</span> <span class='ocrx_word' id='word_1_149' title='bbox 449 2837 513 2913; x_wconf 87' lang='lat' dir='ltr'>sic.</span> <span class='ocrx_word' id='word_1_150' title='bbox 526 2836 689 2930; x_wconf 89' lang='lat' dir='ltr'>pruritus</span> <span class='ocrx_word' id='word_1_151' title='bbox 705 2858 727 2906; x_wconf 85' lang='lat' dir='ltr'>a</span> <span class='ocrx_word' id='word_1_152' title='bbox 756 2831 891 2904; x_wconf 89' lang='lat' dir='ltr'>leviore</span> <span class='ocrx_word' id='word_1_153' title='bbox 907 2832 960 2904; x_wconf 84' lang='lat' dir='ltr'>fit.</span> <span class='ocrx_word' id='word_1_154' title='bbox 1010 2833 1203 2926; x_wconf 86' lang='lat' dir='ltr'>Titillatio,</span> 
     </span>
     <span class='ocr_line' id='line_1_24' title="bbox 126 2943 1203 3038; baseline 0.003 -18"><span class='ocrx_word' id='word_1_155' title='bbox 126 2971 190 3020; x_wconf 87' lang='lat' dir='ltr'>seu</span> <span class='ocrx_word' id='word_1_156' title='bbox 207 2944 336 3030; x_wconf 86' lang='lat' dir='ltr'>frictio,</span> <span class='ocrx_word' id='word_1_157' title='bbox 353 2944 471 3017; x_wconf 85' lang='lat' dir='ltr'>veluti</span> <span class='ocrx_word' id='word_1_158' title='bbox 487 2943 623 3016; x_wconf 90' lang='lat' dir='ltr'>indusii</span> <span class='ocrx_word' id='word_1_159' title='bbox 640 2943 868 3026; x_wconf 84' lang='lat' dir='ltr'>laneiminus</span> <span class='ocrx_word' id='word_1_160' title='bbox 884 2953 1029 3018; x_wconf 82' lang='lat' dir='ltr'>assueto</span> <span class='ocrx_word' id='word_1_161' title='bbox 1045 2944 1203 3038; x_wconf 90' lang='lat' dir='ltr'>homini,</span> 
     </span>
     <span class='ocr_line' id='line_1_25' title="bbox 126 3052 1202 3153; baseline 0.004 -24"><span class='ocrx_word' id='word_1_162' title='bbox 126 3065 163 3129; x_wconf 92' lang='lat' dir='ltr'>et</span> <span class='ocrx_word' id='word_1_163' title='bbox 188 3054 403 3129; x_wconf 88' lang='lat' dir='ltr'>delicatioue</span> <span class='ocrx_word' id='word_1_164' title='bbox 437 3063 523 3127; x_wconf 89' lang='lat' dir='ltr'>cute</span> <span class='ocrx_word' id='word_1_165' title='bbox 548 3054 711 3153; x_wconf 85' lang='lat' dir='ltr'>praedito,</span> <span class='ocrx_word' id='word_1_166' title='bbox 747 3052 929 3151; x_wconf 86' lang='lat' dir='ltr'>pruritum</span> <span class='ocrx_word' id='word_1_167' title='bbox 963 3057 1120 3142; x_wconf 82' lang='lat' dir='ltr'>excitat3</span> <span class='ocrx_word' id='word_1_168' title='bbox 1162 3072 1202 3134; x_wconf 92' lang='lat' dir='ltr'>et</span> 
     </span>
     <span class='ocr_line' id='line_1_26' title="bbox 125 3164 1201 3254; baseline 0.002 -11"><span class='ocrx_word' id='word_1_169' title='bbox 125 3166 244 3244; x_wconf 87' lang='lat' dir='ltr'>multa</span> <span class='ocrx_word' id='word_1_170' title='bbox 258 3167 353 3240; x_wconf 89' lang='lat' dir='ltr'>acria</span> <span class='ocrx_word' id='word_1_171' title='bbox 368 3189 416 3240; x_wconf 86' lang='lat' dir='ltr'>ex</span> <span class='ocrx_word' id='word_1_172' title='bbox 432 3165 664 3252; x_wconf 83' lang='lat' dir='ltr'>animalibus,</span> <span class='ocrx_word' id='word_1_173' title='bbox 693 3174 759 3238; x_wconf 89' lang='lat' dir='ltr'>aut</span> <span class='ocrx_word' id='word_1_174' title='bbox 783 3164 913 3254; x_wconf 85' lang='lat' dir='ltr'>herbis,</span> <span class='ocrx_word' id='word_1_175' title='bbox 939 3179 1004 3241; x_wconf 92' lang='lat' dir='ltr'>aut</span> <span class='ocrx_word' id='word_1_176' title='bbox 1019 3167 1201 3245; x_wconf 87' lang='lat' dir='ltr'>fossilibus</span> 
     </span>
     <span class='ocr_line' id='line_1_27' title="bbox 126 3277 1202 3376; baseline 0.002 -22"><span class='ocrx_word' id='word_1_177' title='bbox 126 3281 235 3355; x_wconf 90' lang='lat' dir='ltr'>rebus</span> <span class='ocrx_word' id='word_1_178' title='bbox 251 3279 424 3353; x_wconf 88' lang='lat' dir='ltr'>derivata.</span> <span class='ocrx_word' id='word_1_179' title='bbox 474 3277 533 3352; x_wconf 89' lang='lat' dir='ltr'>Sic</span> <span class='ocrx_word' id='word_1_180' title='bbox 558 3277 699 3376; x_wconf 92' lang='lat' dir='ltr'>primus</span> <span class='ocrx_word' id='word_1_181' title='bbox 725 3300 850 3351; x_wconf 91' lang='lat' dir='ltr'>sensus</span> <span class='ocrx_word' id='word_1_182' title='bbox 874 3303 896 3351; x_wconf 88' lang='lat' dir='ltr'>a</span> <span class='ocrx_word' id='word_1_183' title='bbox 920 3279 1202 3358; x_wconf 75' lang='lat' dir='ltr'>cantharidibus</span> 
     </span>
    </p>
   </div>
   <div class='ocr_carea' id='block_1_4' title="bbox 126 3388 1201 4159">
    <p class='ocr_par' dir='ltr' id='par_1_7' title="bbox 126 3388 1201 3577">
     <span class='ocr_line' id='line_1_28' title="bbox 126 3388 1201 3491; baseline 0.001 -24"><span class='ocrx_word' id='word_1_184' title='bbox 126 3394 205 3469; x_wconf 89' lang='lat' dir='ltr'>cuti</span> <span class='ocrx_word' id='word_1_185' title='bbox 216 3391 384 3479; x_wconf 90' lang='lat' dir='ltr'>admotis,</span> <span class='ocrx_word' id='word_1_186' title='bbox 401 3391 564 3491; x_wconf 85' lang='lat' dir='ltr'>pruritus</span> <span class='ocrx_word' id='word_1_187' title='bbox 577 3398 642 3476; x_wconf 85' lang='lat' dir='ltr'>est,</span> <span class='ocrx_word' id='word_1_188' title='bbox 659 3388 828 3488; x_wconf 90' lang='lat' dir='ltr'>quamvis</span> <span class='ocrx_word' id='word_1_189' title='bbox 845 3389 945 3463; x_wconf 92' lang='lat' dir='ltr'>idem</span> <span class='ocrx_word' id='word_1_190' title='bbox 957 3403 1085 3467; x_wconf 87' lang='lat' dir='ltr'>auctus</span> <span class='ocrx_word' id='word_1_191' title='bbox 1098 3392 1201 3468; x_wconf 86' lang='lat' dir='ltr'>dolor</span> 
     </span>
     <span class='ocr_line' id='line_1_29' title="bbox 126 3503 201 3577; baseline 0 -1"><span class='ocrx_word' id='word_1_192' title='bbox 126 3503 201 3577; x_wconf 89' lang='lat' dir='ltr'>fiat.</span> 
     </span>
    </p>

    <p class='ocr_par' dir='ltr' id='par_1_8' title="bbox 127 3613 1200 4049">
     <span class='ocr_line' id='line_1_30' title="bbox 176 3613 1199 3712; baseline 0.003 -23"><span class='ocrx_word' id='word_1_193' title='bbox 176 3637 304 3690; x_wconf 83' lang='lat' dir='ltr'>cxcvr.</span> <span class='ocrx_word' id='word_1_194' title='bbox 330 3614 443 3689; x_wconf 87' lang='lat' dir='ltr'>Acria</span> <span class='ocrx_word' id='word_1_195' title='bbox 466 3614 636 3712; x_wconf 87' lang='lat' dir='ltr'>quaedam</span> <span class='ocrx_word' id='word_1_196' title='bbox 661 3615 701 3687; x_wconf 89' lang='lat' dir='ltr'>in</span> <span class='ocrx_word' id='word_1_197' title='bbox 725 3621 849 3688; x_wconf 88' lang='lat' dir='ltr'>cutem</span> <span class='ocrx_word' id='word_1_198' title='bbox 872 3613 1001 3701; x_wconf 87' lang='lat' dir='ltr'>delata,</span> <span class='ocrx_word' id='word_1_199' title='bbox 1026 3613 1143 3690; x_wconf 88' lang='lat' dir='ltr'>veluti</span> <span class='ocrx_word' id='word_1_200' title='bbox 1159 3616 1199 3692; x_wconf 93' lang='lat' dir='ltr'>in</span> 
     </span>
     <span class='ocr_line' id='line_1_31' title="bbox 127 3726 1200 3825; baseline 0.003 -25"><span class='ocrx_word' id='word_1_201' title='bbox 127 3726 288 3801; x_wconf 91' lang='lat' dir='ltr'>febribus</span> <span class='ocrx_word' id='word_1_202' title='bbox 312 3750 402 3823; x_wconf 89' lang='lat' dir='ltr'>quas</span> <span class='ocrx_word' id='word_1_203' title='bbox 426 3727 572 3825; x_wconf 87' lang='lat' dir='ltr'>eruptio</span> <span class='ocrx_word' id='word_1_204' title='bbox 609 3749 719 3824; x_wconf 90' lang='lat' dir='ltr'>super</span> <span class='ocrx_word' id='word_1_205' title='bbox 742 3733 866 3800; x_wconf 88' lang='lat' dir='ltr'>cutem</span> <span class='ocrx_word' id='word_1_206' title='bbox 890 3726 1097 3813; x_wconf 86' lang='lat' dir='ltr'>comitatur,</span> <span class='ocrx_word' id='word_1_207' title='bbox 1133 3737 1200 3803; x_wconf 87' lang='lat' dir='ltr'>aut</span> 
     </span>
     <span class='ocr_line' id='line_1_32' title="bbox 127 3835 1200 3935; baseline 0.001 -23"><span class='ocrx_word' id='word_1_208' title='bbox 127 3838 256 3912; x_wconf 86' lang='lat' dir='ltr'>morbo</span> <span class='ocrx_word' id='word_1_209' title='bbox 271 3838 383 3935; x_wconf 87' lang='lat' dir='ltr'>regio,</span> <span class='ocrx_word' id='word_1_210' title='bbox 407 3848 472 3911; x_wconf 87' lang='lat' dir='ltr'>aut</span> <span class='ocrx_word' id='word_1_211' title='bbox 489 3838 641 3912; x_wconf 88' lang='lat' dir='ltr'>demum</span> <span class='ocrx_word' id='word_1_212' title='bbox 658 3839 749 3911; x_wconf 82' lang='lat' dir='ltr'>varii</span> <span class='ocrx_word' id='word_1_213' title='bbox 765 3838 879 3935; x_wconf 91' lang='lat' dir='ltr'>ipsius</span> <span class='ocrx_word' id='word_1_214' title='bbox 895 3837 1025 3924; x_wconf 86' lang='lat' dir='ltr'>morbi,</span> <span class='ocrx_word' id='word_1_215' title='bbox 1054 3835 1200 3926; x_wconf 88' lang='lat' dir='ltr'>scabies,</span> 
     </span>
     <span class='ocr_line' id='line_1_33' title="bbox 128 3948 749 4049; baseline -0.003 -25"><span class='ocrx_word' id='word_1_216' title='bbox 128 3949 237 4049; x_wconf 88' lang='lat' dir='ltr'>lepra,</span> <span class='ocrx_word' id='word_1_217' title='bbox 254 3950 414 4024; x_wconf 90' lang='lat' dir='ltr'>eundem</span> <span class='ocrx_word' id='word_1_218' title='bbox 431 3948 604 4024; x_wconf 87' lang='lat' dir='ltr'>effectum</span> <span class='ocrx_word' id='word_1_219' title='bbox 623 3951 749 4023; x_wconf 91' lang='lat' dir='ltr'>edunt.</span> 
     </span>
    </p>

    <p class='ocr_par' dir='ltr' id='par_1_9' title="bbox 177 4057 1201 4159">
     <span class='ocr_line' id='line_1_34' title="bbox 177 4057 1201 4159; baseline -0.004 -21"><span class='ocrx_word' id='word_1_220' title='bbox 177 4085 329 4138; x_wconf 86' lang='lat' dir='ltr'>cxcvn.</span> <span class='ocrx_word' id='word_1_221' title='bbox 356 4061 535 4152; x_wconf 86' lang='lat' dir='ltr'>Pediculi,</span> <span class='ocrx_word' id='word_1_222' title='bbox 551 4086 703 4150; x_wconf 84' lang='lat' dir='ltr'>vermes,</span> <span class='ocrx_word' id='word_1_223' title='bbox 725 4057 913 4138; x_wconf 82' lang='lat' dir='ltr'>ascarides</span> <span class='ocrx_word' id='word_1_224' title='bbox 929 4060 1123 4159; x_wconf 88' lang='lat' dir='ltr'>imprimis,</span> <span class='ocrx_word' id='word_1_225' title='bbox 1139 4057 1201 4134; x_wconf 86' lang='lat' dir='ltr'>vel</span> 
     </span>
    </p>
   </div>
   <div class='ocr_carea' id='block_1_5' title="bbox 0 0 1344 4794">
    <p class='ocr_par' dir='ltr' id='par_1_10' title="bbox 0 0 1344 4794">
     <span class='ocr_line' id='line_1_35' title="bbox 0 0 1344 4794; baseline 0 0"><span class='ocrx_word' id='word_1_226' title='bbox 0 0 1344 4794; x_wconf 95' lang='lat' dir='ltr'> </span> 
     </span>
    </p>
   </div>
  </div>
 </body>
</html>
