2678 4794
131 370 219 431 aar.
236 368 325 427 vnn
426 367 647 427 ueniamus
665 368 954 428 nunonnmcn.
1159 357 1209 441 69

127 551 233 650 eujus
248 551 299 624 rei
315 549 411 623 ratio
435 548 612 624 hactenus
636 549 735 625 latet.
786 548 903 625 Nullo
929 548 1042 624 modo
1070 550 1207 649 pendet

130 666 175 739 ab
196 664 362 738 acutiore
378 661 439 737 vel
465 661 651 738 obtusiore
678 660 821 738 auditu.
871 661 1090 737 Semi-surdi
1118 685 1209 738 non·

123 800 320 877 nunquam
347 775 499 851 musicae
527 777 613 851 sutis
641 775 751 874 periti
779 782 868 849 sunt
896 784 934 847 et
958 775 1207 864 amantissimi,

124 914 193 990 qua
221 890 321 962 bene
350 887 542 963 audientes
571 911 703 987 pamm
730 910 826 986 saepe
851 885 1046 962 fruuntur:
1082 896 1121 960 et
1137 887 1205 977 vir,

125 1002 251 1078 auditu
268 1001 420 1100 integro
432 1009 616 1087 manente,
633 1021 760 1074 aurem
773 1022 874 1074 suam
885 998 1074 1088 musioam,
1090 1020 1207 1098 quam

123 1115 299 1189 eximiam
327 1111 497 1199 babebat,
523 1113 646 1188 subito
670 1121 709 1187 et
734 1114 812 1187 sine
836 1123 924 1187 nota
947 1136 1054 1188 oausa
1070 1113 1204 1186 amisit.

125 1226 257 1324 Neque
285 1225 380 1299 ratio
405 1223 482 1298 ulla
510 1234 567 1298 est
595 1248 661 1298 our
689 1225 876 1300 deiectum
903 1222 1013 1299 talem
1030 1223 1204 1323 inaequali

128 1361 192 1436 per
206 1338 311 1410 binas
338 1361 441 1411 aures
469 1337 614 1412 auditui
642 1339 880 1436 imputemus.
931 1337 1102 1411 Facultas
1125 1339 1205 1436 ipsa

130 1448 285 1524 Naturae
306 1448 445 1524 donum
472 1459 537 1536 est,
563 1448 668 1524 nullo
684 1451 809 1525 studio
832 1449 1074 1550 acquirenda:
1099 1450 1204 1524 cultu

130 1584 214 1635 vero
230 1570 268 1635 et
283 1584 364 1649 usu,
389 1584 464 1635 non
483 1585 585 1636 secus
601 1585 643 1635 aa
659 1561 810 1662 reliquae
826 1563 985 1638 hominis
1001 1561 1203 1649 facultates,

128 1675 256 1748 mirum
275 1675 315 1748 in
332 1674 487 1748 modum
505 1674 651 1749 acuitur
665 1685 704 1749 et
719 1676 920 1751 roboratur.

170 1808 358 1862 ecxxvn.
385 1787 556 1862 Auditus
579 1787 655 1861 fere
678 1789 846 1863 omnium
864 1810 1038 1863 sensuum
1057 1787 1206 1883 saepissi-

127 1922 183 1972 me
196 1900 379 1986 vitiatum
403 1899 506 1997 quod
523 1899 685 1999 profecto
696 1900 749 1974 nil
768 1902 905 1976 mirum
920 1930 928 1986 ;
955 1898 1100 1985 soilioet,
1117 1898 1205 1997 quia

127 2032 305 2110 organum
337 2010 449 2084 habet
477 2011 788 2101 delioatissimum,
825 2026 865 2089 et
892 2039 941 2088 ex
968 2012 1138 2113 plurimis
1165 2022 1205 2086 et

126 2123 226 2197 valde
241 2124 403 2199 minutis
420 2124 584 2223 partibus
601 2128 858 2225 compositum.

168 2258 377 2312 ccxxvm.
403 2237 508 2336 Saepe
524 2239 665 2313 acutior
674 2239 780 2337 justo
794 2239 839 2312 fit
855 2241 1015 2326 auditus,
1027 2237 1087 2312 vel
1104 2261 1126 2310 a
1141 2260 1203 2335 ge-

126 2349 232 2423 nerali
249 2351 410 2450 eorporis
427 2350 555 2425 habitu
565 2352 676 2425 nimis
688 2350 865 2438 imitabili,
877 2351 1022 2449 qualem
1039 2349 1204 2423 foeminae

126 2458 315 2558 lpstericoe
330 2472 398 2536 aut
423 2486 611 2562 puerperae
636 2485 733 2561 saepe
761 2461 918 2547 babent;
943 2460 1003 2534 vel
1019 2484 1041 2532 a
1057 2459 1204 2532 cerebro

127 2571 206 2670 ipso
222 2573 328 2648 nimis
345 2575 540 2664 sentiente,
566 2574 669 2673 quod
692 2578 731 2648 in
749 2572 912 2647 febribus
928 2572 1028 2646 haud
1044 2593 1125 2644 ram
1139 2569 1203 2642 ob

126 2697 308 2771 semotim
334 2698 417 2761 tum
443 2712 594 2786 quoque
619 2687 658 2759 in
684 2685 905 2786 phrenitide,
930 2693 968 2758 et
995 2681 1203 2782 aliquando,

125 2793 205 2873 licet
230 2799 359 2886 rarius,
384 2800 423 2872 in
452 2823 539 2872 vera
566 2799 726 2885 insania;
763 2797 823 2872 vel
839 2798 886 2871 ab
907 2821 998 2871 aure
1013 2797 1091 2896 ipsu
1107 2794 1203 2868 male

126 2932 159 2982 se
174 2910 347 2997 habente,
363 2923 402 2984 et
418 2909 717 2999 inflammatione,
734 2909 870 2998 dolore,
895 2910 1061 2984 tensione
1077 2906 1202 2996 nimia,

124 3020 259 3096 affecta.

172 3156 343 3209 ccxxrx.
361 3133 597 3210 Obtunditur
608 3134 671 3211 vel
681 3133 790 3234 plane
806 3135 972 3210 aboletur
988 3134 1048 3208 hie
1064 3156 1201 3220 sensus,

129 3242 178 3317 ita
206 3256 249 3318 ut
275 3271 376 3344 aeger
398 3246 459 3321 vel
485 3247 646 3347 graviter
661 3247 798 3334 audiat,
824 3246 885 3321 vel
901 3247 1054 3320 omnino
1069 3245 1202 3318 surdus

127 3353 200 3443 fiat,
217 3357 397 3433 similibus
414 3358 489 3433 lere
505 3360 621 3433 missis
644 3368 684 3432 et
710 3359 828 3458 gradu
846 3368 994 3431 tantum
1019 3378 1083 3429 seu
1101 3379 1202 3455 mag-

125 3469 293 3544 nitudine
321 3470 497 3557 diversis,
535 3480 574 3544 et
600 3471 780 3569 imprimis
808 3495 830 3543 a
858 3467 1003 3542 defectu
1021 3467 1203 3542 'auriculae

126 3591 294 3668 externae,
319 3593 386 3657 aut
415 3596 539 3659 meatu
569 3582 629 3657 vel
658 3583 771 3655 altero
798 3582 857 3655 vel
886 3592 1056 3678 utroque,
1080 3604 1202 3667 muco,

127 3695 318 3780 ortamine,
344 3718 448 3793 pure,
472 3697 581 3770 rebus
605 3695 779 3781 extemis,
803 3694 1014 3778 obstructo;
1049 3691 1204 3791 ejusque

127 3807 363 3893 concretione,
375 3807 494 3905 qualis
506 3818 590 3907 post
603 3807 916 3906 suppurationem,
934 3826 1202 3902 nonnunquam

129 3929 202 4010 post
220 3915 416 4005 variolam,
438 3920 629 3993 observata
646 3927 721 4001 est;
758 3917 818 3990 vel
847 3927 996 4016 propter
1024 3915 1204 3990 membra·

131 4047 207 4102 nam
223 4031 400 4130 tympani
411 4032 568 4131 rigidam
587 4031 729 4116 factam,
746 4028 1029 4116 autrelaxatam,
1045 4037 1112 4103 aut
1127 4048 1205 4097 ero-

130 4160 207 4227 um,
231 4153 300 4215 aut
325 4150 474 4240 ruptum
491 4172 512 4229 3.
526 4143 586 4216 rel
610 4155 834 4241 tympanum
851 4142 974 4240 ipsum
992 4139 1051 4214 vel
1076 4135 1207 4211 tubam
1315 4218 1321 4231 ,

132 4248 430 4329 Eustuckiauum
445 4254 571 4358 aliquo
587 4254 699 4330 modo
715 4254 959 4335 obstructam3
985 4249 1042 4324 vel
1058 4251 1208 4346 propter
