2678 4794
126 271 200 340 354
547 272 797 337 conssucrua
955 276 1042 332 cae.
1061 276 1222 335 xxvnr.

132 459 335 537 manifestis
359 457 485 545 musis,
520 455 643 531 fraetae
666 464 706 530 et
729 452 919 530 exhauste
941 450 1093 542 fuerint,
1132 464 1218 530 tum

134 597 287 674 quoque
310 570 358 645 ad
381 567 557 644 sanandos
580 565 759 666 plurimos
776 565 922 640 morbos
946 565 1013 663 qui
1039 590 1062 638 a
1086 565 1220 642 debili·

136 694 223 773 tate,
239 682 300 758 vel
314 679 473 783 generali
489 679 550 754 vel
565 678 723 778 speciali,
739 703 844 755 suam
860 678 1041 776 originem
1058 676 1221 768 ducunt,

136 797 197 872 vel
213 818 372 897 quorum
389 791 517 867 saltem
533 790 701 866 debilitas
719 814 800 891 pars
816 814 951 890 magna
966 798 1032 864 est.

186 930 301 986 Merv,
326 904 502 980 Plurimis
519 926 669 1003 quoque
697 912 737 978 et
752 901 954 976 admodum
970 901 1080 975 variis
1096 902 1219 979 modis

137 1019 305 1121 prodesse
321 1018 479 1103 videtur,
505 1024 544 1090 et
560 1014 736 1090 effectum
752 1039 862 1090 suum
878 1012 1109 1088 roborantem
1127 1038 1216 1114 pne

138 1142 253 1217 stam
277 1138 316 1204 et
331 1128 513 1227 imprimis
530 1136 575 1201 ut
590 1128 794 1227 astringens
821 1124 1028 1200 remedium
1045 1125 1216 1201 nonnihil

136 1243 245 1331 valet,
261 1241 415 1316 firmatis
440 1238 577 1314 scilieet
600 1249 714 1338 atque
741 1239 899 1312 densatis
923 1237 1091 1336 partibus
1118 1262 1216 1313 mus-

134 1351 277 1442 colosis,
295 1353 395 1428 unde
411 1352 470 1427 hae
484 1361 638 1426 auctum
649 1352 814 1450 vigorem
831 1347 1097 1447 adipiscuntur.
1134 1349 1215 1425 Ma-

134 1466 193 1564 gis
209 1490 298 1540 vero
313 1463 487 1565 proficere
503 1463 653 1539 videtur
668 1462 826 1562 eorporis
842 1459 1067 1549 exercitatio,
1089 1461 1215 1536 robore

135 1576 201 1652 illo
216 1577 319 1677 quod
335 1600 463 1652 omnes
479 1573 648 1662 musculi,
667 1573 770 1672 justa
797 1584 837 1648 et
860 1573 993 1659 erebra,
1017 1582 1058 1646 et
1073 1573 1215 1649 modies

136 1690 281 1765 actione
296 1689 494 1788 oequimnt
510 1687 849 1784 (cccxxxv111),et
864 1683 1002 1759 auxilio
1017 1684 1124 1785 quod
1138 1707 1214 1761 san·

136 1801 262 1902 guinis
278 1802 400 1876 motui
424 1801 951 1895 (ccccxxv11‚ccccxxvr11)‚
974 1803 1014 1870 et
1028 1807 1215 1898 quotquot

136 1938 186 1987 ex
202 1939 246 1987 eo
261 1910 426 2011 pendent
441 1907 706 1995 functionibus,
731 1908 908 2007 impertit,
932 1916 971 1983 et
986 1908 1140 1984 stimulo
1154 1909 1217 1984 illo

133 2022 370 2097 saluberrimo
386 2043 499 2119 quem
517 2020 674 2108 oerebro,
691 2029 731 2095 et
746 2019 880 2108 nervis,
896 2028 936 2094 et
948 2020 1127 2098 musculis
1142 2020 1213 2123 du,

134 2143 174 2206 et
190 2132 287 2207 bono
304 2133 473 2232 appetitu
490 2156 603 2233 quem
623 2131 715 2206 solet
731 2134 843 2206 etiam
859 2131 1118 2218 infirmissimis
1132 2157 1212 2211 eon·

135 2243 267 2332 eiliare,
284 2259 324 2319 et
340 2268 425 2320 sana
441 2244 703 2319 alimentorum
719 2245 951 2319 ooneoctione
963 2267 1077 2343 quam
1094 2245 1210 2331 efficit

47 2400 49 2405 ,
133 2366 174 2432 et
210 2356 343 2432 idoneo
367 2357 526 2456 corporis
550 2356 791 2445 nutrimento,
827 2356 889 2431 eui
917 2357 1083 2433 multum
1107 2357 1210 2445 favet,

134 2478 175 2545 et
189 2468 301 2544 libera
325 2494 392 2569 per
414 2479 541 2545 eutem
566 2468 796 2544 exhalatione
823 2493 937 2567 quam
952 2469 1047 2545 adeo
1070 2492 1210 2572 promo·

133 2590 209 2669 vet,
234 2591 274 2657 et
296 2581 470 2658 omnibus
494 2579 569 2655 fere
593 2580 853 2656 secretionibus
880 2589 920 2655 et
943 2584 1209 2659 excretionibus

134 2691 318 2790 expeditis
350 2703 463 2793 atque
495 2694 685 2792 promotis,
716 2704 756 2769 et
787 2693 911 2767 animo
943 2691 1099 2772 demum
1125 2696 1209 2796 ipso,

134 2801 230 2889 forti,
247 2812 286 2877 et
301 2827 423 2901 aequo,
440 2812 478 2876 et
495 2803 610 2891 hilari,
638 2803 744 2880 facto.
794 2802 928 2904 Neque
944 2804 1097 2882 obseura
1110 2808 1211 2891 ratio,

134 2936 222 3010 qua,
254 2911 349 2987 dum
382 2914 460 2988 istis
485 2912 737 2989 functionibus
761 2926 826 2990 aut
855 2915 1011 3014 singulis
1036 2926 1102 2993 aut
1129 2916 1208 2991 uni·

135 3022 247 3096 versis
263 3022 559 3098 adeoeffieeeiter
570 3021 785 3122 opitulatur,
803 3027 959 3126 reliquas
972 3026 1081 3103 simul
1089 3027 1213 3127 Juvet,

135 3142 334 3233 totumque
361 3133 446 3208 ideo
461 3157 592 3233 eorpus
616 3133 771 3210 roboret
822 3138 956 3238 Neque
972 3139 1131 3217 dubium
1146 3151 1212 3227 est,

135 3254 328 3346 uteunque
342 3243 540 3320 obscurum
555 3245 736 3335 videatur,
752 3271 880 3324 omnes
896 3262 1017 3348 partes
1034 3253 1211 3329 musculo

133 3382 190 3432 sas
207 3360 372 3458 vigorem
389 3381 502 3458 quem
529 3356 662 3456 aliquae
689 3380 816 3435 earum
832 3361 981 3438 sibimet
996 3374 1116 3440 nactae
1131 3366 1212 3451 sint,

133 3469 409 3566 quodammodo
424 3468 650 3568 participare.
679 3479 719 3544 et
744 3472 806 3560 sie,
834 3473 928 3548 dum
944 3475 1099 3573 quidam
1117 3501 1211 3553 mus-

127 3579 207 3654 culi
235 3580 434 3655 voluntarii
463 3591 595 3670 motus,
624 3582 757 3659 idonea
785 3586 1059 3678 exemitatione,
1096 3588 1212 3665 multo

131 3688 322 3766 validiores
338 3692 438 3767 fiunt
453 3716 567 3793 quam
584 3705 693 3770 antea
708 3696 872 3787 fuissent,
889 3698 1063 3797 reliquos,
1089 3725 1210 3802 quam-

130 3803 187 3879 vis
202 3827 333 3902 parum
350 3805 539 3895 exercitos,
556 3805 668 3881 simul
685 3832 771 3884 cum
789 3810 834 3884 iis
858 3810 1028 3888 roborari.
1080 3814 1212 3914 Neque

130 3915 285 3990 demum
302 3915 460 3992 dubium
478 3928 544 4006 est,
561 3921 861 3996 exemitstionem
878 3925 1049 4022 eorporis,
1079 3935 1118 4002 et
1134 3949 1215 4026 pro·

126 4050 270 4128 speram
298 4026 377 4126 ejus
393 4030 651 4106 valetudinem
680 4057 794 4132 quern
824 4034 947 4123 efficit,
976 4037 1105 4113 animo
1133 4061 1207 4138 pro

121 4139 241 4230 desse,
255 4148 296 4218 et
310 4139 538 4234 firmitatem,
553 4152 592 4220 et
609 4145 699 4237 vim,
716 4155 755 4221 et
771 4142 1005 4238 hilaritatem,
1021 4148 1112 4227 huie
1127 4170 1204 4227 oon·
