2678 4794
569 360 690 435 xxxiii

85 557 157 644 let;
190 555 374 631 rarissime
404 555 569 644 utilibus,
603 561 675 632 nisi
700 556 842 657 aliquid
866 565 999 656 praeter
1027 574 1161 630 meram

85 670 276 745 utilitatem
294 668 498 743 habuerint
513 669 561 742 ad
577 670 772 768 capiendos
796 670 992 743 hominum
1010 668 1159 740 animos.

81 784 164 871 Quo
179 782 302 882 magis
318 804 411 854 vero
432 779 651 881 pervulgato
679 783 789 857 fuerit
816 807 902 856 vera
930 781 1092 865 scientia,
1117 801 1162 850 eo

81 895 264 970 difficilius
280 895 321 967 in
340 905 530 992 posterum
548 895 744 993 quisquam
772 920 847 993 prae
863 895 942 967 aliis
959 892 1033 967 sola
1051 892 1164 965 scien-

81 1010 129 1083 tin
144 1009 423 1107 distinguetur:
449 1031 527 1104 quo
543 1010 661 1107 magis
682 1032 831 1106 quoque
847 1018 954 1081 aucta
969 1004 1093 1088 fuerit,
1118 1023 1164 1072 eo
1211 1094 1223 1113 ,

82 1122 200 1195 minor
215 1121 391 1218 cuiquam
418 1142 499 1218 spes
525 1121 596 1194 erit
622 1130 736 1193 tanne
767 1120 853 1194 moli
882 1120 1047 1193 multum
1073 1113 1165 1210 adji-

83 1233 211 1307 ciendi
262 1232 456 1316 Praeteren,
481 1231 656 1307 omnibus
673 1232 754 1329 jam
784 1232 946 1307 scientiae
961 1227 1165 1305 cultoribus

85 1345 199 1442 probe
214 1365 427 1440 persuamm
445 1352 512 1430 est,
536 1344 798 1440 perfectionem
825 1345 904 1444 ejus
921 1368 996 1418 non
1013 1352 1164 1415 tantum

87 1455 134 1528 ab
150 1454 262 1530 unius
277 1454 435 1553 ingenio,
452 1463 647 1554 utcunque
659 1459 742 1544 acri,
759 1469 824 1532 aut
842 1461 953 1533 unius
969 1453 1164 1538 laboribus,

87 1577 275 1666 utcunque
301 1565 477 1654 felicibus,
503 1590 580 1642 esse
608 1571 894 1669 expectandum,
930 1579 1115 1669 quantum
1142 1588 1166 1636 o

83 1680 272 1754 conatibus
288 1678 459 1753 omnium
476 1678 779 1779 philosophorum
804 1708 871 1783 per
899 1682 1018 1757 multo
1043 1676 1164 1754 seculo

26 1812 55 1859 τ
82 1783 345 1867 continuatis‘l
366 1791 500 1890 Longe
525 1794 625 1868 enim
656 1795 761 1870 aliter
777 1820 833 1870 res
851 1820 889 1870 se
905 1795 1016 1868 habet
1032 1795 1071 1865 in
1089 1791 1165 1864 Na·

83 1916 171 1979 turae
187 1906 351 1992 scientio,
376 1914 444 1979 aut
459 1906 498 1978 in
515 1918 593 1981 arte
621 1909 772 1997 medica,
798 1933 885 1984 cum
915 1909 985 1981 ista
1014 1901 1164 1980 scientio

83 2017 170 2092 eden
184 2018 397 2115 conjuncta,
421 2043 533 2117 quam
559 2021 599 2095 in
625 2023 764 2096 artibus
792 2020 1098 2121 elegantioribus3
1124 2017 1165 2088 in

83 2131 216 2228 quibus
233 2130 421 2230 singulare
451 2134 652 2231 ingenium,
678 2159 801 2209 rarum
819 2110 1085 2209 illud'Naturae
1101 2129 1164 2202 do

83 2265 183 2332 num,
200 2253 351 2318 tantum
369 2242 477 2331 valet,
496 2256 538 2319 ut
556 2246 595 2319 in
613 2248 740 2322 multis
757 2271 904 2346 prorsus
920 2245 1165 2320 necessarium

85 2355 141 2442 sit,
165 2366 205 2430 et
220 2379 329 2455 saepe,
354 2358 525 2454 quamvis
554 2383 686 2455 parum
716 2359 871 2447 cultum,
896 2358 972 2432 fere
997 2356 1165 2439 sufficiat,

87 2478 126 2539 et
141 2467 261 2541 felices
275 2467 357 2542 illos
373 2469 510 2566 quibus
527 2471 753 2555 conceditur,
773 2471 821 2541 od
837 2470 968 2542 miram
987 2465 1167 2541 excellen-

88 2580 189 2666 tiam,
207 2596 441 2679 summosque
458 2582 498 2653 in
515 2590 594 2654 arte
611 2580 853 2667 suohonores,
870 2578 1057 2677 perducat.
1107 2575 1168 2648 Ut

85 2691 207 2766 sileam
225 2692 443 2781 Homerum,
463 2695 526 2793 qui
539 2693 616 2769 solo
627 2692 778 2767 forsitan
793 2692 954 2790 ingenio,
971 2711 1167 2786 nunquam

84 2804 158 2878 aliis
174 2805 274 2892 doto,
301 2831 485 2880 summam
516 2808 555 2880 in
581 2807 683 2905 poesi
706 2805 967 2904 perfectionem
987 2826 1166 2879 summos-

86 2940 155 3013 que
171 2917 328 2992 honores
345 2920 482 3017 ottigit,
506 2919 612 2993 liceat
629 2918 837 3018 Baphaelir
853 2917 1068 3017 exemplum
1086 2938 1168 3016 pro-

87 3026 183 3118 serre,
199 3033 266 3128 qui
285 3030 494 3105 felicissimo
510 3057 531 3104 a
550 3032 694 3105 Natura
710 3033 862 3131 ingenio
878 3032 1047 3119 donatus,
1067 3030 1168 3128 quod

88 3142 203 3217 multo
219 3143 346 3217 studio
374 3156 413 3217 et
440 3144 620 3218 indefesso
637 3142 759 3218 labore
785 3124 903 3218 coldre
931 3154 970 3218 et
1000 3166 1168 3217 exercere

90 3258 234 3341 curavit,
260 3257 456 3354 picturam,
483 3257 512 3329 si
529 3258 613 3354 quis
630 3257 734 3343 alius,
764 3259 811 3330 ed
829 3280 1014 3330 summam
1031 3254 1168 3354 perfec-

90 3365 219 3441 tionem
235 3369 424 3465 perduxit.
476 3371 636 3442 Tantam
655 3394 744 3443 vero
761 3371 799 3441 in
818 3368 880 3441 illa
897 3377 974 3441 arte
990 3367 1169 3442 excellen-

90 3478 186 3567 tiam,
210 3504 336 3579 neque
365 3482 500 3579 posteri
530 3480 696 3555 temulari
713 3491 928 3581 potuerunt,
954 3505 1076 3581 neque
1091 3481 1170 3583 ipse

88 3600 148 3664 ent
165 3593 357 3691 praeceptis
374 3594 515 3693 dpcere,
541 3605 606 3668 aut
622 3596 771 3692 proprio
792 3593 966 3693 exemplo
982 3593 1170 3693 discipulis

89 3703 158 3775 suis
185 3703 378 3803 impertiri,
400 3707 537 3803 potuit.
589 3707 863 3806 Unusquisque
892 3731 980 3781 vero
1009 3708 1171 3782 scientiae

91 3816 250 3912 cupidus,
285 3808 492 3895 seculorum
519 3821 788 3917 preteritorum
819 3821 1022 3919 praeceptiS,
1047 3829 1087 3893 et
1115 3821 1171 3893 in·

93 3928 213 4011 ventis,
252 3944 292 4003 et
317 3923 494 4016 doctrina,
521 3954 716 4031 nunquam
746 3934 929 4032 perituris,
955 3934 1095 4031 exiguo
1121 3930 1171 4002 la·

94 4032 171 4111 bore
188 4042 298 4138 potiri
315 4052 355 4115 et
371 4042 444 4116 frui
462 4052 595 4142 potest,
621 4045 827 4143 eademque
852 4043 944 4117 nihil
970 4043 1172 4117 imminuta

92 4162 150 4222 aut
164 4166 347 4251 corrupta,
373 4165 412 4228 et
442 4179 538 4254 saepe
561 4155 825 4230 multisnovis
842 4156 992 4254 adjectis
1008 4147 1171 4226 inventis

93 4256 335 4363 locupletiore,
361 4269 516 4365 posteris
533 4268 696 4357 tradere3
723 4271 776 4344 ita
804 4277 849 4342 ut
877 4267 1038 4367 quisque
1067 4257 1171 4331 disei-

632 4405 653 4455 c
