2678 4794
123 381 212 445 CAP·
227 383 270 440 X·
417 379 635 437 MEDICINAE
654 380 940 439 THEORETICAE.
1154 375 1201 450 89

175 578 399 638 ccnxxxrx.
424 556 562 634 Omnes
578 558 636 634 ha
649 557 839 635 facultates
862 571 938 634 tam
956 583 1049 657 pure
1069 563 1203 636 mentis

130 683 223 761 sunt,
248 683 292 747 ut
309 672 431 771 primo
453 673 594 746 intuitu
619 671 718 747 baud
741 673 942 771 quicquam
964 674 1132 771 corporei
1159 674 1203 747 iis

127 788 239 861 inesse
264 784 458 858 videatur:
488 784 622 858 dooent
645 795 770 859 tamen
786 785 903 860 morbi
927 785 994 884 qui
1010 809 1070 859 eas
1090 786 1203 884 impe-

128 899 244 987 diunt,
268 907 415 973 certum
441 897 577 970 cerebri
605 907 752 983 statum,
777 907 822 972 ut
845 897 939 1001 bene
955 909 1205 983 exerceantur,

129 1011 283 1110 requiri:
310 1008 428 1107 idque
452 1032 626 1084 sensuum
650 1011 881 1085 intemorum
897 1010 1112 1109 primarium
1129 1034 1206 1084 esse

129 1147 318 1223 organum.
374 1121 457 1196 Nec
493 1122 629 1196 desunt
664 1121 872 1221 philosophi
909 1135 948 1196 et
972 1123 1105 1196 medici
1130 1146 1204 1195 non

129 1235 231 1333 parvi
246 1234 418 1320 nominis,
447 1235 514 1331 qui
530 1244 668 1334 negant
685 1233 799 1307 ullam
827 1235 867 1308 in
878 1247 1004 1308 mente
1033 1235 1205 1310 mutatio·

133 1367 216 1420 nem
231 1346 296 1420 rel
310 1347 565 1445 cogitationem
579 1346 669 1432 fieri,
685 1369 800 1444 quam
816 1357 913 1421 certa
928 1355 967 1421 et
983 1370 1068 1443 quae
1084 1346 1205 1420 eidem

134 1457 330 1556 respondet
339 1458 472 1532 cerebri
481 1458 640 1534 mutatio
653 1482 726 1533 non
740 1459 948 1534 comitetur.
983 1458 1205 1557 Resparum

134 1579 239 1657 certa,
263 1593 392 1669 parurn
416 1570 538 1659 utilis,
562 1594 685 1670 neque
708 1568 813 1645 facile
836 1570 883 1646 ad
907 1572 1205 1669 experimentum

132 1681 336 1758 reducenda
360 1682 469 1774 (cxx,
497 1691 537 1756 et
552 1690 668 1782 seqq.)
718 1682 882 1757 Tantum
900 1684 999 1757 enim
1024 1683 1137 1769 abest,
1160 1693 1205 1756 ut

131 1776 236 1869 ulla'm
262 1795 515 1869 mutationum
540 1819 625 1893 quae
649 1797 689 1869 in
713 1795 860 1871 cerebro
883 1795 992 1883 fiunt,
1016 1793 1077 1868 vel
1105 1794 1206 1868 modi

131 1931 201 2006 quo
216 1907 328 1982 variae
345 1906 424 2004 ejus
440 1918 560 2007 partes
576 1918 783 2006 operantur,
800 1907 893 1984 dum
909 1907 1095 1995 memoria,
1116 1906 1205 1979 ima·

130 2020 277 2118 pastio,
301 2018 490 2117 judicium
527 2031 753 2109 exercentur,
783 2022 971 2096 scientiam
996 2019 1205 2105 babeamus,

132 2140 170 2206 ut
192 2131 415 2232 nequidem
444 2132 593 2208 sanade
609 2132 665 2208 his
681 2134 790 2217 rebus
806 2135 1013 2233 conjectura
1029 2132 1205 2208 hactenus

131 2241 236 2318 brerit
251 2243 406 2344 prolata

174 2378 292 2432 ccxc.
309 2356 533 2431 Functionis
544 2357 795 2456 igitur,·cujus
810 2358 903 2431 ratio
912 2360 952 2431 in
962 2358 1117 2431 sanitate
1127 2365 1205 2428 tam

132 2476 209 2542 atra
230 2467 385 2569 caligine
409 2468 635 2555 obscuratur,
671 2469 818 2541 morbos
842 2492 974 2566 parurn
1002 2466 1207 2541 intellectos

133 2601 209 2654 em
234 2592 388 2680 oportet
456 2582 550 2656 Suos
586 2591 709 2654 tamen
736 2578 879 2652 morbos
913 2579 1033 2666 habet,
1067 2598 1206 2676 graves,

132 2690 309 2780 molestos,
325 2693 561 2780 miserandos,
578 2691 680 2767 omni
698 2691 902 2766 attentione
918 2691 1073 2789 dignos:
1099 2686 1207 2761 nimi·

130 2826 210 2878 rum
225 2805 296 2904 qui
312 2815 476 2879 mentem
493 2806 622 2904 ipsam,
639 2827 715 2902 qua
730 2803 868 2877 caeteris
884 2801 1099 2877 animalibus
1115 2824 1206 2901 prse-

131 2924 281 3004 stamus,
294 2917 441 3003 vitient,
458 2928 497 2991 et
513 2916 685 2992 inutilem
703 2915 869 2990 reddant.

117 3048 120 3053 ⁴
177 3050 313 3104 ccxcr.
338 3027 539 3103 Alienatur
553 3051 669 3115 mens,
695 3026 876 3125 siquando
891 3027 1002 3101 bomo
1019 3027 1207 3124 cogitatio·

133 3160 196 3213 nes
211 3142 399 3216 memoriae
423 3151 489 3217 aut
503 3141 776 3241 imaginationis
804 3163 888 3214 cum
912 3139 1207 3239 perceptionibus

134 3272 304 3326 sensuum
316 3245 555 3327 externorum
568 3251 773 3340 confundit,
790 3261 828 3326 et
844 3253 905 3338 sic,
922 3277 1006 3350 quae
1017 3274 1091 3324 non
1109 3261 1207 3335 sunt,

133 3361 190 3436 vel
214 3385 409 3462 nunquam
434 3364 547 3453 suere,
571 3365 696 3439 adesse
719 3364 856 3449 credit;
886 3363 947 3437 vel
972 3364 1001 3435 si
1020 3362 1204 3460 judicium

134 3471 175 3548 de
189 3474 300 3551 rebus
314 3475 412 3551 male
428 3498 570 3565 sanum,
596 3486 634 3550 et
650 3501 672 3550 a
688 3476 877 3552 communi
892 3473 1084 3549 hominum
1099 3497 1207 3549 sensu

134 3585 300 3676 dienum,
315 3588 407 3663 -fert
473 3588 562 3664 Hoc
589 3600 713 3665 autem
742 3589 930 3675 rarissime,
967 3589 998 3661 si
1032 3609 1207 3685 unquam,

136 3700 269 3776 uadit
320 3699 348 3776 J
351 3702 512 3776 udicium
529 3726 657 3776 sanum
678 3715 800 3776 mente
815 3711 944 3800 captus
960 3700 1053 3775 ferre
1079 3699 1208 3773 soleta

138 3805 225 3886 falsis
240 3813 454 3913 principiis:
484 3837 607 3913 neque
624 3814 717 3888 male
733 3814 980 3900 ratiocinatur,
1005 3813 1068 3886 sed
1085 3813 1208 3910 potius

140 3917 314 4024 desipiam
329 3923 464 4015 furens,
481 3929 558 4024 qui,
581 3928 716 4003 Jovem
734 3951 771 4000 se
787 3926 947 4013 credens,
964 3925 991 4000 J
991 3925 1069 3999 ovis
1085 3923 1209 3998 solmi-

141 4047 368 4134 ”imm

181 4166 329 4223 ccxcrt
355 4148 499 4230 Mentis
523 4148 693 4225 alienatio
716 4151 863 4225 vesania
886 4147 1088 4249 generatim
1105 4167 1208 4218 voca·

145 4261 218 4345 tun
243 4261 338 4335 siex
354 4261 454 4336 febre
464 4272 529 4349 est,
547 4263 739 4351 delirium3
764 4264 855 4340 citra
866 4261 1016 4345 febrem,
1032 4253 1208 4354 general-is
