2678 4794
184 432 258 514 876
555 422 809 501 cousrscrm
1048 441 1272 503 canxxrx.

186 626 360 712 remedia,
385 645 505 721 nequo
520 643 606 696 sane
634 619 831 706 immerito,
856 618 1080 695 recensitum
1096 619 1181 709 suit,
1206 647 1273 723 pro

88 715 92 725 ⁸
188 739 401 815 infirmante
415 733 613 834 aliquando
630 733 797 832 usurpari
814 740 947 831 potest,
975 740 1015 805 et
1031 755 1159 807 revera
1172 734 1272 811 baud

187 871 321 953 parum
338 872 434 948 saepe
449 846 609 946 profuit:
636 846 815 921 nimirum
839 845 869 918 si
886 845 973 920 satis
988 846 1178 923 intensum
1195 849 1271 922 tire·

188 965 251 1051 rit,
288 971 326 1038 et
350 963 413 1036 diu
437 961 665 1034 adhibitum.
741 956 911 1033 Effectus
935 981 1024 1033 vero
1048 958 1196 1060 frigoris
1218 960 1271 1036 in·

190 1075 340 1150 firmans
364 1073 523 1174 pendere
548 1073 699 1146 uidetur
723 1072 858 1171 partim
884 1095 906 1145 a
929 1071 970 1145 vi
995 1070 1075 1171 ejus
1111 1073 1271 1161 sedante,

191 1187 254 1278 (de
277 1211 351 1287 qua
375 1187 494 1262 fusius
518 1194 644 1285 postea
668 1185 868 1259 dicendum
892 1185 988 1282 erit),
1017 1185 1120 1259 unde
1148 1208 1272 1261 sennis

190 1306 229 1373 et
246 1298 431 1374 mobilitas
455 1299 509 1373 ita
524 1300 759 1386 minuuntur,
785 1307 828 1372 ut
852 1295 1005 1396 plun‘mi
1029 1298 1184 1386 stimuli.
1207 1297 1271 1397 qui

187 1432 322 1510 corpus
334 1411 440 1487 aliter
451 1411 616 1486 multum
629 1411 825 1498 afficerent,
839 1408 1271 1510 vehementissimumque

188 1523 445 1599 musculorum
462 1525 645 1599 actionem
662 1523 867 1597 excitarent
885 1523 1073 1621 (nexuv),
1090 1522 1184 1599 nilril
1200 1523 1271 1599 fere

187 1634 357 1723 soleant3
387 1639 523 1736 purtim
540 1659 690 1736 quoqne
705 1635 753 1709 ab
768 1633 839 1708 alia
868 1634 948 1733 ejus
963 1636 1107 1710 actione
1123 1636 1165 1711 in
1181 1659 1270 1713 cere·

189 1747 269 1837 bro,
286 1756 325 1822 et
341 1750 473 1835 nervis,
499 1759 538 1823 et
555 1745 738 1833 musculis,
763 1745 876 1833 unde,
893 1749 932 1821 in
950 1748 1147 1824 sanissimis
1163 1752 1270 1825 etiam

189 1869 230 1933 et
247 1861 517 1946 robustissimis,
534 1859 637 1933 brevi
653 1859 824 1934 debilitas
839 1861 995 1960 insignis
1012 1862 1221 1962 (ncxxm),
1235 1872 1270 1938 et

189 1979 328 2045 tremor
344 1981 383 2043 et
398 1969 582 2069 paralysis.
822 2067 827 2075 1

238 2101 354 2156 nom.
382 2081 613 2181 Hujusmodi
630 2085 789 2168 remedia
805 2085 1031 2161 infirmantis
1046 2087 1221 2179 (nem,
1234 2097 1270 2163 et

189 2198 318 2292 sequ),
343 2194 382 2268 in
400 2194 509 2269 variis
525 2195 663 2270 morbis
686 2197 726 2271 in
743 2198 880 2296 quibus
904 2199 1016 2274 nimis
1031 2201 1157 2275 valida
1172 2201 1269 2277 fibra·

185 2327 276 2381 rum
300 2306 594 2383 musculosarum
619 2311 819 2387 contractio
843 2311 985 2400 assidit,
1012 2312 1133 2388 veluti
1158 2315 1198 2390 in
1220 2314 1269 2389 in·

187 2420 300 2509 sonia,
326 2429 391 2495 aut
415 2419 579 2496 febribus
602 2421 786 2511 violentis,
820 2432 886 2499 aut
910 2424 1270 2513 inflammationibus,

189 2542 286 2622 tuto,
312 2541 351 2607 et
388 2532 502 2621 facile,
540 2541 579 2608 et
612 2557 699 2610 cum
723 2559 862 2636 magno
886 2535 1077 2627 beneficio,
1112 2537 1271 2615 adbiberi

188 2629 352 2745 possunt
405 2645 452 2719 In
478 2647 534 2721 bis
559 2648 714 2745 quidem
732 2649 869 2723 morbis
893 2651 1024 2748 primae
1039 2652 1177 2752 origini
1194 2649 1272 2726 mali

191 2750 336 2831 fortiter
373 2768 581 2847 occurrunt,
620 2770 659 2834 et
695 2763 813 2862 igitur
836 2761 896 2835 vel
933 2762 1017 2849 sola,
1058 2763 1119 2837 vel
1148 2764 1273 2839 saltem

190 2865 438 2942 efficacissima
454 2868 533 2967 ejus
549 2873 714 2946 remedia
730 2873 839 2946 fiunt.
889 2873 943 2948 Et
973 2877 1012 2948 in
1029 2877 1108 2975 ipsu
1123 2875 1271 2961 insania,

189 2977 363 3075 quamvis
388 2980 495 3077 vigor
519 2981 708 3056 morbosus
733 2984 799 3081 qui
824 2984 936 3072 adest,
973 2987 1125 3064 effectus
1156 2986 1273 3062 mdrbi

189 3096 230 3163 et
256 3088 411 3163 minime
426 3113 533 3165 causa
551 3091 631 3190 ejus
659 3093 718 3181 sit,
744 3104 867 3168 tamen
896 3098 1093 3176 observatu
1116 3101 1274 3202 dignum

189 3209 257 3289 est,
286 3201 416 3276 eadem
442 3204 603 3278 remedia
621 3228 718 3304 saepe
734 3207 834 3282 haud
858 3234 989 3308 purum
1006 3214 1200 3311 prodesse:
1225 3217 1275 3288 its

179 3320 236 3420 'ut
253 3315 338 3390 satis
355 3315 553 3390 verisimile
570 3317 628 3404 sit,
653 3342 697 3391 ea
713 3320 897 3417 (quamvis
913 3327 1055 3400 ratione
1073 3328 1275 3402 admodum

190 3424 358 3524 obscum)
384 3427 514 3527 ignoto
538 3428 601 3501 isti
626 3432 763 3506 cerebri
791 3457 1064 3536 nervorumque
1081 3441 1196 3515 statui
1219 3465 1274 3517 oc»

188 3557 346 3624 currere,
373 3537 473 3612 unde
489 3547 615 3616 tantus
632 3544 749 3642 vigor,
773 3547 909 3644 pariter
933 3573 974 3623 ac
998 3561 1129 3626 caetera
1159 3552 1274 3629 morbi

189 3645 336 3734 indicia,
353 3649 542 3747 penderet.

242 3779 374 3835 menn.
402 3762 608 3864 Supersunt
632 3777 758 3844 tamen
783 3773 954 3869 quaedsm
979 3798 1046 3863 res,
1072 3802 1160 3875 quae
1177 3777 1275 3852 tanta

189 3869 230 3946 vi
246 3870 455 3949 infirmante
472 3879 510 3952 in
529 3905 679 3980 corpore
694 3882 859 3959 humano
874 3884 1025 3984 pollent,
1051 3899 1097 3963 ut
1113 3890 1274 3991 aliqnan-

188 3981 240 4056 do
255 4007 323 4083 pno
338 3989 510 4064 remediis
527 3994 669 4070 utiliter
685 3995 850 4070 adhiberi
866 3999 1026 4094 possint;
1052 4024 1190 4100 magna
1212 4003 1273 4077 sci·

79 4139 89 4151 -
164 4134 167 4139 «
189 4093 276 4171 lieet
292 4100 452 4198 corporis
468 4106 693 4195 exercitatio,
719 4108 798 4182 sive
813 4108 915 4184 labor
938 4113 1061 4211 gravis
1078 4124 1118 4190 et
1134 4117 1272 4191 diutur-

192 4229 274 4298 nus,
292 4219 331 4285 et
346 4213 460 4288 animi
476 4215 630 4291 affectus
645 4219 905 4319 deprimentes.

239 4341 389 4406 sicum.
415 4324 531 4418 Quod
555 4327 749 4430 ingentem
773 4343 813 4411 et
837 4333 905 4412 diu
928 4338 1186 4420 continuatam
1203 4361 1270 4416 cor·
