2678 4794
62 345 149 399 car.
164 341 313 398 xxxrx.
363 337 585 395 nnmerum
603 336 891 396 rnnonnrrcar.
1064 324 1135 394 541

61 541 194 618 corpus
217 518 358 604 laxatis,
382 516 435 590 ito
450 525 496 590 ut
511 515 624 591 libera
652 526 690 590 et
719 512 895 590 naturalis
922 512 1046 589 denuo
1074 512 1140 588 fiat

65 631 254 730 sanguinis
271 628 490 703 distributio.
540 626 821 724 Qualiscunque
849 651 937 701 vero
965 627 1017 700 rei
1046 626 1140 700 ratio

63 743 185 830 fuerit,
203 744 271 816 hoc
287 742 470 815 duntaxat
485 739 636 814 firmum
653 751 719 827 est,
744 763 885 814 menses
913 763 1018 838 saepe,
1042 740 1139 813 intra

60 878 193 952 paucos
210 853 314 928 horas
331 878 353 926 a
368 852 580 938 vomitione,
604 851 767 927 foeminis
783 852 901 927 redire
916 851 1052 950 quibus
1068 851 1135 924 diu

61 966 287 1053 defecissent,
311 975 352 1041 et
367 964 553 1039 interdum
571 958 806 1039 etiam'inter'
831 964 1137 1039 vomendumsu·

62 1077 141 1152 bito
157 1099 405 1176 prorumpere.

111 1212 240 1263 Man.
258 1187 352 1261 Alvi
369 1187 521 1262 demum
536 1189 707 1287 purgatio
717 1190 764 1263 ad
776 1189 937 1265 eundem
947 1188 1061 1263 finem
1073 1184 1136 1259 uli-

60 1300 211 1399 quando
226 1300 409 1385 conducit,
436 1323 510 1372 non
540 1301 656 1374 modo
685 1300 847 1389 stimulo,
871 1302 948 1375 sive
964 1296 1138 1401 generali,

60 1413 139 1487 sive
155 1411 299 1510 speciali
317 1412 500 1507 (ornum),
525 1412 785 1487 medicamenti
809 1412 911 1510 quod
927 1411 1135 1497 adhibetur,

60 1523 124 1597 sed
142 1547 289 1621 corpore
306 1522 416 1596 simul
443 1521 574 1611 soluto,
603 1524 697 1598 vasis
722 1524 904 1611 omnibus,
934 1523 1136 1620 presertim

58 1635 99 1707 in
132 1633 341 1722 abdomine,
376 1633 516 1722 laxatis,
551 1635 862 1711 obstructionibus
894 1644 933 1709 et
961 1633 1138 1709 morbosis
1268 1715 1269 1720 ,

58 1747 248 1844 sanguinis
276 1747 315 1820 in
349 1770 394 1820 eo
425 1749 724 1845 congestionibus
757 1747 919 1835 sublatis,
955 1755 1138 1843 motuque

60 1858 257 1955 sanguinis,
282 1881 349 1956 per
364 1858 489 1931 om'nia
507 1858 587 1957 ejus
604 1860 750 1948 viscera,
775 1871 970 1959 partesque
987 1859 1136 1944 vicinas,

59 1969 172 2067 probe
188 1970 373 2064 expedito.
423 1969 527 2041 Hinc
540 1972 650 2045 etiam
664 1997 730 2070 per
741 1971 880 2045 leniora
892 1971 1136 2045 medicamen·

58 2089 107 2165 ta,
132 2090 171 2153 et
196 2103 282 2176 quae
308 2078 483 2152 dicuntur
498 2079 757 2180 refrigerantia,
782 2082 922 2169 effecta,
948 2083 1134 2155 interdum

59 2189 173 2278 utilis,
198 2191 237 2263 in
255 2188 384 2262 iisdem
402 2188 476 2261 fere
492 2190 644 2277 casibus,
669 2201 707 2263 et
723 2192 864 2263 ratione
879 2215 954 2263 non
972 2193 1134 2267 multum
1210 2202 1217 2215 ’

60 2301 188 2390 aliena,
213 2326 256 2376 oc
273 2300 461 2400 sanguinis
477 2299 654 2375 detractio
669 2301 841 2399 prodesse
857 2300 958 2374 solet

108 2436 257 2489 Mnnxl.
285 2413 411 2486 Multa
427 2412 589 2510 denique
604 2412 776 2499 remedia,
801 2412 1002 2511 praesertim
1020 2411 1134 2486 emol-

57 2523 195 2612 lientia,
211 2549 296 2622 quae
306 2525 526 2622 sanguinem
538 2523 709 2600 deorsum
722 2525 894 2613 invitant,
906 2534 1136 2621 uterumque

58 2660 187 2711 versus
204 2636 384 2733 copiosius
408 2634 587 2722 derivant,
611 2635 672 2711 vel
687 2637 881 2725 reducunt,
906 2635 966 2710 vel
983 2644 1135 2735 cogunt,

58 2749 107 2821 ad
137 2747 340 2822 evocandos
372 2771 514 2822 menses
547 2772 643 2847 saepe
673 2747 821 2848 egregie
853 2757 1017 2848 prosunt
1067 2747 1136 2822 Ad

56 2859 158 2934 hunc
185 2860 310 2947 finem,
335 2859 458 2933 crebra
484 2870 524 2935 et
548 2860 670 2936 valida
698 2860 880 2935 femorum
909 2881 1135 2958 crurumque

57 2971 187 3073 frictio,
213 2982 252 3045 et
268 2971 363 3047 calor
380 2973 487 3046 variis
512 2973 632 3047 modis
647 2974 692 3048 iis
708 2973 874 3072 partibus
889 2973 1071 3059 admotus,
1096 2979 1135 3046 et

57 3083 230 3159 balneum
259 3085 439 3184 imprimis
465 3083 636 3174 calidum,
661 3097 701 3160 et
715 3084 889 3173 fomenta,
914 3095 954 3158 et
968 3084 1135 3171 lotiones,

56 3207 97 3270 et
112 3222 263 3296 vapores
279 3223 385 3295 aquae
400 3198 544 3296 tepidos,
561 3198 622 3273 vel
637 3198 790 3274 artubus
805 3196 1048 3283 inferioribus,
1071 3193 1134 3269 vei

56 3309 145 3407 ipsis
162 3308 398 3394 naturalibus,
426 3308 486 3381 vel
502 3310 665 3409 partibus
681 3310 823 3397 vicinis,
847 3331 942 3407 saepe
958 3305 1133 3380 adhiben-

56 3419 131 3507 tur,
155 3443 223 3493 nec
247 3445 337 3507 raro,
363 3420 449 3492 satis
474 3421 667 3494 manifesta
694 3421 845 3509 ratione,
870 3418 1034 3493 multum
1052 3441 1134 3515 pro·

56 3541 155 3607 sunt.
208 3531 361 3628 Semper
389 3554 540 3629 quoque
556 3531 649 3605 utile
664 3542 730 3622 est,
755 3531 912 3606 inomni
930 3553 1015 3605 casu
1032 3553 1134 3604 men·

56 3644 154 3717 sium
171 3642 436 3728 deficientium,
462 3642 573 3740 pedes
590 3652 628 3718 et
643 3667 749 3719 crura
764 3643 880 3719 calida
896 3667 1048 3730 servare,
1072 3642 1133 3716 vel

56 3778 79 3827 a
96 3754 231 3852 frigore
247 3755 384 3840 saltem,
409 3764 448 3828 et
464 3753 630 3843 humore,
651 3753 847 3862 diligenter
861 3766 901 3830 et
916 3757 1055 3829 curiose
1071 3752 1133 3825 de·

55 3863 227 3952 fendere;
257 3867 433 3941 nimirum
451 3869 540 3965 quia
554 3868 657 3942 nulla
672 3870 747 3942 fere
763 3868 989 3967 frequentior
1004 3864 1131 3938 existit

55 3975 272 4075 hujusmodi
287 3979 450 4054 defectus
467 4003 574 4055 causa
590 4002 703 4079 quarn
732 3979 849 4080 frigus
875 3979 1028 4054 artubus
1044 3974 1135 4049 infe-

53 4089 213 4166 rioribus
230 4090 433 4166 admotum.

106 4222 274 4276 Mnnxn.
306 4204 511 4292 Postremo,
535 4205 731 4305 insigniter
758 4203 957 4305 aliquando
987 4200 1142 4301 profuit,
