<?xml version="1.0" encoding="UTF-8"?>
<!DOCTYPE html PUBLIC "-//W3C//DTD XHTML 1.0 Transitional//EN"
    "http://www.w3.org/TR/xhtml1/DTD/xhtml1-transitional.dtd">
<html xmlns="http://www.w3.org/1999/xhtml" xml:lang="en" lang="en">
 <head>
  <title>
</title>
<meta http-equiv="Content-Type" content="text/html;charset=utf-8" />
  <meta name='ocr-system' content='tesseract 3.04.00' />
  <meta name='ocr-capabilities' content='ocr_page ocr_carea ocr_par ocr_line ocrx_word'/>
</head>
<body>
  <div class='ocr_page' id='page_1' title='image "./conspectusmedic01greggoog_0220.png"; bbox 0 0 2678 4794; ppageno 0'>
   <div class='ocr_carea' id='block_1_1' title="bbox 135 425 1268 516">
    <p class='ocr_par' dir='ltr' id='par_1_1' title="bbox 135 425 1268 516">
     <span class='ocr_line' id='line_1_1' title="bbox 135 425 1268 516; baseline -0.001 -9"><span class='ocrx_word' id='word_1_1' title='bbox 135 452 221 507; x_wconf 72' lang='lat' dir='ltr'>cae.</span> <span class='ocrx_word' id='word_1_2' title='bbox 239 449 341 504; x_wconf 85' lang='lat' dir='ltr'>xvn.</span> <span class='ocrx_word' id='word_1_3' title='bbox 423 425 644 507; x_wconf 75' lang='lat' dir='ltr'>MEbthNAE</span> <span class='ocrx_word' id='word_1_4' title='bbox 662 447 950 505; x_wconf 75' lang='lat' dir='ltr'>ruuoanrrcn.</span> <span class='ocrx_word' id='word_1_5' title='bbox 1138 432 1208 516; x_wconf 88' lang='grc'>169</span> <span class='ocrx_word' id='word_1_6' title='bbox 1266 448 1268 450; x_wconf 88' lang='grc'><strong><em>·</em></strong></span> 
     </span>
    </p>
   </div>
   <div class='ocr_carea' id='block_1_2' title="bbox 128 614 1253 4442">
    <p class='ocr_par' dir='ltr' id='par_1_2' title="bbox 128 614 1211 843">
     <span class='ocr_line' id='line_1_2' title="bbox 130 614 1211 727; baseline -0.004 -22"><span class='ocrx_word' id='word_1_7' title='bbox 130 614 220 717; x_wconf 84' lang='lat' dir='ltr'>duit,</span> <span class='ocrx_word' id='word_1_8' title='bbox 247 639 460 727; x_wconf 74' lang='lat' dir='ltr'>putrescens</span> <span class='ocrx_word' id='word_1_9' title='bbox 486 626 592 714; x_wconf 83' lang='lat' dir='ltr'>facta,</span> <span class='ocrx_word' id='word_1_10' title='bbox 618 652 739 726; x_wconf 89' lang='lat' dir='ltr'>neque</span> <span class='ocrx_word' id='word_1_11' title='bbox 754 637 881 727; x_wconf 88' lang='lat' dir='ltr'>postea</span> <span class='ocrx_word' id='word_1_12' title='bbox 907 627 1108 726; x_wconf 82' lang='lat' dir='ltr'>apristinis</span> <span class='ocrx_word' id='word_1_13' title='bbox 1136 651 1211 703; x_wconf 88' lang='lat' dir='ltr'>eor-</span> 
     </span>
     <span class='ocr_line' id='line_1_3' title="bbox 128 741 748 843; baseline -0.003 -26"><span class='ocrx_word' id='word_1_14' title='bbox 128 744 219 843; x_wconf 91' lang='lat' dir='ltr'>poris</span> <span class='ocrx_word' id='word_1_15' title='bbox 236 741 460 817; x_wconf 85' lang='lat' dir='ltr'><strong>humoribus</strong></span> <span class='ocrx_word' id='word_1_16' title='bbox 476 742 748 841; x_wconf 88' lang='lat' dir='ltr'>distinguenda.</span> 
     </span>
    </p>

    <p class='ocr_par' dir='ltr' id='par_1_3' title="bbox 129 852 1213 1743">
     <span class='ocr_line' id='line_1_4' title="bbox 170 852 1212 952; baseline -0.005 -20"><span class='ocrx_word' id='word_1_17' title='bbox 170 878 337 932; x_wconf 75' lang='lat' dir='ltr'>nuxvn.</span> <span class='ocrx_word' id='word_1_18' title='bbox 355 854 546 952; x_wconf 88' lang='lat' dir='ltr'>Denique,</span> <span class='ocrx_word' id='word_1_19' title='bbox 557 866 644 929; x_wconf 87' lang='lat' dir='ltr'>sunt</span> <span class='ocrx_word' id='word_1_20' title='bbox 657 857 723 952; x_wconf 91' lang='lat' dir='ltr'>qui</span> <span class='ocrx_word' id='word_1_21' title='bbox 736 852 1058 929; x_wconf 80' lang='lat' dir='ltr'>creduntcclorem</span> <span class='ocrx_word' id='word_1_22' title='bbox 1076 853 1212 927; x_wconf 88' lang='lat' dir='ltr'>anima-</span> 
     </span>
     <span class='ocr_line' id='line_1_5' title="bbox 129 967 1213 1067; baseline 0.001 -27"><span class='ocrx_word' id='word_1_23' title='bbox 129 967 216 1043; x_wconf 87' lang='lat' dir='ltr'>lium</span> <span class='ocrx_word' id='word_1_24' title='bbox 234 969 275 1042; x_wconf 91' lang='lat' dir='ltr'>in</span> <span class='ocrx_word' id='word_1_25' title='bbox 294 967 475 1067; x_wconf 87' lang='lat' dir='ltr'>pulmone</span> <span class='ocrx_word' id='word_1_26' title='bbox 491 967 767 1065; x_wconf 84' lang='lat' dir='ltr'>quodammodo</span> <span class='ocrx_word' id='word_1_27' title='bbox 782 968 898 1066; x_wconf 83' lang='lat' dir='ltr'>gigni.</span> <span class='ocrx_word' id='word_1_28' title='bbox 950 968 1060 1055; x_wconf 90' lang='lat' dir='ltr'>Nam,</span> <span class='ocrx_word' id='word_1_29' title='bbox 1078 969 1116 1041; x_wconf 92' lang='lat' dir='ltr'>in</span> <span class='ocrx_word' id='word_1_30' title='bbox 1134 967 1213 1041; x_wconf 86' lang='lat' dir='ltr'>aliis</span> 
     </span>
     <span class='ocr_line' id='line_1_6' title="bbox 129 1078 1213 1181; baseline 0 -27"><span class='ocrx_word' id='word_1_31' title='bbox 129 1080 316 1180; x_wconf 84' lang='lat' dir='ltr'>exemplis,</span> <span class='ocrx_word' id='word_1_32' title='bbox 341 1081 436 1154; x_wconf 92' lang='lat' dir='ltr'>dum</span> <span class='ocrx_word' id='word_1_33' title='bbox 452 1079 550 1181; x_wconf 88' lang='lat' dir='ltr'>calor</span> <span class='ocrx_word' id='word_1_34' title='bbox 565 1078 620 1166; x_wconf 87' lang='lat' dir='ltr'>fit,</span> <span class='ocrx_word' id='word_1_35' title='bbox 647 1079 851 1177; x_wconf 91' lang='lat' dir='ltr'>plurimum</span> <span class='ocrx_word' id='word_1_36' title='bbox 880 1079 1028 1155; x_wconf 80' lang='lat' dir='ltr'>acidum</span> <span class='ocrx_word' id='word_1_37' title='bbox 1044 1079 1213 1156; x_wconf 83' lang='lat' dir='ltr'>carboni·</span> 
     </span>
     <span class='ocr_line' id='line_1_7' title="bbox 129 1192 1213 1293; baseline 0.002 -27"><span class='ocrx_word' id='word_1_38' title='bbox 129 1216 206 1267; x_wconf 83' lang='lat' dir='ltr'>cum</span> <span class='ocrx_word' id='word_1_39' title='bbox 220 1193 423 1278; x_wconf 68' lang='lat' dir='ltr'>formatum</span> <span class='ocrx_word' id='word_1_40' title='bbox 450 1202 672 1290; x_wconf 88' lang='lat' dir='ltr'>consumpto</span> <span class='ocrx_word' id='word_1_41' title='bbox 698 1193 873 1266; x_wconf 89' lang='lat' dir='ltr'>nimirum</span> <span class='ocrx_word' id='word_1_42' title='bbox 904 1194 995 1266; x_wconf 71' lang='lat' dir='ltr'>aeris</span> <span class='ocrx_word' id='word_1_43' title='bbox 1024 1192 1213 1293; x_wconf 73' lang='lat' dir='ltr'>oxygonio</span> 
     </span>
     <span class='ocr_line' id='line_1_8' title="bbox 130 1305 1212 1406; baseline 0.002 -28"><span class='ocrx_word' id='word_1_44' title='bbox 130 1314 167 1378; x_wconf 86' lang='lat' dir='ltr'>et</span> <span class='ocrx_word' id='word_1_45' title='bbox 180 1327 273 1379; x_wconf 89' lang='lat' dir='ltr'>cum</span> <span class='ocrx_word' id='word_1_46' title='bbox 288 1305 440 1378; x_wconf 73' lang='lat' dir='ltr'>carbone</span> <span class='ocrx_word' id='word_1_47' title='bbox 465 1306 674 1402; x_wconf 88' lang='lat' dir='ltr'>conjuncto.</span> <span class='ocrx_word' id='word_1_48' title='bbox 726 1305 813 1393; x_wconf 88' lang='lat' dir='ltr'>Hoc</span> <span class='ocrx_word' id='word_1_49' title='bbox 843 1329 891 1379; x_wconf 82' lang='lat' dir='ltr'>ex</span> <span class='ocrx_word' id='word_1_50' title='bbox 907 1305 1057 1380; x_wconf 87' lang='lat' dir='ltr'>flamma</span> <span class='ocrx_word' id='word_1_51' title='bbox 1086 1308 1212 1406; x_wconf 90' lang='lat' dir='ltr'>impri-</span> 
     </span>
     <span class='ocr_line' id='line_1_9' title="bbox 135 1415 1212 1519; baseline 0.004 -30"><span class='ocrx_word' id='word_1_52' title='bbox 135 1415 205 1489; x_wconf 90' lang='lat' dir='ltr'>mis</span> <span class='ocrx_word' id='word_1_53' title='bbox 220 1416 411 1505; x_wconf 69' lang='lat' dir='ltr'>dissimum</span> <span class='ocrx_word' id='word_1_54' title='bbox 438 1419 503 1493; x_wconf 93' lang='lat' dir='ltr'>ubi</span> <span class='ocrx_word' id='word_1_55' title='bbox 521 1442 678 1518; x_wconf 91' lang='lat' dir='ltr'>magnus</span> <span class='ocrx_word' id='word_1_56' title='bbox 695 1417 791 1492; x_wconf 90' lang='lat' dir='ltr'>calor</span> <span class='ocrx_word' id='word_1_57' title='bbox 807 1431 874 1505; x_wconf 91' lang='lat' dir='ltr'>est,</span> <span class='ocrx_word' id='word_1_58' title='bbox 891 1431 930 1493; x_wconf 94' lang='lat' dir='ltr'>et</span> <span class='ocrx_word' id='word_1_59' title='bbox 946 1420 1058 1493; x_wconf 91' lang='lat' dir='ltr'>simul</span> <span class='ocrx_word' id='word_1_60' title='bbox 1082 1420 1212 1519; x_wconf 89' lang='lat' dir='ltr'>ingens</span> 
     </span>
     <span class='ocr_line' id='line_1_10' title="bbox 134 1527 1212 1607; baseline 0.006 -6"><span class='ocrx_word' id='word_1_61' title='bbox 134 1527 190 1601; x_wconf 86' lang='lat' dir='ltr'>vis</span> <span class='ocrx_word' id='word_1_62' title='bbox 216 1529 322 1603; x_wconf 88' lang='lat' dir='ltr'>istius</span> <span class='ocrx_word' id='word_1_63' title='bbox 349 1531 442 1604; x_wconf 86' lang='lat' dir='ltr'>acidi</span> <span class='ocrx_word' id='word_1_64' title='bbox 459 1531 591 1605; x_wconf 79' lang='lat' dir='ltr'>avolat.</span> <span class='ocrx_word' id='word_1_65' title='bbox 642 1530 750 1604; x_wconf 87' lang='lat' dir='ltr'>Idem</span> <span class='ocrx_word' id='word_1_66' title='bbox 780 1531 887 1606; x_wconf 91' lang='lat' dir='ltr'>docet</span> <span class='ocrx_word' id='word_1_67' title='bbox 913 1532 1010 1607; x_wconf 85' lang='lat' dir='ltr'>calor</span> <span class='ocrx_word' id='word_1_68' title='bbox 1033 1532 1096 1606; x_wconf 91' lang='lat' dir='ltr'>ille</span> <span class='ocrx_word' id='word_1_69' title='bbox 1119 1533 1212 1607; x_wconf 91' lang='lat' dir='ltr'>lenis</span> 
     </span>
     <span class='ocr_line' id='line_1_11' title="bbox 134 1641 1171 1743; baseline 0.004 -29"><span class='ocrx_word' id='word_1_70' title='bbox 134 1641 251 1738; x_wconf 91' lang='lat' dir='ltr'>quiin</span> <span class='ocrx_word' id='word_1_71' title='bbox 269 1642 397 1717; x_wconf 90' lang='lat' dir='ltr'>multis</span> <span class='ocrx_word' id='word_1_72' title='bbox 415 1643 595 1743; x_wconf 87' lang='lat' dir='ltr'>exemplis</span> <span class='ocrx_word' id='word_1_73' title='bbox 611 1644 709 1718; x_wconf 89' lang='lat' dir='ltr'>inter</span> <span class='ocrx_word' id='word_1_74' title='bbox 725 1645 1027 1720; x_wconf 83' lang='lat' dir='ltr'>fermentandum</span> <span class='ocrx_word' id='word_1_75' title='bbox 1044 1647 1171 1719; x_wconf 87' lang='lat' dir='ltr'>oritur.</span> 
     </span>
    </p>

    <p class='ocr_par' dir='ltr' id='par_1_4' title="bbox 136 1754 1215 2504">
     <span class='ocr_line' id='line_1_12' title="bbox 176 1754 1213 1855; baseline 0.003 -28"><span class='ocrx_word' id='word_1_76' title='bbox 176 1775 353 1829; x_wconf 83' lang='lat' dir='ltr'>mxvnr.</span> <span class='ocrx_word' id='word_1_77' title='bbox 380 1754 533 1829; x_wconf 87' lang='lat' dir='ltr'><strong>Halitus</strong></span> <span class='ocrx_word' id='word_1_78' title='bbox 547 1757 615 1830; x_wconf 88' lang='lat' dir='ltr'>iste</span> <span class='ocrx_word' id='word_1_79' title='bbox 631 1767 845 1844; x_wconf 87' lang='lat' dir='ltr'>venenatus,</span> <span class='ocrx_word' id='word_1_80' title='bbox 857 1758 1108 1855; x_wconf 89' lang='lat' dir='ltr'>undecunque</span> <span class='ocrx_word' id='word_1_81' title='bbox 1120 1757 1213 1830; x_wconf 89' lang='lat' dir='ltr'>deri-</span> 
     </span>
     <span class='ocr_line' id='line_1_13' title="bbox 136 1867 1213 1971; baseline 0.002 -32"><span class='ocrx_word' id='word_1_82' title='bbox 136 1875 245 1954; x_wconf 81' lang='lat' dir='ltr'>vatus,</span> <span class='ocrx_word' id='word_1_83' title='bbox 261 1867 391 1940; x_wconf 91' lang='lat' dir='ltr'>similis</span> <span class='ocrx_word' id='word_1_84' title='bbox 407 1867 483 1940; x_wconf 90' lang='lat' dir='ltr'>fere</span> <span class='ocrx_word' id='word_1_85' title='bbox 499 1891 576 1942; x_wconf 88' lang='lat' dir='ltr'>esse</span> <span class='ocrx_word' id='word_1_86' title='bbox 591 1869 750 1957; x_wconf 88' lang='lat' dir='ltr'>videtur,</span> <span class='ocrx_word' id='word_1_87' title='bbox 768 1873 845 1944; x_wconf 89' lang='lat' dir='ltr'>sive</span> <span class='ocrx_word' id='word_1_88' title='bbox 862 1871 1004 1971; x_wconf 91' lang='lat' dir='ltr'>spiritu,</span> <span class='ocrx_word' id='word_1_89' title='bbox 1022 1871 1100 1943; x_wconf 90' lang='lat' dir='ltr'>sive</span> <span class='ocrx_word' id='word_1_90' title='bbox 1116 1869 1213 1968; x_wconf 86' lang='lat' dir='ltr'>igne,</span> 
     </span>
     <span class='ocr_line' id='line_1_14' title="bbox 139 1977 1213 2083; baseline 0.006 -33"><span class='ocrx_word' id='word_1_91' title='bbox 139 1977 206 2050; x_wconf 84' lang='lat' dir='ltr'>sire</span> <span class='ocrx_word' id='word_1_92' title='bbox 233 1979 491 2053; x_wconf 79' lang='lat' dir='ltr'>fermentando</span> <span class='ocrx_word' id='word_1_93' title='bbox 508 1981 690 2058; x_wconf 91' lang='lat' dir='ltr'>evolutus.</span> <span class='ocrx_word' id='word_1_94' title='bbox 741 1984 871 2057; x_wconf 84' lang='lat' dir='ltr'>Vitam</span> <span class='ocrx_word' id='word_1_95' title='bbox 895 1985 1030 2083; x_wconf 86' lang='lat' dir='ltr'>pariter</span> <span class='ocrx_word' id='word_1_96' title='bbox 1056 1993 1093 2057; x_wconf 90' lang='lat' dir='ltr'>et</span> <span class='ocrx_word' id='word_1_97' title='bbox 1110 1982 1213 2057; x_wconf 89' lang='lat' dir='ltr'>flam-</span> 
     </span>
     <span class='ocr_line' id='line_1_15' title="bbox 141 2094 1214 2193; baseline 0.005 -30"><span class='ocrx_word' id='word_1_98' title='bbox 141 2111 227 2164; x_wconf 86' lang='lat' dir='ltr'>mam</span> <span class='ocrx_word' id='word_1_99' title='bbox 245 2094 457 2192; x_wconf 86' lang='lat' dir='ltr'>extinguit:</span> <span class='ocrx_word' id='word_1_100' title='bbox 484 2119 565 2192; x_wconf 89' lang='lat' dir='ltr'>pars</span> <span class='ocrx_word' id='word_1_101' title='bbox 594 2095 686 2193; x_wconf 89' lang='lat' dir='ltr'>ejus,</span> <span class='ocrx_word' id='word_1_102' title='bbox 713 2095 861 2170; x_wconf 80' lang='lat' dir='ltr'>aeidum</span> <span class='ocrx_word' id='word_1_103' title='bbox 887 2097 1022 2173; x_wconf 90' lang='lat' dir='ltr'>seilicet</span> <span class='ocrx_word' id='word_1_104' title='bbox 1046 2095 1214 2172; x_wconf 83' lang='lat' dir='ltr'>corboni-</span> 
     </span>
     <span class='ocr_line' id='line_1_16' title="bbox 144 2204 1214 2307; baseline 0.008 -33"><span class='ocrx_word' id='word_1_105' title='bbox 144 2223 219 2289; x_wconf 72' lang='lat' dir='ltr'>nrm,</span> <span class='ocrx_word' id='word_1_106' title='bbox 247 2204 346 2278; x_wconf 84' lang='lat' dir='ltr'>calce</span> <span class='ocrx_word' id='word_1_107' title='bbox 364 2204 449 2279; x_wconf 88' lang='lat' dir='ltr'>viva</span> <span class='ocrx_word' id='word_1_108' title='bbox 465 2207 681 2292; x_wconf 87' lang='lat' dir='ltr'>attrahitur;</span> <span class='ocrx_word' id='word_1_109' title='bbox 707 2209 809 2305; x_wconf 93' lang='lat' dir='ltr'>quod</span> <span class='ocrx_word' id='word_1_110' title='bbox 826 2221 991 2307; x_wconf 85' lang='lat' dir='ltr'>superest</span> <span class='ocrx_word' id='word_1_111' title='bbox 1007 2235 1105 2296; x_wconf 90' lang='lat' dir='ltr'>vero,</span> <span class='ocrx_word' id='word_1_112' title='bbox 1132 2233 1214 2283; x_wconf 76' lang='lat' dir='ltr'>azo</span> 
     </span>
     <span class='ocr_line' id='line_1_17' title="bbox 148 2311 1215 2417; baseline 0.009 -33"><span class='ocrx_word' id='word_1_113' title='bbox 148 2311 219 2410; x_wconf 77' lang='lat' dir='ltr'>tium</span> <span class='ocrx_word' id='word_1_114' title='bbox 234 2318 427 2405; x_wconf 87' lang='lat' dir='ltr'>nimirum,</span> <span class='ocrx_word' id='word_1_115' title='bbox 456 2321 535 2391; x_wconf 91' lang='lat' dir='ltr'>sine</span> <span class='ocrx_word' id='word_1_116' title='bbox 551 2318 751 2417; x_wconf 78' lang='lat' dir='ltr'>oupgenr&#39;o,</span> <span class='ocrx_word' id='word_1_117' title='bbox 779 2344 855 2393; x_wconf 91' lang='lat' dir='ltr'>non</span> <span class='ocrx_word' id='word_1_118' title='bbox 872 2345 916 2393; x_wconf 93' lang='lat' dir='ltr'>eo</span> <span class='ocrx_word' id='word_1_119' title='bbox 933 2322 1056 2411; x_wconf 85' lang='lat' dir='ltr'>minus</span> <span class='ocrx_word' id='word_1_120' title='bbox 1074 2322 1160 2392; x_wconf 87' lang='lat' dir='ltr'>vitae</span> <span class='ocrx_word' id='word_1_121' title='bbox 1176 2330 1215 2394; x_wconf 90' lang='lat' dir='ltr'>et</span> 
     </span>
     <span class='ocr_line' id='line_1_18' title="bbox 150 2421 677 2504; baseline 0.006 -3"><span class='ocrx_word' id='word_1_122' title='bbox 150 2421 287 2502; x_wconf 61' lang='lat' dir='ltr'>fflmmae</span> <span class='ocrx_word' id='word_1_123' title='bbox 304 2430 482 2504; x_wconf 82' lang='lat' dir='ltr'>infestum</span> <span class='ocrx_word' id='word_1_124' title='bbox 500 2431 677 2504; x_wconf 88' lang='lat' dir='ltr'>redditur.</span> 
     </span>
    </p>

    <p class='ocr_par' dir='ltr' id='par_1_5' title="bbox 153 2542 1253 4323">
     <span class='ocr_line' id='line_1_19' title="bbox 186 2542 1216 2640; baseline 0 -27"><span class='ocrx_word' id='word_1_125' title='bbox 186 2560 323 2617; x_wconf 78' lang='lat' dir='ltr'>nsx1x.</span> <span class='ocrx_word' id='word_1_126' title='bbox 350 2543 542 2617; x_wconf 85' lang='lat' dir='ltr'>Animalia</span> <span class='ocrx_word' id='word_1_127' title='bbox 560 2556 695 2629; x_wconf 89' lang='lat' dir='ltr'>autem,</span> <span class='ocrx_word' id='word_1_128' title='bbox 721 2568 799 2640; x_wconf 92' lang='lat' dir='ltr'>quo</span> <span class='ocrx_word' id='word_1_129' title='bbox 823 2542 1003 2617; x_wconf 86' lang='lat' dir='ltr'>calidioris</span> <span class='ocrx_word' id='word_1_130' title='bbox 1028 2542 1216 2640; x_wconf 82' lang='lat' dir='ltr'>sanguinis</span> 
     </span>
     <span class='ocr_line' id='line_1_20' title="bbox 153 2656 1215 2754; baseline 0.004 -31"><span class='ocrx_word' id='word_1_131' title='bbox 153 2663 228 2742; x_wconf 79' lang='lat' dir='ltr'>unt,</span> <span class='ocrx_word' id='word_1_132' title='bbox 243 2680 288 2728; x_wconf 91' lang='lat' dir='ltr'>eo</span> <span class='ocrx_word' id='word_1_133' title='bbox 305 2656 416 2730; x_wconf 88' lang='lat' dir='ltr'>eitius</span> <span class='ocrx_word' id='word_1_134' title='bbox 432 2665 513 2730; x_wconf 82' lang='lat' dir='ltr'>ae&#39;ra</span> <span class='ocrx_word' id='word_1_135' title='bbox 531 2679 644 2753; x_wconf 92' lang='lat' dir='ltr'>quem</span> <span class='ocrx_word' id='word_1_136' title='bbox 659 2657 798 2754; x_wconf 86' lang='lat' dir='ltr'>spirant</span> <span class='ocrx_word' id='word_1_137' title='bbox 815 2679 1058 2753; x_wconf 89' lang='lat' dir='ltr'>corrumpere,</span> <span class='ocrx_word' id='word_1_138' title='bbox 1073 2665 1112 2727; x_wconf 93' lang='lat' dir='ltr'>et</span> <span class='ocrx_word' id='word_1_139' title='bbox 1123 2677 1215 2751; x_wconf 70' lang='lat' dir='ltr'>ory-</span> 
     </span>
     <span class='ocr_line' id='line_1_21' title="bbox 153 2765 1215 2867; baseline 0.003 -29"><span class='ocrx_word' id='word_1_140' title='bbox 153 2765 280 2853; x_wconf 74' lang='lat' dir='ltr'>genium</span> <span class='ocrx_word' id='word_1_141' title='bbox 293 2791 520 2855; x_wconf 87' lang='lat' dir='ltr'>consumere,</span> <span class='ocrx_word' id='word_1_142' title='bbox 538 2769 799 2853; x_wconf 78' lang='lat' dir='ltr'>observantur3</span> <span class='ocrx_word' id='word_1_143' title='bbox 818 2781 856 2842; x_wconf 89' lang='lat' dir='ltr'>et</span> <span class='ocrx_word' id='word_1_144' title='bbox 873 2793 949 2867; x_wconf 90' lang='lat' dir='ltr'>quo</span> <span class='ocrx_word' id='word_1_145' title='bbox 962 2767 1215 2866; x_wconf 83' lang='lat' dir='ltr'>perfectiorem</span> 
     </span>
     <span class='ocr_line' id='line_1_22' title="bbox 156 2879 1214 2980; baseline 0.001 -28"><span class='ocrx_word' id='word_1_146' title='bbox 156 2879 403 2974; x_wconf 70' lang='lat' dir='ltr'>sumnonem</span> <span class='ocrx_word' id='word_1_147' title='bbox 429 2882 576 2969; x_wconf 90' lang='lat' dir='ltr'>habent,</span> <span class='ocrx_word' id='word_1_148' title='bbox 602 2908 647 2956; x_wconf 92' lang='lat' dir='ltr'>eo</span> <span class='ocrx_word' id='word_1_149' title='bbox 671 2881 755 2980; x_wconf 91' lang='lat' dir='ltr'>plus</span> <span class='ocrx_word' id='word_1_150' title='bbox 781 2881 906 2954; x_wconf 87' lang='lat' dir='ltr'>calere.</span> <span class='ocrx_word' id='word_1_151' title='bbox 975 2882 1034 2954; x_wconf 87' lang='lat' dir='ltr'>Sic</span> <span class='ocrx_word' id='word_1_152' title='bbox 1064 2905 1214 2967; x_wconf 88' lang='lat' dir='ltr'>vermes,</span> 
     </span>
     <span class='ocr_line' id='line_1_23' title="bbox 156 2986 1215 3093; baseline 0.008 -35"><span class='ocrx_word' id='word_1_153' title='bbox 156 2986 203 3076; x_wconf 85' lang='lat' dir='ltr'>qui</span> <span class='ocrx_word' id='word_1_154' title='bbox 214 3014 277 3088; x_wconf 87' lang='lat' dir='ltr'>per</span> <span class='ocrx_word' id='word_1_155' title='bbox 293 2992 472 3090; x_wconf 86' lang='lat' dir='ltr'>spiracula</span> <span class='ocrx_word' id='word_1_156' title='bbox 488 2994 526 3066; x_wconf 93' lang='lat' dir='ltr'>in</span> <span class='ocrx_word' id='word_1_157' title='bbox 545 3007 631 3069; x_wconf 90' lang='lat' dir='ltr'>cute</span> <span class='ocrx_word' id='word_1_158' title='bbox 648 2996 797 3092; x_wconf 87' lang='lat' dir='ltr'>spirant,</span> <span class='ocrx_word' id='word_1_159' title='bbox 823 2993 888 3067; x_wconf 86' lang='lat' dir='ltr'>vix</span> <span class='ocrx_word' id='word_1_160' title='bbox 912 3018 1029 3069; x_wconf 92' lang='lat' dir='ltr'>unum</span> <span class='ocrx_word' id='word_1_161' title='bbox 1057 2994 1215 3093; x_wconf 88' lang='lat' dir='ltr'>gradum</span> 
     </span>
     <span class='ocr_line' id='line_1_24' title="bbox 155 3092 1216 3204; baseline 0.005 -30"><span class='ocrx_word' id='word_1_162' title='bbox 155 3092 376 3179; x_wconf 67' lang='lat' dir='ltr'>tiemonem</span> <span class='ocrx_word' id='word_1_163' title='bbox 393 3105 710 3181; x_wconf 75' lang='lat' dir='ltr'>Falrenleittani</span> <span class='ocrx_word' id='word_1_164' title='bbox 735 3131 843 3204; x_wconf 89' lang='lat' dir='ltr'>supra</span> <span class='ocrx_word' id='word_1_165' title='bbox 868 3107 1095 3180; x_wconf 88' lang='lat' dir='ltr'>elementum</span> <span class='ocrx_word' id='word_1_166' title='bbox 1113 3107 1216 3204; x_wconf 90' lang='lat' dir='ltr'>quod</span> 
     </span>
     <span class='ocr_line' id='line_1_25' title="bbox 155 3199 1215 3318; baseline 0.018 -44"><span class='ocrx_word' id='word_1_167' title='bbox 155 3199 296 3289; x_wconf 85' lang='lat' dir='ltr'>habitant</span> <span class='ocrx_word' id='word_1_168' title='bbox 312 3219 453 3304; x_wconf 88' lang='lat' dir='ltr'>calent;</span> <span class='ocrx_word' id='word_1_169' title='bbox 495 3220 620 3316; x_wconf 91' lang='lat' dir='ltr'>pisces,</span> <span class='ocrx_word' id='word_1_170' title='bbox 645 3221 712 3318; x_wconf 93' lang='lat' dir='ltr'>qui</span> <span class='ocrx_word' id='word_1_171' title='bbox 729 3219 917 3293; x_wconf 87' lang='lat' dir='ltr'>branchias</span> <span class='ocrx_word' id='word_1_172' title='bbox 944 3221 1097 3317; x_wconf 83' lang='lat' dir='ltr'>agitant,</span> <span class='ocrx_word' id='word_1_173' title='bbox 1122 3219 1215 3293; x_wconf 88' lang='lat' dir='ltr'>duos</span> 
     </span>
     <span class='ocr_line' id='line_1_26' title="bbox 154 3319 1214 3430; baseline 0.014 -42"><span class='ocrx_word' id='word_1_174' title='bbox 154 3319 253 3398; x_wconf 82' lang='lat' dir='ltr'>tresve</span> <span class='ocrx_word' id='word_1_175' title='bbox 266 3331 400 3426; x_wconf 89' lang='lat' dir='ltr'>gradus</span> <span class='ocrx_word' id='word_1_176' title='bbox 414 3359 422 3416; x_wconf 94' lang='lat'>;</span> <span class='ocrx_word' id='word_1_177' title='bbox 448 3332 646 3428; x_wconf 90' lang='lat' dir='ltr'>amphibia,</span> <span class='ocrx_word' id='word_1_178' title='bbox 662 3357 748 3430; x_wconf 88' lang='lat' dir='ltr'>quae</span> <span class='ocrx_word' id='word_1_179' title='bbox 759 3332 949 3405; x_wconf 85' lang='lat' dir='ltr'>arbitrario</span> <span class='ocrx_word' id='word_1_180' title='bbox 960 3342 1121 3404; x_wconf 90' lang='lat' dir='ltr'>utuntur</span> <span class='ocrx_word' id='word_1_181' title='bbox 1133 3330 1214 3428; x_wconf 90' lang='lat' dir='ltr'>pul-</span> 
     </span>
     <span class='ocr_line' id='line_1_27' title="bbox 154 3436 1253 3542; baseline 0.008 -34"><span class='ocrx_word' id='word_1_182' title='bbox 154 3444 251 3525; x_wconf 75' lang='lat' dir='ltr'>Iuene,</span> <span class='ocrx_word' id='word_1_183' title='bbox 274 3441 386 3539; x_wconf 89' lang='lat' dir='ltr'>paulo</span> <span class='ocrx_word' id='word_1_184' title='bbox 404 3443 497 3540; x_wconf 91' lang='lat' dir='ltr'>plus.</span> <span class='ocrx_word' id='word_1_185' title='bbox 549 3445 622 3517; x_wconf 91' lang='lat' dir='ltr'>His</span> <span class='ocrx_word' id='word_1_186' title='bbox 639 3446 812 3518; x_wconf 89' lang='lat' dir='ltr'>omnibus</span> <span class='ocrx_word' id='word_1_187' title='bbox 830 3469 892 3517; x_wconf 91' lang='lat' dir='ltr'>eor</span> <span class='ocrx_word' id='word_1_188' title='bbox 908 3444 1066 3542; x_wconf 86' lang='lat' dir='ltr'>simplex</span> <span class='ocrx_word' id='word_1_189' title='bbox 1084 3455 1149 3529; x_wconf 92' lang='lat' dir='ltr'>est,</span> <span class='ocrx_word' id='word_1_190' title='bbox 1175 3457 1214 3517; x_wconf 89' lang='lat' dir='ltr'>et</span> <span class='ocrx_word' id='word_1_191' title='bbox 1249 3436 1253 3444; x_wconf 73' lang='grc'><strong>’</strong></span> 
     </span>
     <span class='ocr_line' id='line_1_28' title="bbox 155 3552 1212 3654; baseline 0.009 -35"><span class='ocrx_word' id='word_1_192' title='bbox 155 3552 258 3624; x_wconf 80' lang='lat' dir='ltr'>arteria</span> <span class='ocrx_word' id='word_1_193' title='bbox 267 3552 499 3652; x_wconf 81' lang='lat' dir='ltr'>pulmonolis</span> <span class='ocrx_word' id='word_1_194' title='bbox 516 3557 562 3628; x_wconf 88' lang='lat' dir='ltr'>ab</span> <span class='ocrx_word' id='word_1_195' title='bbox 578 3564 688 3631; x_wconf 82' lang='lat' dir='ltr'>corta</span> <span class='ocrx_word' id='word_1_196' title='bbox 704 3556 878 3642; x_wconf 87' lang='lat' dir='ltr'>derivata,</span> <span class='ocrx_word' id='word_1_197' title='bbox 909 3567 947 3628; x_wconf 92' lang='lat' dir='ltr'>et</span> <span class='ocrx_word' id='word_1_198' title='bbox 973 3557 1121 3654; x_wconf 90' lang='lat' dir='ltr'>spiritus</span> <span class='ocrx_word' id='word_1_199' title='bbox 1147 3558 1212 3653; x_wconf 94' lang='lat' dir='ltr'>qui</span> 
     </span>
     <span class='ocr_line' id='line_1_29' title="bbox 155 3658 1214 3767; baseline 0.006 -32"><span class='ocrx_word' id='word_1_200' title='bbox 155 3658 212 3734; x_wconf 69' lang='lat' dir='ltr'>lira</span> <span class='ocrx_word' id='word_1_201' title='bbox 227 3665 285 3738; x_wconf 87' lang='lat' dir='ltr'>vel</span> <span class='ocrx_word' id='word_1_202' title='bbox 300 3691 439 3766; x_wconf 90' lang='lat' dir='ltr'>aquam</span> <span class='ocrx_word' id='word_1_203' title='bbox 457 3668 523 3741; x_wconf 91' lang='lat' dir='ltr'>ubi</span> <span class='ocrx_word' id='word_1_204' title='bbox 539 3668 683 3767; x_wconf 92' lang='lat' dir='ltr'>degunt</span> <span class='ocrx_word' id='word_1_205' title='bbox 712 3669 816 3741; x_wconf 89' lang='lat' dir='ltr'>tarde</span> <span class='ocrx_word' id='word_1_206' title='bbox 832 3670 1046 3766; x_wconf 90' lang='lat' dir='ltr'>corrumpit,</span> <span class='ocrx_word' id='word_1_207' title='bbox 1072 3677 1111 3740; x_wconf 90' lang='lat' dir='ltr'>et</span> <span class='ocrx_word' id='word_1_208' title='bbox 1136 3692 1214 3741; x_wconf 88' lang='lat' dir='ltr'>san·</span> 
     </span>
     <span class='ocr_line' id='line_1_30' title="bbox 156 3772 1216 3880; baseline -0.006 -22"><span class='ocrx_word' id='word_1_209' title='bbox 156 3772 216 3858; x_wconf 65' lang='lat' dir='ltr'>glis</span> <span class='ocrx_word' id='word_1_210' title='bbox 238 3777 408 3878; x_wconf 86' lang='lat' dir='ltr'>fiigidus,</span> <span class='ocrx_word' id='word_1_211' title='bbox 437 3794 561 3855; x_wconf 91' lang='lat' dir='ltr'>nostro</span> <span class='ocrx_word' id='word_1_212' title='bbox 588 3781 716 3855; x_wconf 90' lang='lat' dir='ltr'>saltem</span> <span class='ocrx_word' id='word_1_213' title='bbox 734 3779 856 3854; x_wconf 91' lang='lat' dir='ltr'>multo</span> <span class='ocrx_word' id='word_1_214' title='bbox 884 3779 1061 3880; x_wconf 84' lang='lat' dir='ltr'>frigidior.</span> <span class='ocrx_word' id='word_1_215' title='bbox 1114 3778 1216 3852; x_wconf 90' lang='lat' dir='ltr'>Mul-</span> 
     </span>
     <span class='ocr_line' id='line_1_31' title="bbox 156 3883 1214 3989; baseline 0.002 -29"><span class='ocrx_word' id='word_1_216' title='bbox 156 3883 249 3961; x_wconf 72' lang='lat' dir='ltr'>torum</span> <span class='ocrx_word' id='word_1_217' title='bbox 268 3916 431 3989; x_wconf 92' lang='lat' dir='ltr'>quoque,</span> <span class='ocrx_word' id='word_1_218' title='bbox 462 3894 611 3967; x_wconf 87' lang='lat' dir='ltr'>fortasse</span> <span class='ocrx_word' id='word_1_219' title='bbox 639 3893 820 3979; x_wconf 90' lang='lat' dir='ltr'>omnium,</span> <span class='ocrx_word' id='word_1_220' title='bbox 847 3891 1060 3989; x_wconf 88' lang='lat' dir='ltr'>hujusmodi</span> <span class='ocrx_word' id='word_1_221' title='bbox 1077 3892 1214 3964; x_wconf 85' lang='lat' dir='ltr'>anima-</span> 
     </span>
     <span class='ocr_line' id='line_1_32' title="bbox 155 3978 1214 4103; baseline 0.001 -29"><span class='ocrx_word' id='word_1_222' title='bbox 155 3978 235 4085; x_wconf 72' lang='lat' dir='ltr'>lium,</span> <span class='ocrx_word' id='word_1_223' title='bbox 250 4003 347 4076; x_wconf 87' lang='lat' dir='ltr'>calor</span> <span class='ocrx_word' id='word_1_224' title='bbox 363 4004 565 4103; x_wconf 87' lang='lat' dir='ltr'>plurimum</span> <span class='ocrx_word' id='word_1_225' title='bbox 579 4007 706 4092; x_wconf 84' lang='lat' dir='ltr'>variat,</span> <span class='ocrx_word' id='word_1_226' title='bbox 724 4005 924 4079; x_wconf 88' lang='lat' dir='ltr'>seeundum</span> <span class='ocrx_word' id='word_1_227' title='bbox 939 4004 1095 4080; x_wconf 90' lang='lat' dir='ltr'>calorem</span> <span class='ocrx_word' id='word_1_228' title='bbox 1108 4028 1214 4100; x_wconf 85' lang='lat' dir='ltr'>aquae</span> 
     </span>
     <span class='ocr_line' id='line_1_33' title="bbox 156 4105 1213 4216; baseline -0.003 -30"><span class='ocrx_word' id='word_1_229' title='bbox 156 4105 199 4177; x_wconf 71' lang='lat' dir='ltr'>ltl</span> <span class='ocrx_word' id='word_1_230' title='bbox 211 4117 296 4187; x_wconf 79' lang='lat' dir='ltr'>aeris</span> <span class='ocrx_word' id='word_1_231' title='bbox 313 4116 351 4188; x_wconf 91' lang='lat' dir='ltr'>in</span> <span class='ocrx_word' id='word_1_232' title='bbox 371 4139 446 4212; x_wconf 90' lang='lat' dir='ltr'>quo</span> <span class='ocrx_word' id='word_1_233' title='bbox 462 4119 539 4216; x_wconf 88' lang='lat' dir='ltr'>ipsa</span> <span class='ocrx_word' id='word_1_234' title='bbox 556 4120 710 4192; x_wconf 88' lang='lat' dir='ltr'>vivunt:</span> <span class='ocrx_word' id='word_1_235' title='bbox 738 4126 783 4192; x_wconf 88' lang='lat' dir='ltr'>ut</span> <span class='ocrx_word' id='word_1_236' title='bbox 800 4119 935 4192; x_wconf 90' lang='lat' dir='ltr'>docent</span> <span class='ocrx_word' id='word_1_237' title='bbox 960 4116 1213 4213; x_wconf 87' lang='lat' dir='ltr'>experimenta</span> 
     </span>
     <span class='ocr_line' id='line_1_34' title="bbox 157 4202 1157 4323; baseline 0.001 -30"><span class='ocrx_word' id='word_1_238' title='bbox 157 4202 233 4295; x_wconf 80' lang='lat' dir='ltr'>haud</span> <span class='ocrx_word' id='word_1_239' title='bbox 248 4233 365 4323; x_wconf 71' lang='lat' dir='ltr'>pauca</span> <span class='ocrx_word' id='word_1_240' title='bbox 380 4252 402 4299; x_wconf 86' lang='lat' dir='ltr'>a</span> <span class='ocrx_word' id='word_1_241' title='bbox 418 4228 512 4304; x_wconf 82' lang='lat' dir='ltr'>claro</span> <span class='ocrx_word' id='word_1_242' title='bbox 529 4231 609 4303; x_wconf 91' lang='lat' dir='ltr'>viro</span> <span class='ocrx_word' id='word_1_243' title='bbox 624 4232 777 4306; x_wconf 83' lang='lat' dir='ltr'>Joannc</span> <span class='ocrx_word' id='word_1_244' title='bbox 797 4231 959 4305; x_wconf 81' lang='lat' dir='ltr'>Hunter</span> <span class='ocrx_word' id='word_1_245' title='bbox 975 4227 1157 4300; x_wconf 91' lang='lat' dir='ltr'>instituta.</span> 
     </span>
    </p>

    <p class='ocr_par' dir='ltr' id='par_1_6' title="bbox 192 4332 1212 4442">
     <span class='ocr_line' id='line_1_35' title="bbox 192 4332 1212 4442; baseline -0.004 -33"><span class='ocrx_word' id='word_1_246' title='bbox 192 4350 299 4412; x_wconf 79' lang='lat' dir='ltr'>nsxx.</span> <span class='ocrx_word' id='word_1_247' title='bbox 326 4339 514 4418; x_wconf 88' lang='lat' dir='ltr'>Animalia</span> <span class='ocrx_word' id='word_1_248' title='bbox 538 4367 626 4418; x_wconf 89' lang='lat' dir='ltr'>vero</span> <span class='ocrx_word' id='word_1_249' title='bbox 647 4352 835 4442; x_wconf 91' lang='lat' dir='ltr'>quotquot</span> <span class='ocrx_word' id='word_1_250' title='bbox 859 4339 967 4416; x_wconf 89' lang='lat' dir='ltr'>corde</span> <span class='ocrx_word' id='word_1_251' title='bbox 992 4333 1141 4432; x_wconf 89' lang='lat' dir='ltr'>duplice</span> <span class='ocrx_word' id='word_1_252' title='bbox 1156 4332 1212 4406; x_wconf 88' lang='lat' dir='ltr'>in·</span> 
     </span>
    </p>
   </div>
   <div class='ocr_carea' id='block_1_3' title="bbox 0 0 1345 4794">
    <p class='ocr_par' dir='ltr' id='par_1_7' title="bbox 0 0 1345 4794">
     <span class='ocr_line' id='line_1_36' title="bbox 0 0 1345 4794; baseline 0 0"><span class='ocrx_word' id='word_1_253' title='bbox 0 0 1345 4794; x_wconf 95' lang='lat' dir='ltr'> </span> 
     </span>
    </p>
   </div>
  </div>
 </body>
</html>
