2678 4794
699 120 718 159 ὓ

634 299 699 373 viii

132 525 152 548 ⁸
183 503 318 601 Neque
330 521 425 584 sane,
441 504 486 570 ut
495 493 636 593 opinor,
652 495 761 594 plena
776 505 815 570 et
831 496 966 573 diserta
980 519 1104 571 rerum
1121 523 1206 598 quae

133 618 173 690 in
190 610 481 715 praelectionibus
497 608 713 683 academicis
729 610 909 683 docentur
937 609 1143 707 explicatio,
1168 614 1209 685 in

135 723 346 826 hujusmodi
363 720 541 821 opusculo
557 723 779 820 requiritur;
803 723 944 821 quippe
966 747 1050 820 quae
1078 748 1100 795 a
1127 748 1211 821 pro-

39 825 42 829 *
134 841 267 914 sessore
283 837 373 934 ipso,
398 860 464 935 per¹
481 860 563 909 suas
580 833 838 933 praelectiones,
868 833 1011 932 plenius
1028 834 1212 933 explican-

136 952 194 1025 dae
217 958 255 1022 et
281 947 506 1022 illustrandae
532 948 628 1021 sint:
666 959 721 1022 sat
751 947 831 1034 erit,
869 947 1211 1044 sidisciplinarum,

135 1085 219 1158 quae
235 1062 273 1133 in
292 1060 362 1133 illis
379 1060 670 1158 praelectionibus
686 1058 876 1146 docentur,
894 1066 1130 1158 conspectum
1148 1081 1212 1156 ge-

134 1171 294 1246 neralem
328 1173 549 1260 exhibuerit,
586 1173 616 1247 si
649 1173 829 1271 principia
860 1172 1023 1270 ipsarum
1052 1171 1212 1244 breviter

134 1284 346 1373 ostenderit,
371 1295 409 1359 et
426 1286 599 1383 denique,
622 1286 652 1358 si
669 1282 857 1382 discipulis
883 1296 1009 1382 postea
1026 1282 1117 1356 utile
1133 1284 1211 1356 fue-

134 1396 184 1468 rit
200 1396 246 1469 ad
263 1422 319 1471 res
336 1422 425 1495 quas
442 1397 644 1471 didicerant
668 1398 708 1470 in
736 1397 953 1469 memoriam
981 1395 1213 1469 revocandae.

134 1507 270 1607 Neque
303 1534 427 1583 revera
459 1508 567 1607 plena
600 1518 638 1582 et
667 1508 826 1606 perfecta
852 1507 1013 1580 scientiae
1038 1507 1211 1603 cujusvis,

133 1621 392 1720 variarumque
407 1621 453 1694 ad
470 1616 571 1694 illam
588 1620 855 1719 pertinentium
873 1642 996 1692 rerum
1013 1616 1212 1715 explicatio

132 1742 172 1805 et
189 1734 331 1819 notitia,
348 1759 370 1806 a
385 1731 678 1833 praelectionibus
694 1731 906 1806 academicis
923 1730 1095 1828 petendas
1111 1739 1210 1804 sunt.

132 1842 249 1924 Nulla
277 1847 378 1919 enim
405 1844 450 1918 ad
482 1844 681 1930 scientiam,
706 1855 772 1916 aut
801 1841 980 1915 medicam
1009 1853 1075 1916 aut
1101 1841 1211 1914 aliam

29 1958 32 1963 ’
131 1955 348 2054 quamlibet,
365 1966 468 2054 patet
485 1956 546 2029 via
560 1957 661 2054 regia
673 1965 711 2028 et
723 1953 859 2039 facilis3
884 1977 952 2028 nec
969 1955 1047 2029 sine
1064 1954 1213 2053 proprio

131 2066 254 2141 labore
271 2077 310 2140 et
326 2067 518 2167 diligentia
534 2068 634 2140 viam
652 2066 765 2141 ullam
783 2067 982 2165 quisquam
999 2067 1066 2140 sibi
1083 2067 1210 2163 aperit.

131 2179 319 2252 Professor
335 2203 423 2251 vero
439 2179 532 2252 nibil
560 2178 662 2252 aliud
690 2178 778 2277 agit,
804 2203 916 2276 quam
947 2179 976 2251 si
1006 2188 1143 2252 vastam
1173 2187 1213 2251 et

130 2291 390 2366 fertilissimam
408 2293 597 2391 regionem
622 2290 885 2390 discipulorum
916 2315 1065 2365 suorum
1096 2289 1212 2364 oculis

129 2401 361 2502 patefaceret,
378 2406 530 2534 viasque
546 2404 729 2502 perillam
747 2404 926 2478 ducentes
938 2404 1156 2489 ostenderet,
1174 2411 1213 2475 et

130 2516 366 2592 difficultates
377 2519 545 2616 undique
556 2528 764 2616 prementes
777 2516 965 2602 indicaret,
983 2518 1212 2612 viatoresque

130 2625 296 2714 demum,
349 2653 388 2700 er
405 2629 516 2700 talem
543 2631 731 2723 regionem
757 2629 828 2698 iter
856 2636 1098 2720 suscepturos,
1123 2651 1210 2700 cum

130 2738 205 2809 suis
223 2654 373 2809 monilis
390 2746 428 2807 et
445 2736 635 2831 praeceptis
662 2734 876 2806 dimitteret.
928 2734 1210 2832 Discipulorum

128 2869 218 2917 vero
234 2845 501 2941 unusquisque,
527 2866 641 2941 quam
658 2844 805 2916 sibimet
822 2846 922 2917 viam
940 2844 1103 2944 elegerit,
1126 2872 1208 2946 pro·

129 2957 210 3055 prio
229 2956 352 3028 Marte
369 2966 619 3053 persequatur,
637 2956 827 3054 variasque
844 2956 1034 3031 immensae
1050 2961 1208 3058 regionis

127 3079 260 3166 partes,
277 3078 388 3165 prout
405 3068 599 3165 ingenium
617 3092 724 3140 suum
743 3067 881 3154 tulerit,
898 3078 963 3142 ant
980 3070 1128 3144 fortuna
1144 3098 1207 3171 po-

128 3188 299 3252 testatem
316 3178 453 3264 fecerit,
478 3178 656 3277 exploret,
681 3189 719 3254 et
735 3205 822 3280 quae
845 3181 880 3254 ei
904 3183 1067 3258 maxime
1083 3186 1206 3258 arrise-

126 3290 201 3363 rint
218 3290 322 3363 omni
339 3289 531 3388 diligentia
547 3289 699 3366 excolat.
752 3293 850 3366 Suus
874 3293 925 3366 sic
950 3293 1100 3391 quidem
1130 3298 1206 3370 cui-

127 3425 201 3500 que
217 3400 319 3474 labor
335 3404 415 3488 erit,
441 3403 504 3476 sed
521 3414 559 3477 et
576 3428 652 3479 suae
677 3404 787 3479 simul
817 3406 955 3502 cuique
983 3409 1206 3484 constabunt

126 3513 220 3586 bene
238 3514 379 3586 meritae
394 3513 529 3588 laudes.

103 3678 136 3697 0
175 3624 359 3699 Plurimus
388 3650 444 3699 res
469 3652 554 3725 quae
581 3651 757 3701 unacum
777 3627 966 3702 Medicina
988 3631 1205 3708 Tbcoretica

125 3736 210 3809 alibi
229 3736 489 3835 comprehendi
508 3737 635 3824 solent,
653 3750 692 3811 et
708 3741 747 3812 in
766 3739 835 3813 boc
851 3739 985 3828 libell0,
1001 3752 1040 3815 et
1056 3744 1095 3815 in
1114 3769 1204 3842 prae-

123 3849 343 3924 lectionibus
359 3851 461 3935 meis,
479 3848 624 3923 silentio
642 3852 910 3948 praetereundas
921 3852 1110 3950 judicavi;
1138 3857 1203 3929 sci-

124 3961 209 4036 licet
226 3986 320 4059 quae,
346 3972 390 4035 ut
417 3962 633 4061 professores
657 3962 789 4036 medici
807 3963 846 4034 in
863 3962 958 4036 alma
975 3964 1042 4038 hac
1059 3965 1203 4040 Acade·

121 4075 198 4147 mia
213 4075 417 4174 provincias
434 4077 553 4151 sortiti
578 4076 662 4165 sint,
687 4075 735 4150 ad
759 4098 880 4150 meam
909 4075 1063 4151 minime
1091 4080 1203 4176 perti-

121 4197 222 4262 nent.
