2678 4794
61 410 153 466 car.
170 410 284 464 xxvr.
374 410 595 466 maurorum
613 411 901 470 rnacnsrtca.
1070 405 1145 473 331*

62 587 172 662 radix
178 585 359 695 polygoni
375 584 548 676 bistortoe,
560 588 665 663 radix
677 574 910 664 tormentillae
925 600 1064 679 erectoe,
1077 591 1147 691 lig-

61 723 158 775 num
186 696 423 798 lmtmyli
448 699 709 801 compartietur,
743 700 872 776 solium
913 703 1034 778 arbuti
1062 726 1147 778 cvoe
1283 700 1286 705 ’

60 812 158 900 ursi,
175 810 295 911 petala
311 834 402 884 rosae
418 810 581 900 Gallicae,
597 814 742 912 punicas
757 815 902 912 granati
916 814 985 891 flos
1004 815 1146 914 plenus,

60 923 206 999 fluctus
223 923 310 1022 pyri
325 923 423 1009 mali,
448 922 549 1011 leina,
578 928 642 999 &a
691 925 862 999 Maxima
878 938 1004 1001 autern
1021 927 1078 1001 vis
1093 951 1146 1002 as·

62 1035 229 1134 tringens
247 1037 286 1108 in
297 1035 490 1110 corticibus
505 1036 658 1136 frugum
676 1036 751 1110 fere
767 1039 968 1136 reperitur:
999 1040 1091 1136 quin
1108 1048 1147 1112 et

62 1147 105 1220 in
126 1148 309 1222 radicibus
335 1148 635 1246 astringentibus,
661 1156 700 1222 et
728 1147 768 1220 in
792 1147 972 1227 fructibus
995 1151 1147 1248 quibus-

64 1257 152 1332 dam
171 1259 327 1333 similem
344 1260 423 1332 vim
442 1259 675 1347 habentibus,
703 1258 821 1334 veluti
837 1262 875 1334 in
891 1261 1041 1360 punmae
1051 1286 1147 1362 gru·

63 1370 151 1444 auti
166 1370 301 1459 fructu,
330 1371 495 1446 maxima
511 1373 636 1448 visin
668 1371 801 1446 cortice
825 1395 953 1448 eorum
969 1373 1078 1472 plane
1093 1375 1148 1449 in-

63 1482 172 1559 sidet

118 1617 258 1670 mxmr.
272 1595 440 1672 Balsama
456 1620 617 1698 quoque,
633 1608 679 1675 ut
695 1610 882 1686 vocantur,
899 1600 1001 1705 succi*
1013 1598 1150 1673 seilicet

70 1708 222 1808 liugom
240 1711 470 1807 quarundam
489 1713 648 1800 resinosi,
671 1714 768 1788 inter
783 1712 1021 1810 astringentis
1036 1711 1149 1784 medi-

63 1831 234 1895 camenta
250 1832 552 1912 annumerantur,
577 1826 671 1900 etin
687 1826 910 1925 quibusdam
927 1824 1062 1898 morbis
1082 1847 1149 1921 pro

65 1933 353 2033 astringentibus
380 1937 551 2010 remediis
584 1938 880 2040 praescribuntur,
913 1960 1035 2035 neque
1066 1937 1149 2010 inu-

64 2043 203 2131 tiliter;
227 2049 398 2145 quamvis
416 2072 540 2122 veram
570 2061 608 2122 et
624 2073 754 2148 puram
773 2050 852 2122 vim
881 2050 1148 2148 astringentem

64 2156 175 2256 plane
189 2181 265 2234 non
283 2159 451 2249 habeant,
469 2159 662 2258 multaque
678 2162 885 2248 ostendant,
901 2186 945 2234 ea
960 2159 1070 2260 longe
1078 2160 1149 2234 alia

66 2271 263 2345 rationein
280 2273 359 2345 istis
376 2274 515 2347 morbis
532 2272 711 2373 prodesse.

116 2403 279 2457 mxnnr:
295 2383 365 2456 Vis
381 2383 534 2458 demum
552 2386 758 2484 astringens
775 2383 875 2460 haud
893 2385 1029 2482 exigua
1055 2384 1150 2456 inest

66 2493 108 2566 iu
125 2493 242 2568 succis
259 2496 493 2592 quarundam
523 2496 688 2594 frugum,
713 2523 799 2572 omn
816 2497 854 2571 in
872 2496 917 2568 iis
932 2495 999 2594 qui
1021 2503 1152 2568 natura
1195 2567 1197 2576 ,
1223 2550 1228 2560 «

67 2603 165 2678 acidi
182 2614 278 2692 sunt,
306 2607 425 2680 veluti
451 2630 581 2682 succus
597 2609 680 2683 citri
697 2610 860 2695 medicae,
888 2619 971 2682 tum
1000 2630 1152 2704 quoque

69 2717 108 2790 in
127 2716 173 2790 iis
189 2718 254 2814 qui
270 2728 401 2792 natura
417 2719 543 2793 dulces
569 2729 609 2794 et
624 2720 750 2796 blandi
767 2724 977 2819 existentes,
1002 2727 1150 2792 tanturn

67 2837 264 2928 postquam
281 2829 493 2906 fermentati
521 2831 671 2921 suerint,
700 2858 844 2908 acorem
874 2843 912 2906 et
928 2832 1007 2904 vim
1023 2829 1151 2905 astrio-

67 2956 221 3040 gentem
248 2943 512 3042 adipiscuntur.
586 2946 646 3020 Sic
674 2946 793 3020 multa
822 2946 919 3030 vina,
953 2941 1153 3041 praesertim

69 3054 189 3141 rubra,
219 3056 389 3153 quamvis
406 3058 575 3145 recentia,
602 3069 641 3131 et
657 3082 723 3131 sua
739 3067 871 3133 natura
897 3054 1048 3152 optima,
1073 3053 1153 3127 vim

71 3167 260 3263 quandam
288 3168 552 3266 astringentem
580 3167 735 3253 habent;
778 3168 903 3242 omnia
928 3190 1026 3252 vero,
1055 3166 1154 3252 vina,

70 3301 275 3377 omnesque
286 3279 446 3377 liquores
455 3281 675 3367 fermentati,
689 3280 871 3365 cerevisia,
885 3281 947 3352 &a
960 3277 1039 3374 jam
1052 3273 1155 3348 acida

69 3389 175 3477 facta,
193 3390 291 3465 baud
308 3416 440 3490 parum
457 3393 697 3490 astringentis
712 3392 891 3466 existunt.

112 3524 270 3577 mxnru
298 3503 505 3582 Observata
531 3504 690 3601 dignum
715 3515 783 3590 est,
808 3502 999 3601 plerasque
1031 3499 1155 3598 fruges

70 3615 209 3712 quibus
233 3615 369 3690 radices
395 3641 527 3690 amarae
551 3627 648 3703 sunt,
678 3617 831 3708 cortices
852 3614 936 3713 plus
954 3614 1077 3688 minus
1102 3638 1158 3689 as,

70 3727 275 3825 tringentes
310 3728 452 3802 habere.
529 3728 720 3813 Praeterea,
756 3750 883 3801 omnes
923 3727 998 3801 fere
1030 3725 1155 3823 fruges

68 3860 202 3912 amara
228 3841 398 3915 nonnihil
422 3840 605 3915 facultatis
631 3840 867 3937 astringentis
891 3838 1074 3937 possidere
1100 3837 1154 3909 vi-

69 3947 218 4039 dentur,
236 3962 276 4026 et
292 3978 417 4028 revera
433 3978 501 4054 pro
530 3950 817 4052 astringentibus
841 3952 1012 4026 remediis
1040 3975 1062 4023 a
1079 3971 1156 4022 me-

71 4057 163 4137 dicis
192 4088 289 4162 saepe
317 4066 612 4165 praescribuntur.
667 4064 731 4137 Vis
759 4064 913 4138 demum
940 4064 1155 4160 astringens,

71 4172 180 4272 siqua
195 4175 320 4251 herbae
335 4182 506 4277 cuiquam
524 4180 632 4267 inest,
648 4176 752 4252 facile
768 4175 965 4276 detegitur,
985 4195 1059 4247 non
1077 4194 1155 4242 mo-

71 4282 123 4358 do
151 4311 279 4389 sapore
302 4287 367 4367 illo
400 4305 527 4388 aspero
560 4298 674 4390 atque
706 4289 852 4389 ingrato
881 4287 949 4387 qui
983 4281 1155 4359 omnibus
