2678 4794
131 353 217 408 ear.
235 353 384 406 xxrnx.
435 348 655 437 numerum
674 351 962 409 innormen.
1126 339 1196 410 531

180 550 378 602 Mnxxxvr.
396 528 578 615 Quamvis
589 538 713 603 autem
728 530 887 628 plurima
903 541 940 605 et
956 527 1198 604 diversissima
1288 541 1291 548 '

129 641 478 714 medicamentorum
495 664 638 737 genera,
662 642 808 715 avariis
834 666 955 741 neque
981 667 1066 716 sane
1095 638 1198 740 parvi

128 753 286 825 nominis
296 753 696 850 auctoribus,tanquam
703 756 858 852 egregia,
864 767 902 827 et
912 756 1062 852 quidem
1077 752 1198 827 certis·

127 865 217 936 sima
235 864 273 936 in
292 862 475 936 mensibus
492 864 730 959 provocandis
746 865 892 951 auxilia,
918 891 1037 964 nuper
1052 874 1090 938 et
1105 863 1198 936 olim

126 975 228 1047 miris
245 973 414 1047 laudibus
428 972 563 1046 fuerint
576 976 772 1064 cumulata,
783 1002 911 1076 parum
924 979 1045 1052 adbuc
1056 984 1198 1050 constat
1236 1053 1238 1057 ,

126 1110 216 1160 num
235 1084 301 1157 ulli
319 1085 587 1158 medicamento
610 1087 770 1183 specialis
787 1089 967 1186 ejusmodi
984 1090 1040 1163 vis
1056 1086 1198 1164 oontin-

128 1209 208 1296 gat;
225 1221 300 1270 non
312 1197 413 1294 quod
423 1195 579 1271 dubium
591 1198 639 1271 sit
650 1197 766 1272 multa
778 1201 1044 1297 medicamenta
1053 1200 1091 1273 id
1102 1218 1198 1294 saepe

128 1308 297 1394 effecisse,
327 1309 390 1381 sed
414 1309 501 1406 quia
526 1307 714 1405 per-aliam
731 1319 771 1383 et
788 1313 903 1407 magis
919 1311 1124 1412 generalem
1142 1329 1199 1380 ac-
1254 1304 1257 1309 ’

128 1420 280 1506 tionem,
297 1419 490 1494 salutarem
507 1420 619 1494 istum
640 1420 811 1493 effectum
829 1425 1036 1519 praestitisse
1053 1421 1200 1496 videan-

128 1540 201 1618 tur,
218 1556 339 1628 neque
356 1531 415 1606 vel
430 1542 580 1606 uterum
593 1530 794 1630 specialiter
809 1532 951 1606 afficere
967 1545 1032 1608 aut
1049 1535 1199 1616 irritare,

128 1668 250 1742 neque
266 1667 408 1718 meuses
424 1645 527 1730 ciere,
544 1667 609 1742 per
620 1641 830 1717 facultatem
843 1643 954 1718 ullam
967 1643 1199 1743 singularem,

128 1754 229 1854 quali
246 1765 438 1852 argentum
456 1757 596 1842 vivum,
621 1765 687 1829 aut
712 1756 820 1842 scilla,
845 1769 911 1830 aut
926 1755 1015 1843 aloe,
1039 1755 1200 1840 salivam,

79 1909 81 1913 >
128 1866 188 1941 vel
200 1864 353 1955 urinam,
369 1866 430 1941 vel
439 1867 566 1941 alvum
577 1881 738 1942 movent.
789 1868 843 1943 Et
858 1869 1006 1942 interim
1024 1868 1109 1942 satis
1126 1889 1202 1939 oer·

130 1988 213 2052 tum
226 1989 292 2063 est,
308 1979 481 2076 pleraque
494 1980 857 2067 medicamentorum,
871 2005 954 2078 quae
965 1975 1200 2061 muliercula,

130 2099 169 2162 et
185 2089 335 2187 quidem
353 2088 463 2162 multi
477 2089 620 2174 medici,
637 2086 683 2161 ad
695 2092 943 2186 provocandos
959 2114 1102 2165 menses
1118 2087 1200 2162 dili-

129 2211 260 2299 genter
275 2199 460 2285 adhibent,
485 2198 546 2271 vel
568 2221 714 2296 prorsus
738 2200 934 2273 inefficacia
963 2226 1050 2288 esse,
1075 2199 1136 2274 vel
1158 2200 1200 2274 in

129 2312 237 2388 illum
253 2312 435 2386 duntaxat
451 2309 566 2383 finem
582 2309 737 2383 minime
752 2310 1033 2384 accommodata
1217 2331 1219 2335 “

180 2444 409 2499 ninxxxvn.
437 2421 522 2495 Non
540 2430 664 2496 tamen
690 2418 996 2496 dissimulandum
1012 2431 1079 2509 est,
1103 2445 1202 2519 quae·

129 2536 215 2609 dam
233 2536 509 2621 medicamenta,
533 2558 619 2631 quae
642 2531 759 2608 nullas
784 2531 869 2607 alias
885 2535 980 2607 vires
995 2532 1201 2619 ostendant,

129 2669 198 2720 nec
214 2645 304 2720 ullas
321 2645 406 2720 alias
422 2656 542 2744 partes
557 2644 727 2733 afficiant,
751 2654 899 2719 uterum
917 2645 1109 2744 insigniter
1125 2644 1202 2718 affi-

130 2782 221 2846 cere,
246 2768 461 2857 mensesque
477 2757 721 2832 efficacisslme
737 2781 895 2846 movere,
919 2757 1107 2831 interdum
1124 2757 1203 2830 visa

130 2895 217 2945 esse.
268 2870 396 2944 Clarus
414 2871 666 2966 enimauctor,
688 2870 864 2968 omnique
880 2862 954 2947 fide
969 2869 1115 2968 dignus,
1132 2878 1202 2943 tes·

131 2993 241 3071 tatur,
267 3008 305 3057 se
328 2981 436 3056 talem
453 2983 494 3056 in
512 2982 622 3056 herba
639 2981 738 3055 haud
755 2983 880 3081 magni
895 2981 1054 3056 nominis
1070 2983 1109 3054 in
1127 3003 1202 3055 me·
1298 3025 1302 3030 -

131 3095 262 3182 dicina,
284 3095 398 3182 rubia,
416 3092 562 3181 scilicet,
580 3094 790 3180 tinctorum,
807 3095 985 3168 virtutem
1002 3090 1204 3191 deprehen·
1317 3190 1319 3199 Ι

132 3205 249 3290 disse;
273 3206 496 3304 cujusradix
510 3207 549 3279 in
562 3205 730 3304 plurimis
740 3206 891 3292 casibus,
904 3231 991 3285 cum
1003 3206 1109 3278 novis
1120 3215 1203 3279 tum

132 3318 298 3404 vetustis,
325 3342 347 3390 a
363 3318 544 3414 variisque
560 3318 676 3392 causis
692 3318 1004 3416 provenientibus,
1024 3315 1203 3414 signaque

134 3427 376 3502 diversissima
389 3426 616 3514 habentibus,
629 3428 828 3530 multisque
836 3429 914 3503 aliis
925 3424 1093 3502 remediis
1103 3426 1205 3524 prius

132 3539 305 3613 adhibitis
329 3539 483 3611 minime
512 3539 736 3628 cedentibus,
774 3539 987 3616 mirabiliter
1014 3537 1203 3637 profuisse,

131 3673 349 3748 mensesque
366 3659 496 3747 praeter
512 3672 660 3722 omnem
674 3675 776 3748 apem
795 3674 1015 3751 provocasse,
1033 3651 1110 3724 visa
1122 3649 1204 3723 fuit.

134 3764 223 3851 Quo
240 3773 347 3862 pacto
364 3760 445 3835 talis
461 3760 581 3848 herba,
606 3760 768 3859 alioquin
798 3761 936 3837 nullius
966 3762 1021 3835 vis
1049 3769 1114 3834 aut
1143 3759 1205 3832 sti-¹
1268 3833 1271 3836 ,

134 3874 240 3962 muli,
266 3885 414 3950 uterum
432 3872 560 3958 irritet,
585 3873 643 3947 vel
672 3872 749 3946 ullo
777 3873 889 3949 modo
904 3872 1048 3957 afficiat,
1072 3879 1112 3944 et
1128 3893 1207 3943 san-

134 3987 289 4083 guinem
322 3986 413 4060 adeo
439 3984 633 4059 efficaciter
661 3983 754 4058 soras
782 3983 970 4083 propellat,
1007 3981 1208 4078 explanato

135 4094 394 4173 difficillimum
407 4108 483 4172 est:
510 4096 579 4171 boc
595 4105 718 4170 autem
737 4096 878 4194 plenior
893 4092 1129 4192 experientiae
1143 4091 1210 4164 do-

136 4215 225 4283 ceat
276 4209 444 4297 Interim,
468 4208 586 4309 magis
602 4208 754 4284 forsitan
778 4207 983 4297 dolendum
1010 4215 1064 4281 est
1093 4223 1209 4300 quam·

624 4318 720 4396 ula
