2678 4794
104 300 227 370 'can
245 304 393 363 xxvm.
444 302 666 362 aramenus
680 306 972 366 annonariam.
1151 297 1226 366 353

137 510 246 588 saepe,
259 492 298 560 et
314 493 415 559 extra
431 509 562 584 eorpus
578 484 653 558 sere
669 483 770 558 nulla
786 485 946 577 videtur,
963 486 1041 560 vim
1057 484 1220 585 aliquam

136 602 369 676 roborantem
385 596 568 696 possidere
586 596 770 684 videntur,
788 608 826 672 et
851 599 921 671 hoc
936 597 1098 686 consilio,
1123 597 1222 673 mul-

136 724 232 799 tum,
249 719 287 784 et
303 733 400 808 saepe
416 710 537 798 nimis,
555 718 790 808 usurpantur.
843 709 968 784 Multa
984 711 1082 784 enim
1100 710 1221 796 exiis,

134 824 286 899 forsitan
311 823 445 908 omnia,
470 821 570 920 large
593 835 792 919 assumpta,
823 823 963 920 corpori
988 833 1133 912 nocent,
1158 845 1221 895 ne·

133 959 208 1034 que
234 935 442 1032 suspicione
460 935 515 1008 vis
538 933 692 1030 alicujus
710 946 901 1007 venenatae
917 935 1069 1008 omnino
1085 942 1219 1008 carent.

133 1045 336 1124 Nonnullis
374 1043 502 1120 saltem
539 1045 759 1119 animalibus
796 1046 904 1144 plane
942 1070 1085 1120 veneno
1120 1057 1217 1122 sunt.

134 1158 250 1234 Aetio
274 1183 406 1233 eorum
431 1159 468 1231 in
495 1182 645 1256 corpore
669 1158 767 1245 vive,
793 1170 831 1232 et
855 1159 989 1233 modus
1013 1183 1090 1258 quo
1111 1157 1219 1233 fibras

133 1270 369 1355 musculosus,
386 1280 632 1368 praeterquam
646 1271 685 1343 vi
702 1293 767 1343 sua
779 1271 1016 1370 astringente,
1032 1270 1218 1360 roborant,

133 1405 266 1482 parum
282 1381 469 1456 intellecta
484 1393 583 1456 sunt.

185 1514 255 1568 arc.
280 1492 378 1567 Vina
395 1493 575 1592 quasdam,
600 1493 801 1590 praesertim
817 1492 928 1567 rubra
951 1504 990 1568 et
1014 1495 1216 1595 astringen-

134 1605 190 1680 tia
212 1606 398 1704 (mm),
435 1607 533 1679 inter
556 1604 699 1703 optima
722 1617 762 1680 et
785 1604 1033 1681 efficacissima
1056 1606 1218 1681 remedia

130 1707 340 1794 roborantia
359 1717 446 1815 jure
470 1717 675 1807 habentur;
714 1728 753 1790 et
781 1717 944 1816 profecto
972 1721 1097 1793 omnia
1121 1721 1219 1793 bona

131 1829 230 1918 vina,-
246 1828 383 1929 aliique
400 1829 560 1929 liquores
571 1829 694 1917 validi,
712 1831 789 1904 sive
805 1832 1044 1931 astringentia
1055 1833 1218 1905 existent

130 1941 321 2030 eirenen,
356 1943 436 2016 vim
460 1941 622 2040 aliquam
651 1942 882 2017 roborantem
912 1943 1020 2043 plane
1057 1944 1216 2029 habent3

131 2077 219 2152 quae
233 2053 352 2129 forsan
370 2054 522 2128 stimulo
538 2078 664 2128 eorum
683 2057 845 2129 maxima
860 2080 910 2131 ex
926 2067 1028 2156 parte
1053 2057 1217 2134 tribuen-

131 2164 262 2241 daest
717 2206 720 2214 ·

180 2300 269 2354 ster.
296 2278 387 2353 Alia
411 2280 511 2352 enim
536 2277 765 2352 stimulantia
788 2278 950 2352 remedia
966 2281 1057 2352 varii
1072 2283 1217 2378 generis

130 2413 200 2489 pro
210 2391 466 2467 roborantibus
478 2416 574 2491 saepe
586 2390 881 2490 praescribuntur,
895 2400 932 2462 et
945 2414 1216 2489 nonnunquam

130 2504 281 2602 egregie
297 2512 470 2602 prosunt;
496 2526 619 2601 neque
632 2504 784 2577 obscura
800 2502 903 2588 ratio,
920 2526 994 2600 qua
1011 2503 1218 2576 remedium

132 2614 300 2711 quodvis·
309 2615 511 2702 stimulans,
530 2616 690 2689 excitato
708 2615 879 2689 universo
889 2636 1032 2712 genere
1048 2636 1217 2702 neruoso,

131 2725 245 2801 fibras
261 2726 482 2802 musculosas
498 2728 545 2800 ad
563 2727 777 2800 validiorem
806 2727 1090 2800 contractionem
1113 2726 1216 2813 cisat,

131 2848 171 2913 et
187 2837 241 2912 sie
258 2848 381 2933 toturn
397 2865 529 2939 corpus
546 2838 820 2939 quodammodo
837 2839 1001 2927 roboret„

169 2968 288 3027 'mern
311 2952 494 3040 Quaedam
512 2977 601 3027 vero
626 2976 673 3026 ex
697 2950 866 3024 remediis
890 2951 988 3025 inter
1013 2950 1216 3051 astringen-

130 3061 180 3135 tia
199 3061 280 3161 jam
305 3076 530 3152 enumerata,
556 3065 678 3139 multo
699 3063 833 3162 majore
857 3063 896 3136 vi
921 3062 1114 3137 roborante
1138 3063 1214 3162 pol-

129 3169 208 3247 lent
223 3198 338 3273 quam
366 3175 441 3250 ulla
470 3178 739 3251 medicamenta
763 3175 1011 3274 astringentia‚
1037 3186 1102 3251 aut
1127 3199 1214 3248 sane

129 3282 206 3358 ulla
221 3287 491 3362 medicamenta
507 3312 592 3386 quae
608 3290 714 3387 aegris
730 3287 939 3362 devoranda
955 3285 1099 3360 dantur.
1139 3286 1214 3360 Cu·

123 3392 289 3491 jusmodi
319 3400 491 3497 exempla
518 3410 615 3487 sunt,
639 3401 771 3474 idonea
795 3400 954 3499 corporis
991 3399 1215 3486 exercitatio,

128 3505 244 3606 frigus
268 3510 339 3583 rite
364 3511 586 3599 adhibitum,
611 3521 697 3609 apta
721 3511 839 3600 diaeta,
865 3520 904 3586 et
929 3511 1093 3599 demum,
1122 3534 1213 3586 non-

128 3618 221 3694 nulli
237 3623 357 3697 animi
373 3621 537 3696 affectus.
1212 3662 1220 3677 ·

175 3753 299 3819 mem.
326 3734 443 3823 Quod
472 3733 642 3807 idoneam
660 3735 820 3832 eorporis
844 3735 1142 3809 exercitationem
1159 3743 1213 3809 at·

130 3839 232 3932 tinet,
262 3869 330 3944 pro
355 3846 519 3920 remedio
544 3844 737 3930 roborante
761 3848 864 3920 omni
888 3840 998 3920 laude
1014 3848 1129 3946 major
1146 3856 1213 3935 est,

129 3974 210 4031 eum
235 3957 285 4030 ad
308 3958 486 4032 tuendam
512 3957 716 4045 sanitatem,
747 3958 777 4031 si
793 3959 872 4032 haec
888 3970 1017 4032 natura
1034 3960 1130 4032 bona
1146 3968 1213 4046 est,

131 4071 210 4144 tum
226 4067 275 4142 ad
299 4061 511 4144 reficiendas
539 4078 605 4144 aut
631 4070 858 4145 renovandae
874 4070 979 4160 vires,
1005 4072 1035 4145 si
1060 4070 1127 4158 hae,
1153 4068 1214 4143 vel

133 4179 267 4279 morbo,
283 4181 344 4257 vel
359 4207 474 4280 pravo
490 4183 578 4260 vitae
593 4206 740 4284 genere,
756 4182 817 4258 vel
834 4181 913 4259 aliis
929 4182 1078 4258 fortasse
1091 4181 1214 4257 minus

656 4317 683 4369 z
