2678 4794
569 361 678 416 XXXV

85 484 340 634 “antiquitate
367 557 457 609 vere
479 532 646 612 habenda
673 545 780 626 sunt;
819 562 906 638 quae
934 543 1159 642 temporibus
1243 570 1247 574 ⁴

81 651 242 723 “nostris
276 647 398 722 tribui
431 648 580 739 debent,
617 675 693 727 non
717 652 859 751 juniori
888 655 990 729 aetati
1016 658 1159 746 mundi,

74 762 224 863 “qualis
236 761 340 863 apud
357 763 533 862 antiquos
550 763 632 839 fuit.
684 765 752 839 Illa
770 768 867 841 enim
886 778 975 843 aetas
991 779 1160 867 respectu

75 887 93 920 ⁸‘
105 875 394 976 nostri,antiqua
404 886 443 950 et
453 876 584 975 major3
597 888 766 978 respectu
776 878 911 956 mundi
921 881 1049 980 ipsius,
1062 905 1162 956 nova

75 1000 93 1034 '¹
108 1002 145 1064 et
155 990 278 1065 minor
290 989 375 1063 fuit.
418 990 553 1088 Atque
564 1015 700 1080 revera,
714 994 1032 1091 quemadmodum
1043 991 1158 1090 majo·

75 1113 94 1145 “
107 1122 184 1176 rem
197 1125 322 1176 rerum
343 1101 589 1178 humanarum
606 1106 789 1195 notitiam,
807 1116 845 1181 et
862 1108 1043 1182 maturius
1054 1105 1156 1205 judi-

72 1224 93 1258 “
108 1216 220 1303 cium,
247 1215 296 1288 ab
314 1215 465 1289 homine
478 1240 568 1290 sene
584 1236 822 1317 expectamus
839 1245 953 1319 quam
970 1246 992 1295 a
1001 1220 1155 1319 juvene,

75 1339 96 1370 “
108 1337 261 1426 propter
276 1329 553 1426 experientiam,
567 1339 609 1404 et
621 1354 745 1405 rerum
763 1356 855 1432 quas
872 1333 979 1420 vidit,
995 1342 1035 1406 et
1050 1333 1153 1406 audi-

76 1449 97 1482 “
113 1438 178 1528 rit,
196 1447 236 1512 et
245 1440 428 1539 cogitavit,
441 1441 658 1516 varietatem
669 1451 708 1516 et
719 1446 878 1544 copiam3
895 1443 1026 1520 eodem
1039 1445 1153 1519 modo

73 1561 145 1626 “et
159 1575 181 1624 a
198 1564 321 1626 nostra
337 1561 448 1627 aetate
464 1554 509 1644 (si
526 1555 622 1628 vires
639 1579 721 1630 suas
737 1568 871 1643 nosset,
889 1568 927 1631 et
938 1557 1096 1657 experiri
1112 1565 1151 1630 et

71 1675 91 1707 ‘⁶
104 1663 297 1739 intendere
307 1664 435 1762 vellet)
453 1666 591 1764 majora
608 1668 730 1743 multo
746 1694 860 1769 quam
878 1695 900 1743 a
915 1671 1040 1768 priscis
1056 1678 1150 1743 tem-

69 1787 88 1820 “
99 1776 250 1876 poribus
260 1778 450 1876 expectari
463 1802 529 1878 par
541 1789 617 1866 est;
635 1791 768 1880 utpote
778 1793 888 1856 aetate
897 1781 1031 1855 mundi
1043 1804 1149 1880 gran-

68 1900 88 1933 ⁴‘
101 1891 212 1978 dicre,
237 1901 277 1964 et
292 1889 451 1964 infinitis
478 1893 740 1992 experimentis
766 1907 806 1969 et
833 1892 1149 1969 observationibus

68 2014 88 2046 ‘⁴
101 2015 206 2078 aucta
235 2013 274 2077 et
302 2004 502 2079 cumulata.
552 2006 749 2081 Authores
763 2032 851 2083 vero
875 2007 978 2107 quod
1002 2006 1148 2092 attinet,

65 2127 84 2160 ‘⁴
98 2136 255 2191 summae
270 2114 589 2217 pusillanimitatis
605 2132 672 2208 est,
689 2120 906 2195 authoribus
922 2119 1068 2194 infinita
1085 2118 1148 2191 tri-

64 2239 85 2273 “
96 2228 219 2317 buere,
236 2228 390 2303 authori
405 2238 531 2304 autem
549 2231 763 2321 authorum,
787 2243 902 2332 atque
917 2231 1010 2307 adeo
1026 2229 1147 2305 omnis

64 2353 85 2384 ‘⁸
99 2341 343 2428 authoritatis,
357 2344 527 2441 tempori,
535 2343 599 2440 jus
611 2369 723 2419 suum
734 2345 926 2448 denegare.
977 2345 1099 2418 Recte
1110 2366 1147 2415 e-

67 2464 88 2498 “
103 2454 331 2529 nimVeritas
337 2455 533 2554 Temporis
542 2453 770 2541 filiadicitur,
782 2480 857 2528 non
865 2454 1147 2529 Authoritatis.’'

111 2566 300 2654 Quoniam
317 2591 408 2642 vero
424 2577 529 2642 tanto
545 2579 702 2665 tamque
719 2567 897 2640 diutuma
926 2566 965 2638 in
997 2565 1148 2636 scientia

63 2678 201 2754 medica
217 2681 402 2755 variorum
416 2680 637 2780 scriptarum
655 2678 878 2781 opinionum
895 2676 1091 2751 auctoritas
1107 2685 1147 2750 et

61 2793 256 2893 imperium
273 2793 425 2880 fuerint,
450 2816 572 2893 operae
587 2793 763 2893 pretium,
790 2793 830 2866 ni
848 2790 1013 2866 multum
1030 2788 1145 2877 iillor,

64 2907 317 3006 unusquisque
335 2906 498 2980 medicus
514 2907 678 2981 facturus
694 2917 761 2994 est,
787 2905 855 3004 qui
871 2906 1062 3006 opiniones
1080 2926 1145 2977 seu

66 3017 255 3108 Thoos-ias,
281 3019 310 3094 si
328 3043 406 3093 non
430 3041 570 3106 omnes,
594 3018 779 3118 principes
808 3017 936 3093 saltem
964 3015 1145 3103 didicerit,

63 3140 253 3234 utcunque
269 3131 385 3220 falsas,
410 3133 487 3205 imo
514 3131 674 3213 dixerim
704 3140 742 3205 et
773 3131 926 3229 ineptas,
952 3154 1038 3228 quae
1053 3126 1144 3201 olim

64 3253 99 3317 et
113 3266 232 3345 nuper
248 3246 289 3318 in
306 3243 493 3344 republica
509 3255 633 3318 nostra
650 3243 790 3318 fuerint
806 3251 983 3341 receptae:
1008 3240 1143 3314 fontes·

61 3378 130 3454 que
145 3356 241 3432 bene
271 3358 419 3430 noverit
447 3356 549 3430 unde
579 3357 674 3430 tanti
704 3376 841 3428 errores
870 3351 1142 3451 profluxissent.

61 3467 140 3545 Hac
158 3471 311 3546 sderrtia
326 3470 492 3556 innixus,
509 3468 556 3542 ab
571 3468 764 3542 effectibus
775 3465 917 3551 eorum,
934 3462 1142 3562 longelate-

61 3603 131 3680 que
145 3607 213 3682 per
229 3581 390 3684 populos
407 3581 664 3669 disseminatis,
675 3579 823 3664 ¹facilius
839 3588 878 3652 et
894 3577 1029 3652 certius
1039 3599 1142 3650 cave-

62 3692 131 3782 bit;
156 3719 244 3770 nam
263 3698 303 3770 in
321 3696 447 3770 castris
464 3693 675 3792 AEsculapii,
691 3717 767 3767 non
785 3715 887 3766 secus
903 3689 1001 3764 acin
1018 3687 1107 3776 aliis,

220 3883 386 3970 Quicquid
399 3885 536 3949 delirant
551 3905 645 3968 reges,
655 3883 832 3967 plectuntur
846 3879 968 3944 Achivi.

68 4040 146 4133 Nec,
170 4045 200 4120 si
217 4042 316 4144 quid
333 4041 423 4116 olim
441 4052 561 4142 patres
580 4043 771 4116 medicinae
783 4046 961 4127 errarunt,
977 4044 1064 4110 aetas
1080 4031 1143 4105 de-

64 4150 153 4245 levit,
169 4171 207 4236 et
225 4157 335 4235 fallor
347 4156 387 4228 ni
402 4158 471 4233 seri
489 4166 642 4257 nepotes
658 4165 741 4255 post
757 4154 813 4229 bis
831 4150 933 4228 mille
949 4167 1063 4223 annos
1080 4138 1142 4213 ad-

64 4263 127 4346 buc
140 4269 256 4369 luant.

568 4405 588 4456 c
606 4390 628 4454 2
