2678 4794
137 330 185 412 96
541 345 791 404 cousracrus
1048 349 1211 404 eamn.

135 550 247 602 cavus
262 549 351 601 vero
367 521 553 600 musculus
569 532 714 620 oportet
729 523 860 598 arctior
875 521 950 610 fiat,
975 534 1014 598 et
1030 525 1211 624 quicquid

136 639 302 714 eontinet
323 661 397 737 qua
419 635 529 708 datur
551 644 656 733 porta
680 635 880 735 propellat;
909 635 1100 737 aplincter
1123 661 1213 711 vero

135 752 272 825 ostium
289 749 349 822 cui
364 746 589 846 praeponitur
604 745 761 823 claudat.
802 746 857 823 Et
873 746 913 822 hi
934 746 1097 847 profecto
1112 771 1215 822 mus-

135 862 301 938 culorum
318 882 406 933 usus
423 868 521 932 sunt

145 1059 148 1066 ,
184 993 316 1049 cccxr.
342 968 508 1045 Musculi
532 970 609 1045 fere
624 971 803 1046 desinunt
831 971 871 1045 in
888 967 1130 1045 substantiam
1159 979 1215 1044 te-

134 1108 247 1160 nuem
265 1082 412 1174 (sicum
430 1082 527 1158 mole
543 1083 658 1183 ipsius
675 1082 833 1159 musculi
856 1091 1063 1181 comparata
1085 1080 1214 1180 fuerit)

131 1197 287 1281 firmam,
314 1194 487 1283 validam,
512 1195 791 1294 splendentem
826 1217 941 1293 quam
957 1202 1098 1266 veteres
1127 1217 1213 1268 ner·-

132 1330 227 1393 vum,
256 1307 473 1382 recentiores
502 1331 591 1382 vem
607 1308 809 1408 scriptores,
836 1306 1080 1381 distinctionis
1105 1330 1214 1381 causa

130 1419 176 1492 ab
203 1418 275 1493 alio
302 1443 502 1495 nervorum
528 1442 664 1519 genere
693 1423 777 1517 (cx)
808 1416 995 1496 teacinam
1022 1428 1212 1507 vocarunt

130 1531 363 1629 Hujusmodi
403 1542 527 1606 autem
561 1531 749 1605 fabricatio
787 1529 951 1629 partibus
985 1528 1214 1620 musculosa,

129 1641 198 1718 hoc
214 1643 322 1742 plane
338 1644 500 1745 consilio,
529 1668 551 1717 a
569 1645 725 1717 Summo
741 1641 900 1742 corporis
917 1639 1061 1740 Opifice
1091 1642 1212 1732 datur,

128 1779 206 1854 quo
221 1756 362 1836 facilius
380 1765 418 1831 et
446 1755 650 1855 elegantius
668 1755 821 1842 ossibus,
845 1755 1061 1853 caeterisque
1076 1755 1213 1855 quibus

127 1891 221 1966 opus
249 1879 306 1943 est
334 1868 509 1967 partibus,
526 1866 792 1952 adnectantur;
817 1877 949 1965 atquo
976 1865 1098 1964 plures
1115 1892 1213 1944 mus·

126 1979 211 2066 culi,
240 1981 326 2078 ipsis
343 1981 480 2055 ossium
496 1981 645 2078 punctis
662 1978 798 2079 quibus
824 1987 971 2079 oportet
987 1979 1126 2067 inserti,
1149 2003 1211 2054 va·

125 2090 198 2164 rios
213 2101 324 2178 artus,
352 2100 390 2166 et
415 2092 629 2167 universum
657 2115 801 2192 corpus,
827 2114 941 2191 quam
971 2093 1115 2189 optime
1131 2116 1210 2166 mo·

125 2213 238 2278 veant
255 2212 295 2278 et
310 2214 451 2303 regant.
507 2203 636 2281 Tendo
652 2227 740 2278 vero
756 2202 851 2277 nihil
867 2203 956 2301 agit,
985 2214 1024 2276 et
1039 2228 1107 2303 pro
1121 2203 1213 2279 fune

127 2316 166 2388 in
183 2316 352 2391 machina
379 2316 503 2392 haberi
519 2328 653 2417 potest,
682 2341 758 2416 qua
773 2325 899 2391 motus
915 2315 1028 2415 partis
1049 2315 1211 2414 cujusvis

127 2451 212 2502 cum
229 2428 308 2503 aliis
324 2439 363 2504 et
379 2431 530 2506 remotis
546 2431 713 2531 partibus
730 2429 1061 2505 communicantur.

175 2564 301 2617 ccxn.
328 2542 411 2618 Diu
435 2544 676 2644 multumque
701 2543 934 2642 disputatum
960 2552 1026 2629 est,
1051 2539 1212 2617 musculi

125 2675 218 2727 num
235 2664 433 2752 augeretur
456 2681 504 2730 an
522 2657 751 2730 minueretur
766 2655 892 2741 moles,
915 2656 1033 2728 donec
1047 2663 1211 2731 contrac-

125 2772 187 2836 tus
202 2776 306 2838 esset.
356 2766 595 2855 Differentia,
619 2767 725 2862 siqua
740 2787 867 2836 revera
895 2763 954 2848 sit,
979 2760 1071 2835 adeo
1095 2788 1210 2860 parva

124 2881 191 2958 est,
216 2883 261 2947 ut
277 2896 400 2971 neque
423 2875 469 2946 ad
487 2896 698 2949 mensuram
722 2871 827 2946 facile
852 2872 1059 2958 reducatur,
1083 2895 1210 2974 neque

124 2981 242 3081 qualis
258 2983 308 3057 sit
322 2983 499 3058 hactenus
519 3008 587 3082 pro
601 2992 703 3058 certo
717 2992 870 3059 constet

172 3114 341 3170 cccxm.
368 3094 530 3171 Immani
545 3097 687 3195 vixque
715 3095 881 3170 credibili
897 3096 937 3172 vi
961 3106 1081 3197 agunt
1111 3122 1209 3177 mus·

125 3204 211 3282 culi.
249 3206 401 3283 Docent
417 3207 585 3308 ingentia
599 3231 686 3306 quoe
701 3205 833 3284 tollant
850 3200 1022 3309 pondera,
1038 3214 1211 3311 quamvis

121 3317 290 3395 multum
306 3321 400 3397 absit
417 3330 462 3397 ut
476 3328 557 3396 tota
572 3319 747 3397 fibrarum
760 3321 818 3397 vis
833 3333 920 3423 apte
935 3323 982 3398 ad
999 3324 1114 3398 istum
1128 3349 1207 3399 mo·
1226 3412 1237 3435 ι

122 3436 208 3505 tum
224 3431 461 3508 efficiendum
477 3433 736 3533 impendatur3
758 3434 938 3537 imprimis
954 3436 1004 3510 ob
1022 3435 1209 3514 tendinem

122 3543 292 3641 proxime
307 3555 477 3621 centrum
494 3557 620 3624 motus
636 3547 829 3638 insertum,
845 3548 1083 3648 eundemque
1099 3549 1209 3624 valde

122 3653 274 3754 oblique
306 3657 585 3747 decunentem;
627 3668 710 3735 tum
739 3684 890 3761 quoque
922 3671 1071 3760 propter
1099 3661 1209 3738 fibras

124 3765 297 3866 singulas,
309 3794 396 3868 quae
406 3769 596 3855 fasciculos
608 3775 851 3862 constituunt,
867 3774 1040 3873 ipsosque
1052 3773 1208 3850 demum

122 3877 319 3969 fasciculos,
348 3880 500 3983 oblique
530 3884 733 3961 admodum
760 3884 964 3973 tendentes,
998 3884 1046 3959 ad
1070 3884 1208 3962 lineam

123 3989 336 4068 directionis
366 3993 554 4080 landiola:
589 4021 666 4096 quo
681 3996 725 4072 fit
740 4006 786 4072 ut
801 4020 937 4096 magna
951 4021 1034 4096 pars
1060 3997 1209 4086 virium,

76 4190 79 4195 ¹
123 4102 216 4180 adeo
240 4103 401 4205 oblique,
438 4107 517 4182 sere
541 4110 730 4197 contrarie,
764 4109 968 4209 agentium,
1005 4133 1044 4183 se
1068 4110 1208 4209 perdat.

124 4212 189 4293 Ex
206 4216 263 4295 his
279 4219 481 4323 principiis,
497 4220 689 4301 subductis
700 4220 857 4315 calcalia
872 4222 1033 4301 enormis
1042 4221 1098 4298 vis
1110 4246 1210 4303 mus·
