2678 4794
181 356 256 425 248
585 362 837 419 consaucrus
1065 366 1152 420 cnr.
1171 366 1255 420 xar.

185 544 409 645 quibusdam
423 551 468 616 ut
482 540 597 612 fertur
612 536 802 636 exemplis,
828 537 875 613 ab
890 485 993 613 omni
1009 540 1085 613 fere
1100 541 1259 641 eorporis

186 681 311 770 parte:
336 667 438 743 dolor
461 662 682 751 lumborum,
706 661 846 762 eapitis,
869 664 1035 762 pectoris,
1052 664 1262 750 ventriculi,

186 784 341 881 vertigo,
357 778 471 852 nimia
486 773 680 863 mobilitas,
696 774 863 874 hysteria
877 774 1085 874 aliquando,
1106 776 1264 848 tandem

187 894 353 968 debilitas
376 888 563 990 generalis,
601 910 805 987 omnesque
827 885 1034 961 functiones
1061 887 1263 985 impeditae,

187 1015 226 1080 et
241 1003 414 1079 valetudo
429 1001 476 1076 ab
491 1002 594 1075 omni
611 1011 715 1101 parte
731 998 914 1074 labefacta.

234 1136 427 1190 ncccxnr.
444 1114 568 1188 Variae
584 1123 673 1189 sunt
688 1134 806 1188 eausae
822 1112 1001 1187 mensium
1018 1110 1077 1185 νε]
1095 1132 1264 1208 suppres-

184 1248 319 1313 sonrm,
348 1228 407 1303 νε]
425 1249 620 1327 nunquam
636 1224 914 1325 profluentium,
940 1248 985 1297 eo
1000 1223 1118 1322 magis
1144 1230 1264 1295 atten-

183 1338 286 1412 tione
302 1338 437 1439 dignae,
465 1342 569 1440 quod
587 1362 634 1414 ex
651 1362 777 1412 earum
794 1347 927 1411 natura
942 1337 1037 1409 bene
1064 1341 1264 1433 perspecta,

181 1450 304 1527 morbi
313 1453 453 1527 sanatio
466 1462 505 1526 et
513 1449 833 1525 fluxusrevoeatio
842 1448 1074 1548 potissimum
1085 1445 1262 1545 pendent.

232 1585 422 1639 ncccxlv.
439 1562 635 1637 Deficiunt
650 1561 849 1660 aliquando
864 1559 1013 1635 fortasse
1028 1581 1183 1643 menses,
1200 1555 1263 1631 sed

182 1675 373 1762 rarissime,
398 1685 548 1776 propter
565 1698 715 1774 pravam
732 1674 829 1748 uteri
844 1672 1028 1759 fabricam,
1047 1695 1123 1770 qua
1138 1670 1262 1746 minus

181 1787 302 1861 valeat
327 1788 374 1861 ad
390 1789 607 1887 sanguinem
624 1784 897 1884 eongerendum
915 1797 954 1858 et
969 1781 1261 1864 effundendum

181 1898 372 1973 interdum
397 1900 520 1988 etiam,
549 1898 718 1996 quamvis
744 1895 843 1970 baud
872 1894 992 1969 multo
1021 1894 1261 1992 frequentius,

182 2010 330 2106 sanguis
345 2010 385 2082 in
402 2021 550 2085 uterum
568 2009 706 2084 effusus
730 2008 782 2081 ibi
798 2007 1021 2106 reprimitur,
1049 2006 1112 2080 via
1127 2006 1262 2081 scilieet

181 2142 231 2193 ex
248 2129 355 2195 utero
369 2132 502 2222 praeter
518 2135 685 2199 naturam
704 2120 892 2220 impedita

233 2254 402 2308 necent.
442 2234 584 2334 Saepius
607 2258 707 2322 vero,
742 2232 841 2307 salva
863 2233 1016 2307 omnino
1039 2254 1263 2332 organonrm

182 2341 328 2433 fabrica,
365 2368 506 2421 menses
541 2347 647 2422 solita
682 2354 791 2420 aetate
819 2368 895 2419 non
919 2355 1181 2444 prorumpunt,
1215 2344 1263 2419 ob

184 2456 371 2534 defectum
387 2460 494 2534 istius
510 2460 731 2535 conditionis
747 2458 971 2546 suariorum,
996 2456 1098 2532 unde
1113 2456 1264 2532 secretio

182 2568 383 2646 humorum
408 2571 667 2647 foecundorum
691 2571 758 2670 qui
784 2581 890 2646 utero
913 2569 1065 2645 stimulo
1087 2569 1264 2644 videntru

183 2704 261 2755 esse
278 2683 493 2781 (nccnxxr)
510 2683 668 2782 pendet;
693 2682 752 2757 νε]
768 2693 919 2783 pmpter
930 2706 1060 2782 eorpus
1076 2704 1154 2757 non
1170 2682 1264 2757 bene

184 2792 380 2881 nutritum,
397 2812 463 2867 aut
474 2794 577 2893 gravi
587 2794 709 2869 labore
725 2802 790 2866 aut
802 2793 1015 2868 valetudine
1027 2793 1263 2881 exhaustum,

184 2899 244 2976 vel
262 2901 424 3000 deniqne
448 2929 670 3002 quacunque
697 2928 803 2978 eausa
819 2904 926 2978 valde
943 2906 1189 2995 debilitatum,
1212 2906 1264 2979 ita

184 3021 230 3086 ut
245 3013 305 3085 νε]
322 3013 424 3088 nulla
440 3015 627 3111 sanguinis
653 3014 877 3090 abundantia
894 3017 973 3092 fieri
989 3019 1114 3139 possit,
1142 3017 1204 3092 vel
1219 3018 1264 3092 si·

185 3146 260 3222 qua
276 3123 370 3199 faeta
398 3124 519 3214 fuerit,
543 3126 601 3199 vis
627 3126 730 3200 nulla
755 3128 851 3202 adsit
867 3154 953 3229 quae
981 3132 1202 3231 sanguinem
1218 3130 1264 3205 ad

185 3249 336 3314 uterum
352 3238 497 3326 invitet,
522 3238 582 3312 νε]
598 3262 665 3337 per
689 3238 768 3338 ejus
784 3265 869 3316 vasa
885 3242 1074 3343 propellat.
1124 3243 1191 3318 Ex
1206 3244 1264 3317 iis·

184 3350 271 3426 dem
288 3354 415 3442 nausis,
431 3376 574 3427 menses
587 3375 683 3453 saepe
694 3355 978 3453 supprimuntur
993 3356 1169 3443 foeminis,
1181 3378 1264 3455 quae

185 3470 293 3537 antea
308 3488 369 3539 eos
386 3464 542 3539 naturali
561 3465 671 3540 modo
687 3465 909 3542 habuissent.

234 3594 420 3652 ncccxvr.
448 3577 553 3677 Saepe
578 3580 689 3654 etiam
716 3579 973 3679 impediuntur
990 3580 1068 3678 jam
1086 3582 1264 3655 instantes

183 3708 338 3776 menses,
355 3689 416 3763 νε]
426 3691 549 3766 subito
562 3693 752 3780 sistuntur,
768 3692 858 3766 dum
870 3690 1004 3781 fluunt,
1017 3693 1127 3767 variis
1137 3692 1265 3778 aeuus,

184 3798 311 3898 quates
327 3800 387 3894 νε]
404 3802 610 3880 istiusmodi
628 3804 863 3892 debilitatem,
888 3803 951 3884 vet
965 3808 1265 3889 eontractionem,

185 3923 251 3987 aut
267 3937 454 4014 spasmum
471 3928 577 3992 utero
589 3918 744 4017 ejusque
756 3918 895 3992 arteriis
911 3916 1094 4005 inducere,
1111 3917 1174 3992 νε]
1186 3932 1264 3990 san:

186 4025 338 4127 guinem
356 4025 427 4101 alio
443 4028 625 4105 divertere
636 4030 800 4128 possint:
826 4029 1034 4127 cujusmodi
1053 4042 1143 4104 sunt
1155 4029 1265 4103 vehe-

185 4147 329 4217 mentes
345 4140 459 4214 auimi
476 4142 639 4231 affectus,
656 4143 734 4216 sive
750 4142 950 4216 excitantes
967 4141 1043 4216 sive
1056 4142 1265 4241 deprimen·

185 4264 252 4344 tes,
267 4252 395 4355 frigus,
411 4254 610 4356 presertim
628 4252 785 4354 pedibus
800 4254 1005 4344 admotum,
1027 4277 1173 4355 magnae
1189 4252 1264 4331 exi·
