2678 4794
613 361 640 411 V

78 555 160 606 cum
177 531 220 605 iis
236 531 408 605 scientiae
424 529 499 604 fere
515 554 652 621 omnes,
669 533 708 606 in
721 532 873 632 Europa
888 534 1152 628 reviviscerent,

77 643 284 719 communis
301 644 499 718 doctorum
517 646 682 719 virorum
706 645 833 744 lingua
857 646 996 734 fuisset,
1022 672 1086 746 per
1101 658 1154 724 to.

77 766 154 831 tum
173 768 358 831 terrarum
376 757 502 831 orbem
520 757 715 846 intellecta,
733 783 807 856 qua
823 759 1062 834 inventorum
1079 784 1155 836 om·

77 871 192 957 nium,
218 879 258 945 et
273 869 586 959 observationum,
611 881 800 970 quotquot
823 872 904 945 sciri
933 882 999 946 aut
1027 896 1155 972 propa·

77 983 152 1081 gari
181 992 423 1070 mererentur,
447 981 664 1058 facillimum
681 994 719 1058 et
736 984 1072 1058 commodissimum
1089 1010 1155 1083 per

75 1119 201 1169 omnes
219 1120 304 1194 quae
329 1095 520 1169 scientiam
545 1095 706 1170 colerent
730 1107 860 1196 gentes
888 1099 1152 1172 commercium

77 1206 188 1281 fieret.
250 1207 431 1282 Nondum
462 1208 550 1296 vidi,
588 1232 657 1284 nec
683 1209 787 1283 facile
815 1208 959 1282 credere
988 1234 1151 1308 possum,

79 1320 382 1392 consuetudinem
395 1346 478 1418 quae
488 1344 608 1419 nuper
619 1320 811 1408 increbuit,
828 1320 937 1394 libros
950 1320 1152 1420 plerosque,

76 1455 162 1505 cum
179 1431 349 1518 medicos,
374 1442 456 1507 tum
484 1458 633 1532 quoque
661 1433 708 1507 ad
734 1433 820 1507 alias
847 1434 1014 1506 scientias
1040 1436 1151 1531 perti-

74 1553 211 1631 nentes,
236 1545 418 1619 scribendi
434 1547 630 1621 vemaculo
646 1547 828 1621 variarum
858 1546 1052 1644 regionum
1081 1568 1150 1619 ser·

72 1679 190 1743 mone,
225 1657 348 1731 studia
378 1668 444 1733 aut
471 1658 637 1734 breviora
664 1670 731 1733 aut
754 1658 913 1731 faciliora
939 1657 1149 1745 reddidisse,

72 1768 334 1868 scientiamque
351 1781 511 1846 nostram
531 1771 607 1847 ullo
629 1771 741 1844 modo
757 1780 823 1844 aut
840 1751 1051 1869 provexisse
1067 1769 1148 1843 hsc-

72 1889 187 1968 tenus,
211 1906 430 1991 unquamne
445 1908 521 1958 esse
536 1895 805 1984 provecturum.

26 1999 64 2082 f}
115 1984 310 2083 Praeterea,
335 1994 450 2070 latino
467 2020 633 2071 sermone
650 2006 728 2071 tam
744 1994 879 2069 male
868 2019 908 2068 m
934 1994 1064 2068 desuet
1066 1993 1146 2067 udi-

68 2128 150 2179 nem
162 2107 335 2195 abeunte,
347 2131 423 2182 non
436 2109 547 2183 modo
560 2133 657 2183 nova
669 2109 707 2181 in
721 2109 824 2182 omni
834 2129 969 2206 genere
986 2107 1147 2181 scientiae

67 2218 217 2293 inventa
232 2219 376 2294 tardius
391 2221 668 2320 pervulgantur,
685 2219 746 2295 vel
762 2221 911 2319 penitus
928 2218 1147 2294 cohibentur

67 2329 165 2403 intra
178 2331 273 2409 fines
287 2333 446 2431 regionis
463 2333 529 2407 ubi
545 2335 666 2432 primo
677 2343 764 2408 nata
776 2345 874 2419 sunt,
892 2332 1145 2406 verumetiam

68 2441 180 2516 multi
196 2453 234 2516 et
249 2443 474 2520 aestimabiles
491 2453 667 2531 auctores,
690 2444 892 2541 praesertim
909 2443 1145 2537 antiquiores,

69 2555 136 2652 qui
161 2553 231 2626 hoc
254 2578 415 2630 sermone
438 2557 497 2630 usi
527 2563 641 2641 erant,
667 2551 855 2626 immerito
884 2550 1054 2648 neglecti,
1079 2559 1145 2622 aut

65 2687 144 2739 raro
167 2664 403 2756 evolvuntur,
427 2678 492 2742 aut
509 2664 808 2764 incaligantibus
833 2660 1063 2737 bibliothecis
1091 2685 1145 2733 re·

66 2779 170 2874 posti,
197 2779 292 2853 duro
320 2803 448 2853 somno
476 2779 710 2866 damnantur,
745 2777 849 2876 digni
878 2774 1030 2849 meliore
1058 2774 1144 2847 sato.

68 2889 234 2966 Forsitan
263 2902 303 2966 et
333 2903 481 2991 tempus
505 2893 640 2978 veniet,
676 2915 764 2966 cum
791 2888 925 2963 medici
952 2889 999 2961 de
1028 2884 1144 2959 latino

67 3003 341 3098 praedicaverint
354 3005 499 3102 scripto,
517 3012 661 3078 mutato
672 3012 821 3077 tantum
835 2998 1023 3084 vocabulo,
1041 2996 1143 3096 quod

68 3111 153 3187 olim
178 3117 215 3188 in
243 3116 476 3190 tenebricosis
493 3113 622 3190 seculis
639 3115 687 3188 de
703 3113 835 3188 Graeco
852 3107 1037 3186 Monacbi
1053 3107 1143 3183 sole·

69 3224 155 3298 bant
170 3229 377 3325 praedicare,
403 3237 425 3270 “
442 3228 623 3302 Latinum
640 3237 706 3314 est,
731 3250 800 3299 nec
823 3233 946 3323 potest
972 3221 1046 3319 legi
1075 3243 1144 3293 nec

68 3335 251 3436 intelligi.”
303 3339 403 3414 Cum
429 3339 535 3413 bonis
559 3338 684 3424 literis,
709 3337 869 3411 scientiae
885 3355 997 3406 omne
1012 3354 1142 3429 genus,

66 3459 228 3549 artesque
244 3450 442 3549 elegantes,
458 3460 498 3523 et
513 3451 695 3547 imprimis
707 3447 900 3523 utilissima
915 3469 971 3519 ars
988 3443 1141 3530 medica,

67 3558 216 3635 floruere
239 3562 344 3635 olim.
394 3562 472 3635 Illis
496 3563 647 3635 tandem
679 3558 856 3658 neglectis
883 3565 921 3629 et
950 3554 1141 3651 corruptis,

66 3669 119 3747 hae
133 3698 376 3748 communem
398 3685 531 3748 sortem
551 3673 753 3758 subierunt,
779 3680 817 3745 et
833 3668 963 3743 iisdem
982 3665 1142 3740 tenebris

68 3785 247 3862 obvolutae
274 3787 543 3874 donniverunt,
577 3810 643 3884 per
671 3783 867 3858 duodecim
899 3777 1019 3854 secula
1046 3799 1142 3875 pene

67 3898 244 3987 extinctae,
271 3909 311 3972 et
336 3900 462 3996 generi
486 3899 652 3972 humano
680 3918 826 3993 prorsus
854 3890 1014 3965 inutiles.
1064 3889 1141 3963 Re·

68 4012 298 4110 sugentibus
316 4010 464 4084 tandem
483 4011 597 4085 literis
613 4009 661 4082 ad
673 4009 872 4106 pristinum
889 4005 1011 4090 decus,
1029 4004 1141 4076 scien·

68 4118 119 4194 tiae
139 4134 428 4200 resurrexerunt
449 4124 584 4198 simul:
609 4146 737 4196 vereor
761 4130 885 4194 autem
915 4140 964 4190 ne
993 4124 1141 4208 tempus

63 4239 288 4338 quandoque
299 4234 435 4325 veniat,
452 4237 555 4336 quod
567 4234 718 4312 fortasse
734 4243 773 4309 et
789 4253 890 4307 nunc
905 4245 1021 4328 prope
1035 4218 1140 4318 obsit,
1163 4242 1187 4275 ⁶·
