2678 4794
100 427 182 484 cm.
196 425 238 481 11.
357 419 579 482 mumma
596 418 886 485 autonomon.
1063 506 1069 515 .
1118 417 1166 490 aa
1215 430 1218 435 ·

490 827 776 851 m

491 852 774 864 ..-Ἥ

96 1167 182 1242 Cui.
197 1165 373 1243 II.—De
387 1163 507 1242 solida
521 1167 681 1244 matario
698 1191 747 1244 aa
763 1193 840 1269 qna
852 1193 1011 1270 carpum
1027 1172 1171 1249 animo·

100 1327 103 1331 -
142 1277 226 1355 liam
241 1279 366 1378 fiam,
397 1279 588 1378 suasuque
611 1281 691 1379 ejus
714 1279 871 1370 dotibus,
904 1291 982 1359 tum
1006 1285 1172 1363 chemicis

147 1400 220 1465 tum
233 1391 476 1468 mechanicas:
502 1392 549 1468 de
560 1393 781 1492 corajeaturis
796 1394 897 1472 aaron
913 1399 994 1497 ejus
1005 1396 1171 1474 altinum

133 1511 179 1599 ¹et
202 1504 487 1583 minutissimum
503 1504 726 1607 fibrinum,-
761 1506 807 1583 de
839 1507 913 1585 tela
945 1510 1170 1599 retimaIatu3

139 1640 278 1695 namon
294 1617 345 1696 de
360 1617 488 1720 admisu
501 1618 661 1719 ungine,
678 1628 833 1710 nutura,
850 1631 887 1697 et
902 1648 985 1700 usas.

547 1960 729 1992 w

95 2299 216 2353 uxxv.
242 2229 426 2355 Connus
442 2277 651 2359 humanum
677 2295 822 2361 constat
844 2309 894 2361 ex
909 2283 1075 2384 portibus
1091 2280 1173 2356 soli·

97 2390 151 2464 dis
166 2402 206 2465 et
219 2389 369 2493 fluidis3
397 2417 557 2491 quorum
572 2407 707 2472 mutua
718 2399 861 2471 actione
877 2396 1084 2469 functiones
1095 2393 1174 2465 vivi

102 2500 485 2603 hominia·(quatenus
501 2529 683 2605 corporeae
699 2514 802 2605 sunt)
830 2514 1069 2604 peraguntur.
1118 2504 1175 2578 U-

102 2622 239 2715 traeque
252 2616 396 2692 assidue
411 2627 609 2694 mutantur
624 2628 663 2694 et
678 2626 924 2703 renovantur;
951 2615 1077 2690 solidoe
1088 2636 1178 2689 vero

97 2725 242 2805 lentius
304 2729 373 2803 Ab
402 2729 462 2807 his
489 2732 608 2831 igitur
635 2716 890 2831 incipiendum
919 2739 1000 2820 est;
1037 2727 1178 2826 quippe

70 2854 73 2859 '
96 2864 181 2941 quae
197 2842 371 2919 universo
388 2844 529 2943 corpori
545 2844 703 2921 formam
719 2854 759 2921 et
770 2843 986 2919 firmitatem
1002 2843 1103 2919 deut.

144 2977 290 3029 uxxvu.
318 2955 480 3030 Solidam
502 2959 695 3034 materiam
720 2983 770 3033 ex
785 2983 861 3058 qua
875 2981 1026 3056 corpora
1041 2957 1178 3031 animo·

98 3064 190 3141 lium
206 3076 388 3156 constant,
404 3066 566 3144 solidum
582 3070 751 3159 animale,
774 3070 965 3145 brevitatis
981 3093 1099 3157 eausa,
1115 3091 1179 3141 vo-

100 3200 231 3254 oamus.
295 3178 383 3255 Hoc
410 3188 538 3256 autem
566 3183 683 3258 varias
711 3182 823 3257 habet
851 3181 1179 3269 timenutensium,

100 3289 338 3379 mechaniam,
355 3293 508 3386 vitalem
535 3316 695 3392 quamm
707 3294 895 3371 nullanon
911 3293 1047 3367 medici
1063 3303 1181 3367 atten-

99 3403 237 3479 tionem
255 3413 430 3481 meretur.

145 3539 306 3611 uxxvu.
332 3516 533 3617 Exquisita
545 3517 657 3618 hujus
672 3520 744 3595 aevi
756 3516 905 3597 muta
921 3517 1081 3594 diversas
1097 3516 1182 3594 aab·

99 3628 272 3718 stantius,
301 3629 380 3704 sive
389 3628 589 3730 principio
604 3642 649 3706 ut
665 3632 852 3720 dicuntur,
876 3634 916 3706 in
936 3632 1043 3707 variis
1060 3630 1184 3705 solidis

100 3743 266 3841 partibus
291 3741 446 3817 humani
475 3744 634 3842 eorporis
661 3744 826 3824 detexit:
855 3768 991 3842 easque
1017 3743 1184 3818 substan-

101 3854 168 3929 tins
184 3856 337 3931 seorsim
354 3854 529 3931 exhibere
544 3855 683 3931 docuit.
734 3855 910 3931 Ostendit
925 3856 1119 3955 imprimis,
1143 3854 1185 3927 in

102 3968 240 4044 ossibus
269 3966 466 4067 praecipue,
490 3968 688 4067 plurimam
717 3980 875 4056 tenam3
911 3969 1048 4046 ouloem
1076 3966 1186 4040 nimi·

104 4102 199 4171 rum,
215 4104 292 4156 uon
309 4081 465 4180 quidem
481 4105 624 4179 puram,
642 4081 705 4156 sed
718 4106 805 4157 cum
822 4082 933 4158 acidis
949 4076 1187 4180 quibusdam,

102 4190 343 4293 phosphorum
358 4194 572 4293 procerum,
599 4192 845 4291 conjunctam.
896 4193 975 4268 Hie
989 4182 1188 4280 Phosphm

109 4301 237 4396 Calon,
261 4329 350 4383 oum
374 4305 541 4406 pauxillo
567 4305 793 4385 Carbonatis
812 4303 947 4393 calcu,
972 4296 1188 4377 firmitatem
