2678 4794
175 381 268 458 326w
593 397 844 457 consancsns
1052 404 1257 461 cmxxv»

176 577 288 653 miras
303 576 488 678 generalis,
515 586 553 649 et
580 576 681 651 dirus
696 586 736 649 et
763 576 970 651 insanabilis
987 577 1163 678 hydrops,
1194 577 1257 654 vel

172 690 224 765 ab
240 689 317 778 bac,
335 689 394 764 vel
408 689 454 763 ab
478 687 788 762 abstractionibus
803 688 995 776 viscerum,
1024 714 1115 787 quas
1131 692 1256 790 liquo·

175 826 233 878 res
249 803 309 878 isti
325 803 475 900 gignere
484 798 611 874 solent.
646 798 846 875 Rarissime
862 800 978 898 igitur
988 805 1256 899 aegrotantibus

175 911 414 1015 permittendi
430 921 518 986 sunt
533 910 693 1012 spiritus
707 913 770 986 isti
786 909 973 999 deotmot,
989 926 1180 1014 utcunque
1196 915 1255 987 di-

175 1026 257 1114 luti,
286 1048 371 1099 narn
398 1026 437 1098 vi
463 1025 750 1110 consuetudinis,
779 1026 948 1124 quamvis
977 1026 1096 1122 primo
1119 1014 1256 1124 {rarum

174 1142 279 1240 gnati,
297 1138 471 1234 paulatim
489 1124 672 1213 suaviores
697 1137 806 1224 fiunt,
822 1149 861 1210 et
878 1138 1090 1211 meraciores
1118 1138 1251 1211 bibun-

27 1271 30 1274 ’
173 1262 245 1325 tur.
296 1250 503 1326 Mitescunt
519 1249 752 1351 aliquantum
768 1259 808 1323 et
824 1249 1086 1324 obtunduntur
1102 1252 1141 1323 in
1159 1259 1251 1348 potu

172 1374 298 1437 nostro
314 1363 462 1451 Prtnoh,
479 1388 554 1438 non
572 1364 684 1439 modo
701 1361 817 1436 multa
832 1386 929 1460 aqua
945 1361 1067 1448 diluti,
1085 1362 1150 1436 sed
1166 1385 1251 1438 cum

173 1475 341 1549 saocharo
357 1477 469 1551 simul
497 1487 536 1550 et
552 1501 660 1551 sneoo
675 1498 872 1574 pomorum
892 1475 1125 1575 quorundam
1156 1499 1251 1550 oom-

172 1588 285 1662 misti.
337 1588 410 1663 Sed
437 1597 518 1663 tum
548 1588 641 1663 nihil
670 1587 861 1686 peculiaris
889 1588 1075 1662 commodi
1098 1586 1250 1673 habe'nt3

172 1723 261 1775 nam
290 1700 413 1800 liquor
439 1701 512 1790 ille,
540 1701 636 1776 siem
664 1702 806 1785 vinum,
832 1699 896 1772 sed
912 1701 1030 1798 magis
1057 1699 1190 1788 adhuc,
1213 1700 1251 1774 in

175 1815 381 1889 ventriculo
395 1815 535 1901 aoesoit,
552 1825 591 1887 et
607 1812 677 1887 toti
693 1812 836 1909 oorpori
854 1813 970 1911 magis
987 1823 1105 1887 nooet.

224 1948 404 2000 arxxxrn.
432 1925 605 2022 Superest
628 1933 668 1998 et
683 1948 757 1999 una
773 1923 844 2000 alia
867 1948 934 2011 res,
962 1949 1048 2023 quae
1063 1935 1102 1998 et
1117 1924 1201 1999 oibo
1216 1932 1252 1998 et

171 2044 276 2134 potu,
302 2059 387 2109 cum
406 2036 502 2110 sanis
519 2047 603 2110 tum
620 2037 782 2110 maxime
799 2037 916 2136 aegris,
942 2037 1019 2110 sive
1035 2038 1152 2112 acutis
1177 2039 1251 2112 sive

171 2149 328 2222 vetustis
344 2148 483 2223 morbis
499 2148 758 2237 laborantibus,
784 2151 902 2248 magis
920 2151 1117 2224 necessaria
1132 2159 1199 2237 est,
1214 2158 1252 2223 et

171 2284 268 2359 sape
292 2260 465 2336 omnibus
489 2261 765 2336 medicamentis
789 2272 828 2337 et
852 2262 1033 2337 medicina
1056 2262 1136 2361 ipsa
1163 2286 1252 2361 praa·

172 2375 346 2460 stantior3
371 2382 432 2449 adr
447 2375 624 2451 nimirum
641 2400 757 2474 purus
785 2388 824 2448 et
850 2374 979 2462 bonus,
1004 2398 1081 2472 quo
1098 2373 1192 2448 nihil
1206 2371 1254 2448 ad

172 2486 289 2561 vitam
307 2487 551 2578 retinendam,
568 2497 606 2562 et
623 2487 817 2562 sanitatem
830 2487 1126 2575 oonservandam,
1136 2484 1253 2586 magis

172 2601 412 2675 necessarium
438 2611 504 2688 est,
542 2624 610 2676 nec
647 2601 847 2700 quioquam
873 2598 921 2672 ad
945 2598 1083 2674 multos
1107 2599 1254 2675 morbos

172 2710 352 2784 sanandos
369 2712 516 2799 utilius;
543 2713 681 2787 seilicet
697 2715 775 2788 sine
792 2737 869 2812 quo
885 2712 1150 2786 medicamenta
1167 2711 1252 2785 alio·

170 2820 265 2914 quin
297 2823 438 2916 optima
466 2833 505 2896 et
521 2823 767 2898 efficacissima
795 2847 926 2920 parum
943 2825 1096 2897 omnino
1116 2822 1249 2908 valent,

170 2938 210 3001 et
235 2929 366 3016 morbi,
392 2944 524 3008 natura
549 2934 648 3007 leves
672 2943 711 3005 et
734 2932 838 3006 facile
875 2934 1062 3024 sanabiles,
1096 2931 1249 3032 maligni

171 3063 319 3137 prorsus
335 3051 373 3112 et
390 3065 485 3140 saepe
501 3042 716 3116 insanabiles
732 3042 839 3118 fiunt.

220 3173 394 3227 Mxxxrv.
424 3154 506 3229 Aer
529 3155 628 3227 enim
655 3178 770 3253 purus
795 3167 1015 3234 venenatam
1051 3159 1151 3236 illam
1175 3181 1254 3236 me·

168 3263 303 3363 phitim
340 3289 454 3366 quam
491 3264 671 3340 sanissimi
707 3268 819 3342 etiam
853 3269 1049 3361 homines,
1068 3283 1107 3347 et
1131 3272 1253 3348 multo

166 3380 287 3475 magis
310 3381 409 3479 aegri,
433 3377 656 3478 apulmone
671 3389 710 3454 et
730 3389 816 3457 cute
841 3407 961 3482 usque
985 3383 1172 3474 exhalant,
1188 3410 1252 3462 au·

59 3590 60 3593 ¹
167 3484 249 3572 fert,
276 3499 315 3562 et
331 3514 397 3588 per
413 3515 519 3566 auras
535 3490 724 3582 diffundit,
750 3494 867 3570 donec
891 3498 1054 3585 tandem,
1083 3499 1250 3597 deposita

166 3597 206 3671 vi
223 3622 289 3673 sua
304 3600 484 3699 pestilera,
513 3612 552 3677 et
568 3603 656 3704 ipsis
673 3615 711 3679 et
735 3606 814 3682 aliis
831 3609 983 3683 innoxia
999 3609 1073 3684 fiat
1127 3611 1250 3687 Purus

169 3719 344 3808 praeterea
360 3721 421 3787 ae'r
436 3735 568 3814 corpus
585 3717 701 3793 reficit
716 3728 836 3819 atque
845 3721 1044 3820 refrigerat,
1070 3722 1167 3799 vires
1183 3723 1252 3798 for·

166 3831 261 3895 tasse
278 3823 439 3898 multum
457 3824 651 3915 labefactas
667 3831 871 3921 confirmat,
899 3834 971 3909 eibi
987 3837 1197 3934 appetitum
1213 3848 1252 3911 et

165 3937 439 4011 concoctionem
462 3937 583 4035 juvat,
609 3952 647 4017 et
675 3947 873 4041 putredine
906 3945 1049 4022 sortiter
1082 3949 1251 4036 obcurrit,

166 4049 368 4146 praesertim
385 4050 593 4151 frigidulus.
632 4054 693 4129 .In
709 4058 825 4132 acutis
841 4058 977 4134 morbis
994 4061 1163 4159 apprime
1190 4083 1251 4135 ne·

165 4160 338 4235 cessarius
354 4160 409 4249 fit,
440 4172 591 4265 propter
607 4167 765 4242 rationes
793 4169 879 4243 satis
904 4171 1134 4258 manifestam
1162 4194 1251 4272 praa

163 4273 289 4348 sertim
305 4273 345 4352 in
361 4273 524 4352 febribus
554 4302 576 4352 a
605 4279 778 4380 contagio
801 4281 902 4379 ortis.
953 4284 1000 4361 In
1015 4285 1249 4379 omnibuais-
