2678 4794
578 345 659 401 XXV

86 540 111 576 ‘⁸
127 528 166 603 in
181 527 253 627 ipso
268 525 469 624 (tanquam
493 523 533 596 in
562 521 787 622 labyrintho)
818 545 856 597 se
884 523 1098 615 intricando,
1122 538 1159 603 et

88 654 112 686 ‘⁸
127 636 463 723 circumcursand03
488 660 571 710 cnm
596 637 666 710 rite
683 636 876 709 institutus
893 636 994 724 ordo,
1019 662 1084 736 per
1099 664 1160 714 ex-

87 764 109 797 “
121 752 310 854 perientiae
337 750 472 851 sylvas,
508 749 555 823 ad
584 762 708 848 aperta
737 749 979 837 axiomatum,
1016 753 1163 826 tramite

84 879 105 909 ⁶‘
118 865 303 941 constanti
319 864 464 939 ducat”

134 978 206 1054 His
222 978 377 1051 demum
395 974 526 1062 modis,
543 976 694 1049 scientia
711 975 860 1063 medica,
874 977 1044 1074 quamvis
1061 976 1164 1053 haud

84 1114 214 1189 parum
231 1112 377 1187 semper
392 1097 573 1187 corrupta,
598 1098 637 1161 et
652 1112 719 1186 per
742 1086 862 1161 mults
887 1088 1006 1163 secula
1034 1089 1163 1187 sopita,

85 1214 122 1274 et
138 1202 244 1300 quasi
266 1202 441 1288 extincta,
465 1225 487 1272 a
511 1211 678 1298 tempore
706 1199 972 1300 Hippocratis,
997 1226 1074 1300 quo
1090 1203 1163 1302 pria

87 1336 192 1388 mum
208 1313 367 1387 scientiae
381 1310 536 1385 formam
553 1311 718 1386 induisse
733 1312 893 1399 videtur,
910 1313 957 1387 ad
973 1312 1084 1387 finem
1103 1338 1164 1388 us-

89 1448 165 1522 que
182 1425 369 1523 superioris
384 1423 509 1511 seculi,
534 1423 738 1523 plurimum
764 1435 862 1499 certe
890 1426 1164 1502 incrementum

89 1547 230 1635 ceperat
242 1564 252 1622 ;
290 1534 417 1610 multis
451 1536 629 1612 nimirum
664 1537 979 1611 observationibus
1014 1537 1163 1634 adjectis

86 1673 214 1722 acervo
230 1648 335 1746 cujus
347 1647 410 1721 ille
423 1649 541 1746 prima
557 1648 799 1723 fundamenta
810 1649 912 1746 jecit,
929 1651 1065 1724 morbis
1082 1651 1163 1750 qui·

85 1759 238 1835 busdam
269 1761 386 1847 novis,
412 1770 450 1834 et
467 1760 592 1834 multis
608 1773 647 1836 et
663 1762 970 1860 praestantissimis
987 1763 1093 1836 novis
1109 1788 1163 1837 re-

84 1873 215 1946 mediis
229 1873 390 1972 cognitis
407 1883 445 1946 et
461 1875 623 1971 repertis,
648 1874 853 1974 multisque
869 1874 908 1947 in
923 1874 1032 1948 variis
1048 1875 1164 1949 medi·

82 1985 171 2059 cinae
187 1985 354 2085 pertibus
372 1984 626 2083 pulcherrimis
638 1986 800 2061 inventis
813 1986 967 2063 feliciter
983 1986 1163 2085 perfectis,

83 2097 262 2196 imprimis
288 2097 328 2170 in
346 2096 551 2172 Aootomio
578 2110 617 2173 et
633 2097 878 2198 Physiolngio
907 2100 1066 2199 corporis
1094 2099 1163 2174 hu·

84 2211 188 2297 mani,
226 2208 468 2308 Philosophia
496 2209 676 2299 Naturali,
702 2223 741 2286 et
760 2212 921 2300 Chcnria,
950 2220 989 2286 et
1012 2213 1163 2288 scientia

85 2319 268 2407 herboris3
294 2346 370 2420 prae
385 2320 559 2397 omnibus
571 2347 659 2397 vero
672 2326 835 2399 maxime
847 2325 1162 2399 anctafnitscien-

87 2434 139 2505 tia
154 2434 302 2522 medios,
327 2433 501 2508 laudabili
518 2435 796 2521 consuetudine,
819 2460 905 2531 quae
922 2449 1012 2509 tunc
1029 2437 1067 2505 in
1084 2458 1163 2506 orn-

89 2545 129 2617 ni
145 2545 604 2632 scientisincrebrescebot,
628 2568 695 2643 per
723 2546 979 2642 experimenta
1006 2544 1163 2641 philoso-

86 2655 233 2754 phandi.
903 2666 905 2670 '

131 2770 205 2844 Sed
223 2780 301 2845 tota
317 2780 400 2846 tum
416 2772 566 2847 scientia
578 2768 720 2844 medica
733 2769 835 2844 rudis
846 2777 884 2843 et
894 2767 1062 2843 informis
1079 2767 1163 2856 fuit,

85 2880 186 2980 cujus
204 2891 372 2981 aspectus
390 2894 538 2959 tantum
555 2883 674 2956 abfuit
699 2890 743 2956 ut
758 2880 1001 2956 intuentibus
1015 2881 1163 2968 rideret,

85 2995 183 3090 qnod
199 2994 260 3068 vel
277 2996 506 3071 avidissimos
523 2995 685 3070 scientim
700 2995 899 3068 terruisset.
950 2994 1064 3082 Quod
1081 3017 1163 3092 pro-

85 3104 178 3179 lecto
193 3107 248 3181 nil
266 3108 413 3196 mirum,
440 3131 557 3207 quum
583 3108 702 3206 spatio
718 3108 784 3180 vix
811 3107 927 3181 trium
945 3105 1163 3194 seculorum,

86 3220 251 3293 universo
267 3244 324 3294 res
340 3221 483 3295 medica
499 3229 555 3293 tot
574 3220 683 3293 miras
700 3228 738 3292 et
754 3242 884 3318 graves
900 3228 1052 3316 experts
1068 3228 1164 3292 esset

84 3333 337 3406 conversiones
353 3343 393 3406 et
409 3331 689 3417 vicissitudines,
714 3341 753 3404 et
778 3339 836 3403 tot
865 3329 1049 3401 victorum
1065 3352 1162 3403 acce-

84 3443 193 3540 pisset
203 3443 308 3542 juga
361 3443 460 3518 Cum
486 3444 607 3542 primo
624 3453 707 3541 post
723 3440 874 3540 longam
891 3447 929 3513 et
945 3449 1061 3513 atram
1078 3463 1163 3514 noc-

83 3565 156 3628 tem
174 3555 428 3644 dilucesceret,
451 3557 642 3654 literaeque
659 3554 903 3640 humaniores,
919 3576 1007 3626 cnm
1025 3552 1163 3627 Graecae

83 3674 164 3741 turn
185 3668 343 3754 Latinae,
360 3667 509 3741 eferreo
526 3679 583 3742 tot
600 3666 806 3740 seculorum
820 3687 951 3739 somno
960 3665 1163 3762 expergisci

83 3778 298 3878 inciperent,
317 3779 588 3854 renascentibus
601 3777 802 3877 disciplinis
811 3777 959 3863 imbuti,
977 3785 1163 3850 veterum-

84 3915 155 3990 que
172 3895 396 3993 scriptorum
421 3894 531 3967 annis
561 3890 731 3965 instructi
749 3889 962 3983 (Arabibus,
988 3888 1055 3985 qui
1072 3896 1164 3961 tunc

83 4007 267 4094 tenebant,
294 4016 333 4080 et
363 4006 429 4080 diu
458 4014 664 4092 tenuerant,
690 4001 827 4078 scholas
858 4000 1025 4086 medicas,
1059 3995 1163 4072 facile

83 4115 178 4205 linis,
203 4129 243 4193 et
270 4119 313 4191 in
341 4118 468 4217 sugam
496 4121 635 4214 versis),
663 4129 772 4192 vetus
798 4113 939 4191 Golcno‘
955 4121 993 4187 et
1010 4109 1163 4206 Hippo·

82 4232 197 4310 cratis
212 4233 420 4332 imperium
446 4256 469 4308 a
496 4232 656 4311 barbaris
671 4229 839 4308 hostibus
855 4225 1099 4304 vindimunt
1124 4222 1163 4288 θῐ
