2694 4792
138 389 211 462 490
547 387 799 446 CONSPEC'I'US
989 384 1085 443 CAP.
1103 386 1235 443 xm.

137 596 261 673 neque
277 572 316 647 in
334 569 519 671 plerisque
532 565 712 666 exemplis
730 561 969 664 perniciosius
985 566 1138 664 corpori
1148 566 1229 664 jam

137 687 223 787 plus
240 685 326 760 sutis
343 693 502 782 purgato
527 691 566 754 et
594 678 702 752 valde
718 676 913 750 infirmato.
967 676 1085 764 Quod
1112 679 1145 752 si
1173 680 1226 753 in·

137 798 297 883 terdum,
322 796 523 870 decedente
539 793 669 866 morbo
685 799 804 876 acuto,
830 798 868 862 et
892 789 1126 888 gravioribus
1143 790 1224 889 ejus

139 911 253 1010 signis
271 909 432 994 sublatis,
458 905 516 980 vel
534 904 663 980 saltem
681 903 890 988 sublevatis,
908 902 1075 1001 quedam
1092 904 1222 978 adhuc

138 1019 293 1096 molesta
308 1031 407 1108 sunt,
424 1029 461 1093 ct
477 1017 542 1092 tali
560 1017 723 1091 remedio
739 1025 861 1114 egent,
884 1012 978 1086 nihil
994 1039 1077 1088 sane
1092 1016 1220 1090 obstat

139 1158 216 1232 quo
244 1133 368 1208 minus
393 1131 631 1216 adhibeatur3
667 1127 784 1201 veluti
813 1134 897 1225 post
925 1124 1118 1215 variolam,
1154 1138 1219 1203 aut

138 1243 337 1321 meatim.
387 1242 620 1341 Hujusmodi
637 1264 725 1315 vero
751 1238 942 1313 necessitas
969 1238 1094 1312 multo
1110 1242 1218 1314 rarior

139 1365 194 1430 est
224 1381 337 1455 quam
366 1355 483 1454 vulgo
500 1353 671 1444 creditur,
696 1363 734 1427 et
760 1350 873 1450 longe
898 1349 1006 1423 uliam
1039 1353 1216 1427 rationem

139 1467 259 1543 habet.
539 1542 543 1549 .

190 1604 388 1659 ncoccxrx.
424 1581 634 1658 Periculosa
667 1592 723 1656 est
751 1578 824 1654 alvi
853 1581 1030 1679 purgatio
1056 1579 1214 1665 infirmis,

139 1696 347 1782 mobilibus,
371 1695 567 1797 gracilibus
585 1695 642 1787 (ut
659 1694 802 1790 fertur),
827 1692 1033 1791 phthisicis,
1050 1692 1213 1793 gravidis,

139 1810 339 1907 puerperis,
377 1808 540 1883 foeminis
574 1808 633 1898 (ut
665 1806 709 1879 iis
745 1805 968 1878 sanctissime
1003 1829 1213 1903 persuasum

138 1931 205 2005 est,
230 1943 305 1993 non
336 1944 438 1992 secus
467 1942 510 1992 ac
538 1941 666 1992 omnes
682 1916 763 1992 aliae
779 1917 1069 2016 exinanitiones)
1090 1919 1213 2017 quibus

136 2052 281 2103 menses
298 2028 356 2103 vel
372 2028 499 2105 fluunt
516 2028 576 2104 vel
593 2031 743 2117 instant,
766 2030 885 2128 iisque
901 2029 1061 2104 demum
1081 2032 1147 2130 qui
1163 2027 1212 2102 sel

136 2139 302 2215 laborant
314 2138 579 2219 hemorrhoide
594 2141 651 2216 vel
669 2142 756 2216 huic
772 2139 899 2215 saltem
918 2142 1054 2215 morbo
1071 2142 1212 2217 obnoxii

137 2261 236 2341 sunt,
253 2253 452 2353 praesertim
465 2256 496 2328 si
508 2256 625 2330 acrius
638 2265 829 2353 sumptum
843 2254 956 2329 fuerit
973 2255 1212 2330 medicamen·

136 2373 230 2454 tum,
247 2365 366 2441 veluti
382 2366 472 2455 aloe,
495 2392 582 2467 quae
598 2366 722 2442 solutu
740 2366 944 2440 tardissima
962 2367 1012 2440 ad
1029 2392 1146 2442 anum
1162 2391 1211 2441 us

137 2502 211 2576 que
241 2503 346 2552 suam
373 2480 525 2554 deducit
551 2479 807 2554 acrimoniam:
833 2489 872 2551 et
888 2489 1000 2552 caute
1016 2479 1212 2553 admodum

136 2591 314 2664 tentanda
340 2602 405 2679 est,
431 2592 540 2665 etiam
568 2615 634 2690 per
662 2590 932 2665 medicamenta
956 2587 1211 2677 lenissimam

136 2701 332 2776 ventriculi
365 2713 431 2777 aut
463 2704 723 2779 intestinorum
757 2700 1066 2791 inflammatione,
1092 2703 1209 2777 autin

136 2815 266 2912 quavis
283 2813 416 2889 horum
442 2815 702 2903 teneritudine,
726 2813 844 2889 veluti
861 2838 881 2887 a
898 2811 1128 2912 dysenteria,
1148 2823 1206 2886 sut

112 2929 119 2943 ‘
135 2922 208 2998 alvi
225 2924 334 2999 fluxu
352 2927 593 3001 diuturniore.

186 3060 372 3112 Mocccxx.
400 3039 524 3112 Nimis
540 3039 711 3138 frequens
736 3038 809 3114 alvi
835 3027 1023 3140 purgatio,
1047 3037 1209 3139 quamvis

135 3149 255 3247 primo
270 3149 477 3236 necessaria,
503 3149 667 3225 multum
693 3156 812 3240 nocet,
837 3175 924 3226 cum
951 3154 1125 3227 universo
1140 3173 1212 3224 oor-

135 3261 226 3359 pori,
252 3259 354 3359 quod
380 3260 488 3335 valde
514 3262 686 3350 infirmat,
724 3273 811 3338 tum
840 3264 1005 3338 maxime
1036 3262 1212 3337 intestinis

136 3374 235 3471 ipsis,
256 3398 341 3472 quae
357 3373 545 3448 interdum
563 3387 695 3474 praeter
709 3387 877 3450 naturam
896 3376 1047 3464 debilia,
1063 3386 1104 3449 et
1119 3388 1212 3448 tene

134 3505 173 3556 ra
189 3495 228 3557 et
243 3485 431 3558 imitabilia
448 3488 580 3576 reddit,
612 3488 743 3586 saepius
768 3512 857 3562 vero
873 3488 1022 3586 torpida
1038 3498 1078 3562 et
1095 3487 1211 3571 tarda;

133 3595 235 3669 unde
251 3594 324 3670 'alvi
341 3599 488 3687 duritia,
514 3610 552 3674 et
574 3601 766 3677 necessitas
791 3598 865 3674 alvi
881 3600 1045 3674 subinde
1062 3623 1129 3698 per
1147 3621 1212 3671 me-

133 3708 340 3783 dicamenta
357 3712 504 3786 ciendae.
558 3712 784 3812 Sanguinem
808 3735 959 3811 quoque
978 3712 1120 3810 ipsum,
1145 3733 1214 3784 non

131 3819 237 3895 aliter
254 3846 367 3920 quam
383 3823 554 3925 frequens
570 3824 669 3900 illius
681 3825 869 3911 detractio,
886 3835 1044 3898 tenuem
1061 3835 1099 3898 et
1118 3822 1214 3924 pelli·

131 3933 222 4006 dum
240 3934 357 4009 facere
373 3933 474 4011 solet

182 4067 387 4122 mccccxxr.
414 4047 461 4120 In
486 4047 560 4122 alvi
585 4049 868 4149 purgationibus
894 4050 989 4122 ratio
1019 4071 1100 4123 nou
1130 4046 1216 4121 levis

131 4152 297 4232 habenda
314 4177 371 4233 est
386 4159 578 4258 peculiaris
594 4163 868 4238 constitutionis
884 4161 985 4261 aegri,
1007 4184 1098 4236 cum
1118 4159 1216 4260 quod

127 4265 176 4340 ad
192 4280 364 4349 usturam
391 4270 745 4352 medicamentorum
775 4275 919 4363 attinet,
945 4284 1032 4351 tum
1064 4294 1217 4375 quoquc
