2678 4794
200 381 274 451 284
619 393 872 452 cousracrus
1057 396 1145 455 car.
1162 395 1279 454 mn

197 570 271 647 τίω
296 572 486 672 imprimis,
515 571 720 646 obnoxium
747 580 813 646 est.
864 570 970 645 Huic
999 571 1117 671 igitur
1142 582 1278 674 tempe

197 687 316 760 rautia
333 689 372 759 in
391 686 489 758 victu
508 696 546 757 et
575 692 679 783 potu,
713 693 753 758 et
780 684 994 758 exercitatio
1010 684 1134 758 crebra
1149 709 1280 761 conve·

196 800 318 886 niunt,
336 811 374 872 et
389 796 589 894 aliquando
603 797 882 885 exinanitiones,
908 819 1000 897 quas
1016 795 1110 872 bene
1126 796 1281 874 tolerare

196 912 298 986 solet.

244 1044 490 1098 nccccxxrv.
514 1024 859 1124 Temperamemmu
869 1019 1174 1096 melancholicum
1190 1020 1280 1124 huic

194 1134 268 1207 fere
294 1136 519 1210 contrarium
545 1136 705 1223 videtur,
740 1134 958 1234 compagine
981 1133 1152 1221 firmiore,
1184 1151 1278 1233 saepe

190 1270 333 1332 macra;
376 1261 462 1324 cute
492 1273 617 1337 crassa,
653 1250 764 1336 fusca,
790 1249 953 1332 hirsuta;
989 1246 1134 1346 magnis
1159 1245 1276 1336 venis,

189 1357 361 1447 minibus,
387 1372 424 1434 et
451 1357 663 1461 superciliis,
688 1372 727 1435 et
751 1359 866 1436 oculis
891 1359 1028 1459 nigris;
1053 1372 1133 1433 atro
1149 1357 1274 1433 vultus

186 1470 317 1559 oolore,
343 1483 528 1548 notatum.
579 1474 667 1548 Hoc
684 1481 970 1574 temperamento
986 1472 1132 1571 praediti
1149 1468 1274 1570 pulsus

186 1581 262 1657 fere
291 1585 429 1660 habent
458 1586 592 1673 tardos,
622 1595 661 1659 et
687 1586 876 1684 sanguinis
893 1595 1041 1659 motum
1070 1581 1278 1684 languidio:

186 1718 276 1786 reru,
295 1699 511 1798 sanguinem
528 1699 662 1798 ipsum,
692 1708 736 1771 ut
753 1698 878 1784 fertur,
908 1698 1129 1784 crassiorem,
1155 1696 1270 1784 solito,

186 1819 226 1884 et
242 1813 456 1885 secretiones
473 1822 511 1885 et
528 1811 753 1884 excretiones
770 1833 904 1908 parcas,
933 1808 1134 1908 aliquando
1151 1808 1271 1884 delici-

185 1935 299 2010 entes,
308 1949 505 2023 gemmaque
518 1947 714 1999 nervosum
727 1945 858 2022 parum
871 1922 1033 1996 sentiens
1045 1933 1112 1996 aut
1125 1919 1271 2008 mobile,

185 2047 224 2107 et
248 2037 415 2109 animum
441 2060 604 2135 gravem,
629 2061 727 2136 saepe
753 2036 906 2123 tristem,
945 2034 1269 2122 meditabundum,

185 2142 286 2219 haud
303 2147 407 2221 facile
424 2151 749 2237 commovendum,
771 2174 847 2248 quo
864 2147 976 2222 semel
993 2158 1203 2222 commotus
1219 2154 1270 2222 est

184 2255 338 2334 affectus
376 2262 662 2351 tenacissimum,
700 2264 739 2336 in
778 2262 936 2362 negotiis
960 2259 1200 2350 indefessum,
1232 2261 1269 2333 in

185 2371 317 2445 studiis
334 2374 597 2463 acutissimum,
622 2377 663 2449 in
693 2398 816 2448 amore
832 2373 1158 2462 ferventissimum,
1184 2371 1269 2447 fide-

184 2481 376 2574 lissimum,
402 2487 448 2560 ad
474 2489 600 2587 poesin
626 2499 725 2586 'saepe-
747 2497 888 2585 aptum,
918 2487 957 2558 in
989 2484 1270 2560 melancholiam

182 2605 221 2670 et
246 2599 426 2674 insaniam
451 2600 649 2699 aliquando
672 2601 869 2699 proclivem
890 2600 1056 2690 (ccxcu,
1086 2607 1126 2672 et
1143 2603 1269 2698 seqq).

183 2708 305 2783 Iidem
322 2712 517 2808 patiuntur
534 2713 697 2788 multum
715 2737 736 2786 a
755 2712 832 2786 vita
849 2713 965 2786 otiosa
988 2719 1028 2784 et
1055 2709 1267 2795 sedentaria,

180 2827 220 2889 et
244 2820 519 2897 stimulantibus
544 2836 583 2898 et
608 2825 902 2898 calefacientibus
938 2823 1133 2898 remediis:
1171 2843 1266 2920 πρε

180 2929 277 3003 male
293 2943 541 3043 concoquunt,
567 2945 605 3008 et
621 2961 642 3007 a
660 2935 866 3008 ventriculo
882 2934 1059 3024 laborant,
1087 2943 1125 3007 et
1149 2930 1266 3033 hypo·

180 3039 395 3116 clmrdriasi
411 3044 562 3117 obnoxii
579 3053 677 3131 sunt,
695 3069 780 3142 quae
796 3048 835 3119 in
847 3046 926 3121 aliis
937 3045 1267 3122 constitutionibus

180 3155 295 3250 rarius
321 3155 543 3230 observatur.
620 3156 814 3231 Dicuntur
837 3183 913 3257 prae
937 3159 1016 3233 aliis
1054 3157 1269 3236 hominibus

180 3266 494 3344 obstructionibus
511 3270 693 3344 viscerum
711 3270 918 3345 abdominis
935 3264 1088 3346 obnoxii
1105 3295 1193 3346 esse.

183 3389 185 3392 ’
230 3392 463 3458 mcccxxv,
480 3381 656 3456 Medium
673 3382 749 3456 fere
765 3382 843 3458 haec
859 3386 956 3458 inter
971 3383 1094 3459 locum
1111 3394 1269 3484 occupat

178 3489 403 3569 cholericum
421 3504 768 3597 temperamentum:
794 3498 983 3586 nimirum,
1000 3496 1104 3596 quod
1116 3497 1267 3571 deuota·

62 3651 68 3661 -
178 3613 242 3677 tur
258 3629 407 3704 corpore
424 3608 599 3696 molliore,
617 3609 819 3697 mobiliore,
845 3621 931 3685 cute
948 3612 1070 3684 minus
1095 3608 1202 3683 fusca
1229 3615 1268 3682 et

178 3715 329 3804 hirsuta,
355 3719 475 3793 colore
504 3721 632 3796 vultus
658 3723 776 3820 magis
792 3723 930 3809 vivid0,
956 3722 1067 3821 pulsu
1093 3721 1267 3820 frequen·

178 3829 271 3902 tiore
288 3843 326 3903 et
343 3832 528 3922 validiore,
547 3836 808 3909 secretionibus
825 3835 1064 3923 liberioribus,
1083 3843 1122 3909 et
1139 3834 1268 3908 animo

177 3942 417 4032 irritabiliore,
443 3957 491 4033 et,
514 3933 562 4021 ut
587 3947 713 4034 fertur,
739 3947 782 4019 ad
802 3949 893 4020 iram
919 3948 1119 4046 praesertim
1149 3946 1267 4046 magis
1313 3992 1316 3997 -

175 4054 340 4153 proclivi,
365 4082 477 4159 quam
501 4058 541 4135 in
568 4058 829 4136 melancholico
845 4067 1128 4164 temperamento
1144 4059 1268 4136 obser-

175 4181 320 4246 rantur.
