2678 4794
172 436 248 530 att
588 458 841 517 cousrnorus
1034 461 1119 520 car.
1138 462 1257 519 xxrx.

137 695 139 699 ψ
171 661 446 738 nervorumque
461 660 556 737 pene
571 636 631 710 vel
660 640 809 736 penitus
825 640 955 737 ignoto
972 639 1057 728 (nisi
1074 665 1141 738 per
1170 665 1256 717 suos

172 756 350 850 effectus),
380 749 496 849 qualis
512 748 720 823 furentibus
737 750 932 848 aliquando
948 752 1144 851 coutingit,
1174 778 1253 851 per·

172 869 340 967 spieuum
360 874 425 949 est,
456 861 615 959 plurima
644 871 682 934 et
709 861 911 935 admodum
936 863 1079 936 diversa
1095 865 1251 941 medica·

170 989 306 1063 menta,
324 974 466 1072 aliaque
483 973 657 1060 remedia,
682 974 759 1045 vim
778 973 1023 1047 infirmantem
1050 999 1128 1049 esse
1154 977 1252 1051 babi-

170 1102 263 1167 tura.
315 1087 503 1185 Imprimis
529 1088 656 1186 igitur,
686 1087 811 1158 omnia
828 1087 989 1160 remedia
1018 1087 1251 1176 emollientia,

169 1202 341 1286 fomenta,
358 1198 544 1285 balneum,
562 1198 667 1284 calor,
696 1200 851 1296 requies,
869 1201 931 1272 &o
950 1199 1151 1296 dequibus
1168 1200 1251 1274 satis

159 1316 240 1412 ⁴jam
259 1313 400 1386 dictum
419 1320 484 1396 est,
502 1311 724 1384 infirmantia
737 1335 883 1407 quoque
895 1310 1003 1396 liunt,
1020 1321 1058 1384 et
1068 1313 1249 1386 actionem

167 1425 343 1500 fibrarum
360 1425 594 1497 moventium
611 1421 686 1494 fere
697 1446 840 1520 semper
852 1422 1065 1496 debiliorem
1079 1424 1248 1512 reddunt,

167 1538 440 1638 qualescunque
456 1561 573 1610 oausae
589 1559 668 1609 eam
683 1548 814 1633 praeter
826 1543 995 1608 naturam
1012 1535 1249 1623 intenderint

168 1653 372 1727 obnexum
391 1649 499 1724 illum
516 1649 697 1747 insignem
716 1647 814 1721 inter
833 1646 937 1722 dotes
953 1646 1184 1724 metaneae
1198 1647 1249 1722 vi·

169 1790 300 1864 resque
317 1764 445 1838 vitales
463 1761 724 1837 musculorum.
830 1811 834 1818 -
1244 1835 1249 1844 ,

219 1898 391 1949 rrcxnvr.
417 1876 542 1958 Porro,
568 1872 729 1946 remedia
753 1895 838 1970 quae
854 1882 1034 1948 vocantur
1049 1874 1246 1960 aorcott‘co,
1321 1934 1326 1951 .

166 1988 296 2085 opium
313 1985 459 2070 scilieet,
484 1992 523 2056 et
539 1983 681 2071 similia,
710 1986 892 2060 actionem
910 1986 1086 2061 fibrarum
1104 2011 1244 2087 museu-

166 2095 325 2172 losarum
362 2119 458 2196 soepe
483 2105 691 2195 temperant
728 2109 767 2172 et
791 2100 1009 2197 reprimunt,
1046 2098 1244 2176 minuendo

166 2232 314 2284 sensum
331 2217 370 2283 et
386 2208 631 2283 mobilitatem
648 2213 818 2308 corporis,
846 2211 960 2308 idque
985 2211 1036 2285 sie
1064 2238 1086 2286 a
1103 2213 1138 2286 vi
1154 2210 1242 2284 mul-

166 2331 287 2397 tarum
312 2322 558 2397 irritationum
584 2323 690 2421 quasi
714 2322 864 2408 tuendo,
896 2346 980 2420 quae
1004 2322 1112 2397 aliter
1141 2321 1242 2396 vehe-

147 2444 332 2530 mentem
358 2434 621 2522 musculorum,
645 2433 706 2509 vel
730 2436 908 2521 omnium,
937 2434 997 2509 vel
1013 2437 1243 2533 quorundam

167 2547 307 2635 saltem,
338 2550 520 2624 actionem
544 2547 758 2622 effecissent.
809 2548 895 2621 Pari
920 2573 1071 2646 quoque
1096 2551 1242 2636 ratione,

166 2659 351 2747 evitando,
376 2660 434 2734 vel
453 2661 669 2745 minuendo,
692 2661 722 2734 si
739 2685 884 2758 prorsus
901 2661 1030 2734 evitari
1048 2671 1242 2760 nequeant,

166 2769 356 2870 plerasque
372 2771 432 2844 vel
458 2796 587 2845 omnes
614 2773 831 2846 irritationes
857 2797 941 2870 quae
957 2797 1089 2871 corpus
1113 2779 1243 2849 exeita·

164 2891 259 2968 rent,
273 2881 372 2956 haud
389 2908 520 2980 parum
538 2908 634 2981 saepe
650 2883 839 2980 proficitur
855 2885 892 2956 in
912 2885 1137 2960 debilitanda
1153 2883 1241 2960 mul·

164 2999 290 3066 torum
308 2992 558 3068 musculorum
578 2994 731 3078 actione,
760 2993 940 3091 siquando
958 2997 1035 3070 haee
1060 2999 1171 3072 nimis
1187 3021 1241 3071 va·

162 3100 238 3178 lida
262 3102 358 3179 faeta
381 3103 500 3179 fuerit.
564 3104 628 3176 De
652 3103 720 3177 hae
744 3128 831 3179 vem
857 3109 1185 3198 administratione,
1208 3115 1241 3183 et

163 3216 276 3291 etiam
293 3217 340 3292 de
356 3214 554 3292 narcoticrir
570 3213 749 3302 remediis,
775 3229 813 3291 et
839 3242 966 3294 eorum
986 3223 1094 3296 variis
1111 3222 1241 3296 effecti·

162 3327 245 3417 bus,
262 3341 389 3429 postea
404 3329 506 3402 loeus
523 3327 593 3400 erit
609 3326 727 3401 fusius
744 3329 900 3405 dicendi.

212 3460 397 3516 Mcxrvn.
415 3439 597 3513 Omnium
614 3463 700 3514 vero
715 3443 960 3518 remediorum
974 3446 1241 3523 infirmantium

160 3548 272 3650 longe
289 3552 544 3638 efficacissima,
569 3563 608 3626 et
624 3556 813 3628 communi
842 3558 926 3630 usui
947 3560 1240 3633 accommodatis·

162 3661 261 3750 sima,
300 3674 388 3739 suut
413 3666 523 3738 variae
547 3666 825 3755 exinanitiones,
852 3671 1050 3766 praesertim
1078 3673 1239 3770 copiosae,

159 3789 226 3847 aut
244 3799 338 3875 saepe
354 3779 542 3876 repetitoe3
568 3779 756 3877 sanguinis
779 3780 960 3877 imprimis
973 3782 1162 3869 detractio,
1178 3791 1239 3857 aut

158 3885 280 3960 valida
296 3887 369 3961 alvi
386 3891 571 3989 purgatio,
595 3900 662 3965 aut
678 3889 850 3988 frequens
867 3894 1032 3979 vomitio,
1058 3906 1125 3969 aut
1142 3918 1238 3992 mag·

159 4021 229 4072 nus
254 4001 376 4088 sudor,
402 4000 550 4076 fortasse
585 4002 698 4076 etiam
722 4003 854 4101 ingens
885 4006 1001 4078 urinae
1029 4006 1090 4080 vel
1120 4007 1240 4082 salivae

157 4111 329 4187 excretio.

208 4245 414 4301 Mcxuvrrr.
440 4224 504 4299 De
521 4226 629 4299 variis
646 4237 770 4302 atrtem
789 4229 980 4303 effectibus
1007 4230 1236 4329 uuiuscujus-

158 4355 230 4434 que
253 4337 693 4438 generisexinanitionis,
730 4351 857 4440 postea
882 4341 1103 4420 nominatim
1132 4364 1237 4447 agere
