2678 4794
180 219 254 304 tro
575 232 837 293 cousracrus·
1054 234 1260 293 cauxvn,

180 417 300 495 veluti
323 417 354 492 si
377 415 493 490 risum
509 411 751 489 immodicum
767 419 914 486 secutus
930 410 1062 498 fuerit3
1089 415 1263 512 quamvis

181 555 277 631 saepe
301 531 411 605 etiam
437 526 625 599 morbidus
651 525 709 612 sit,
746 525 848 598 etin
874 526 1097 623 quibusdam
1125 528 1264 602 morbis

180 645 329 743 pessimi
345 640 476 716 ominis
504 639 665 737 signum.
714 636 786 710 Est
802 661 890 711 vero
917 636 1012 711 nihil
1027 638 1129 713 aliud
1146 664 1265 738 quam

181 757 302 832 subita
326 763 364 826 et
387 773 516 826 sonora
540 749 731 843 convulsio
755 751 850 848 septi
874 752 1095 842 transversi3
1122 753 1266 826 ventri·

180 868 284 944 culus
318 887 479 963 quoque,
515 873 560 936 ut
583 862 747 953 videtur,
784 863 982 962 aliquando
1017 863 1267 950 convellitur:

152 992 159 1011 ·
178 976 471 1076 frequentissima
487 975 567 1073 ejus
583 999 690 1050 causa
707 981 853 1074 (praeter
870 975 951 1074 jam
968 976 1123 1063 dictum,
1150 976 1268 1051 vehe-

179 1101 344 1165 mentem
362 1087 499 1162 scilicet
515 1090 610 1187 septi
626 1089 820 1163 transversi
836 1089 1034 1186 actionem)
1063 1097 1120 1163 est
1143 1089 1267 1163 irrita-

177 1211 347 1275 mentum
385 1200 545 1300 quodvis
576 1200 824 1276 ventriculum
861 1201 1043 1274 afficiens:
1085 1201 1266 1279 distentio

177 1311 257 1411 ejus
274 1312 350 1387 sola
376 1311 584 1413 singultum
615 1337 710 1412 saepe
726 1312 892 1398 inducit;
919 1313 1007 1386 hinc
1022 1313 1170 1388 ebriosis
1194 1325 1266 1391 aut

177 1426 325 1525 crapula
348 1426 524 1525 gravibus
551 1425 776 1500 familiarem.
832 1423 1041 1500 Ventriculi
1065 1424 1125 1498 vel
1149 1424 1265 1502 intes·

176 1538 339 1613 tinorum
378 1537 709 1613 inflammationem
744 1547 783 1612 et
822 1561 1057 1637 gangrenam
1096 1539 1265 1614 comitari

176 1643 277 1725 solet
330 1651 435 1750 Saepe
450 1676 471 1724 a
487 1646 688 1738 debilitate,
713 1649 784 1724 sub
811 1649 926 1723 finem
950 1649 1148 1750 longorum
1164 1674 1265 1725 mor·

175 1762 320 1852 borum,
336 1775 401 1837 aut
418 1764 458 1837 in
474 1762 641 1863 paralysi,
657 1786 752 1860 saepe
768 1770 852 1861 post
869 1772 1060 1836 exsectum
1077 1761 1265 1838 celadum

177 1899 226 1950 ex
243 1877 371 1963 vesica,
389 1876 418 1949 si
435 1873 530 1948 male
546 1898 688 1949 cessura
704 1883 759 1948 est
781 1875 932 1961 curatio,
962 1875 1177 1951 observatur
1191 1876 1265 1950 im-

175 1987 469 2085 portunissimus.
505 1985 701 2060 Interdum
720 2009 871 2084 quoque
888 1985 952 2059 diu
970 2011 1136 2086 pergens,
1154 1990 1264 2086 quasi

175 2122 241 2196 per
265 2098 571 2172 consuetudinem
596 2098 759 2196 aliquam
785 2099 988 2191 (eccum,
1015 2122 1264 2189 cccuxxxvr,

176 2217 445 2309 ccccxxxvii)
483 2211 625 2310 corpori
661 2210 798 2285 insidet
826 2209 1042 2285 difficillime
1066 2212 1263 2289 sistendus.

178 2322 373 2421 Singultus
390 2331 517 2397 autem
533 2324 626 2397 ratio
642 2347 739 2422 saepe
754 2320 862 2397 valde
878 2324 1030 2397 obscura
1046 2336 1112 2399 est

224 2458 333 2510 nxc1.
360 2434 464 2522 Quin
490 2445 530 2518 et
553 2436 751 2535 saepissime
775 2436 963 2534 respiratio
987 2436 1096 2510 variis
1122 2437 1264 2513 morbis

175 2546 259 2646 plus
277 2548 401 2622 minus
412 2547 624 2645 impeditur,
641 2550 779 2650 insigni
789 2549 999 2650 egrotantis
1011 2550 1263 2639 incommodo,

176 2684 245 2735 nec
261 2686 341 2734 raro
358 2661 531 2759 periculo.

223 2795 353 2845 nxcn.
380 2773 579 2869 Dpspooea
595 2773 695 2871 apud
711 2773 872 2847 medicos
889 2782 1042 2848 vocatur
1057 2774 1212 2862 malum,
1230 2774 1262 2850 si

173 2883 324 2980 quando
347 2884 498 2979 spiritus
522 2885 719 2969 difficilius,
754 2883 941 2972 laboriose,
978 2910 1102 2985 neque
1137 2885 1262 2986 plene,

173 3016 296 3090 neque
312 2992 391 3065 sine
403 2993 538 3079 dolore,
555 2994 735 3068 trahitur:
760 2995 897 3069 vitium
908 2999 1071 3095 profecto
1088 2998 1262 3097 frequen-

173 3104 370 3192 tissimum,
387 3103 667 3205 multorumque
682 3105 894 3182 morborum
911 3134 1032 3184 comes
1049 3120 1087 3184 et
1104 3134 1199 3213 pars.

222 3239 370 3292 nxcm.
401 3216 525 3291 Varias
541 3218 706 3316 agnoscit
733 3244 866 3309 causas,
891 3234 1041 3322 propter
1057 3223 1177 3298 multa
1202 3218 1285 3298 orl·

172 3353 267 3427 gana
284 3356 369 3428 quae
385 3331 614 3429 respirationi
630 3331 845 3421 inserviunt,
862 3336 1066 3434 eademque
1076 3359 1164 3409 cum
1177 3335 1259 3409 aliis

174 3443 340 3538 partibus
357 3468 533 3530 connexa,
551 3455 589 3518 et
605 3445 760 3519 demum
776 3457 926 3544 propter
936 3447 1259 3545 multasextemas

174 3575 241 3638 res,
266 3555 358 3629 aeris
380 3556 561 3654 imprimis
579 3555 783 3655 qualitates,
809 3559 1038 3648 densitatem,
1056 3562 1258 3649 raritatem,

172 3663 338 3764 calorem,
358 3671 420 3741 &c
438 3693 523 3766 quae
540 3671 649 3744 variis
667 3671 784 3745 modis
801 3674 985 3772 corrumpi
1003 3683 1169 3772 possunt.

221 3799 359 3853 nxcw.
388 3781 510 3879 Igitur
534 3782 737 3881 impeditur
761 3785 959 3881 respiratio,
994 3809 1082 3859 sano
1106 3808 1256 3885 prorsus

170 3887 331 3978 homine,
349 3893 479 3969 multis
496 3895 596 3968 vitiis
612 3895 702 3968 aeris
719 3896 853 3993 ipsius:
879 3897 996 3971 veluti
1013 3898 1138 3984 nimia,
1163 3922 1253 3997 prae·

170 4003 295 4079 sertim
314 4005 445 4091 subita,
471 4006 631 4094 levitate,
656 4008 814 4097 raritate,
840 4009 1073 4096 humiditate,
1099 4010 1251 4109 impuri-

171 4124 255 4203 tate,
281 4120 525 4216 corruptione,
555 4119 738 4218 imprimis
762 4121 793 4194 si
818 4121 1014 4221 vaporibus
1042 4123 1176 4211 noxiis,
1215 4132 1250 4195 et
