2694 4792
123 285 198 355 512
546 280 800 341 annuemus
941 262 1040 333 cAP.
1060 272 1228 331 mm

108 444 276 549 'nullum
294 465 483 543 effluerent
499 461 685 547 sudorem,
708 476 918 557 eorpusque
947 462 1116 530 tantum
1143 451 1229 531 ale

128 586 319 678 facerent),
342 577 511 653 certiores
539 583 579 649 et
602 573 758 648 tutiores
772 567 950 645 reddunt.
1006 567 1105 643 Hoc
1119 567 1230 643 modo

132 718 295 796 quoque,
320 690 432 767 sudor
447 713 469 763 a
485 682 794 787 partesinguluri,
817 679 941 755 veluti
965 692 1058 757 artu
1083 681 1228 781 quovis,

133 809 200 884 ubi
225 803 403 906 generalis
428 802 553 879 minus
582 797 807 884 conveniret,
831 793 940 869 facile
956 792 1121 883 elicitur,
1148 794 1228 869 reli.

134 947 212 1022 quo
229 939 378 1016 oorpore
393 937 524 1014 parum
542 910 709 986 sudante.

186 1050 453 1107 mccccuxxlx.
487 1022 770 1101 Observandum
808 1030 936 1096 tamen
972 1028 1034 1094 est
1067 1019 1227 1096 dolorem

135 1168 297 1229 omnem,
322 1141 400 1215 sive
417 1139 566 1224 simum,
591 1137 669 1211 sive
697 1158 763 1234 per
789 1133 979 1221 balneum,
1007 1144 1079 1208 aut
1092 1132 1225 1222 fotum,

134 1268 201 1333 aut
227 1277 378 1352 vapores
406 1252 614 1337 admotum,
648 1272 725 1323 non
752 1245 865 1321 modo
892 1255 1025 1320 eutem
1053 1245 1224 1334 relaxare,

135 1368 199 1451 sed
216 1365 413 1443 stimulum
429 1362 545 1440 simul
561 1361 825 1439 validissimum
841 1359 916 1433 toti
931 1359 1098 1458 (torpori,
1118 1360 1223 1459 parti·

135 1481 281 1578 busque
297 1478 480 1576 imprimis
496 1501 583 1575 quae
598 1474 818 1572 sanguinem
833 1483 1006 1557 movent,
1023 1471 1224 1571 impeitire,

134 1593 189 1667 ita
205 1601 250 1666 ut
267 1592 414 1669 duobus
438 1587 547 1687 plane
575 1585 696 1661 modis
725 1583 896 1659 sudorem
926 1581 1067 1659 eliciat.
1110 1584 1221 1659 'ldem

136 1728 291 1804 quoque
303 1701 534 1782 monendum
551 1710 608 1774 est
624 1698 672 1772 de
687 1722 758 1772 usu
774 1705 886 1795 potus
902 1694 1035 1781 ualidi·
1048 1695 1120 1794 qui
1136 1721 1223 1797 sape

137 1817 197 1893 vel
214 1816 323 1903 solus,
341 1815 401 1890 vel
417 1837 504 1889 oum
521 1811 600 1887 aliis
616 1808 906 1895 medicamentis,
926 1807 975 1881 ad
993 1809 1221 1885 movendum

137 1930 309 2004 sudorem
326 1925 535 2003 adhibetur.

188 2059 445 2112 mccccuxxx.
463 2035 628 2110 Idoneus
639 2034 754 2109 etiam
764 2035 922 2109 vestitus
937 2033 989 2107 ad
1006 2058 1221 2134 promoven

137 2148 224 2225 dam
237 2141 509 2224 exhalationem
526 2171 592 2248 per
607 2157 734 2223 cutem
751 2156 790 2222 et
806 2146 1038 2223 eliciendum
1055 2148 1220 2224 sadonem

137 2260 237 2337 haud
255 2285 388 2360 parum
403 2260 565 2347 eonfert3
590 2260 709 2360 qualis
725 2258 861 2336 scilieet
885 2268 927 2333 et
952 2283 1094 2361 eorpus
1120 2286 1143 2334 a
1169 2258 1220 2333 iri-

137 2398 228 2474 gore
244 2374 330 2451 satis
347 2372 531 2460 defendat,
547 2383 587 2448 et
596 2373 792 2448 humorem
804 2370 900 2446 cutis
912 2371 1014 2446 bene
1025 2372 1221 2457 absorbeat,

141 2497 184 2563 ut
200 2486 294 2563 nihil
312 2486 448 2561 madidi
465 2497 531 2561 aut
542 2485 769 2585 frigesoentis
780 2485 874 2559 hano
885 2485 1098 2584 contingat
1124 2485 1220 2573 Quo

138 2599 233 2673 eima
261 2599 452 2674 indusium
482 2597 642 2685 laneum,
668 2622 736 2697 pro
751 2596 877 2683 linteo,
901 2597 1115 2674 remedium
1132 2619 1222 2695 saepe

139 2710 241 2784 haud
270 2711 586 2785 contemnendum
611 2710 801 2810 reperitur.
851 2708 1056 2785 Munditie
1077 2730 1218 2809 quoque

75 2912 81 2919 Ι
140 2821 458 2910 vestimentorum,
485 2825 627 2899 ratione
643 2844 720 2899 non
735 2821 901 2899 multum
917 2820 1056 2911 aliena,
1078 2819 1211 2896 utilissi-

139 2955 275 3011 mares
291 2948 356 3010 est

190 3068 443 3121 mcmmxxxn
449 3045 612 3121 Coelum
630 3070 782 3146 quoque
797 3044 952 3122 ualidius
969 3060 1106 3147 petere,
1118 3066 1217 3146 egre·

139 3157 248 3257 gium
266 3157 419 3231 omnino
435 3155 617 3232 auxilium
645 3168 724 3245 est;
749 3158 885 3234 scilieet
912 3160 1023 3258 qnod
1052 3158 1221 3234 exonio

140 3292 227 3345 nem
245 3293 312 3368 per
327 3278 462 3356 eutem,
486 3268 651 3368 alioquin
679 3294 826 3370 parcam
854 3268 1039 3360 uturum,
1063 3284 1104 3347 et
1132 3294 1223 3370 saepe

141 3383 291 3480 penitus
307 3381 560 3469 cohibendam,
582 3407 648 3481 per
664 3392 762 3459 totos
778 3407 932 3471 menses,
950 3384 1015 3458 vel
1032 3410 1100 3484 per
1115 3406 1225 3459 annos

140 3493 313 3591 integms,
339 3494 370 3567 si
386 3519 479 3592 opus
500 3493 622 3581 fuerit,
648 3494 893 3571 effimcissime
909 3505 1131 3595 pmmoven

191 3626 473 3682 stoecmxxxn.
492 3606 566 3682 His
582 3607 754 3682 omnibus
770 3632 857 3707 quae
871 3607 920 3683 de
934 3606 1058 3683 oalore
1073 3609 1226 3708 aliisque

141 3716 312 3791 remediis
327 3718 600 3795 emollientibus
616 3720 751 3795 tradita
767 3732 866 3808 sunt,
883 3720 1007 3819 primo
1024 3721 1161 3797 saltem
1175 3746 1225 3795 as

141 3838 264 3927 peetu,
290 3829 397 3907 valde
421 3832 695 3908 dissentaneum
714 3833 911 3920 videbitur,
935 3831 1057 3932 frigus
1073 3856 1227 3934 quoqne

142 3941 240 4015 iuter
255 3943 417 4019 remedia
432 3967 655 4032 enumerare,
678 3969 765 4044 quae
781 3946 841 4020 vel
867 3945 1149 4021 exhalationem
1166 3970 1229 4046 per

143 4061 266 4127 cutem
284 4079 510 4153 promovere,
528 4056 587 4131 vel
600 4056 771 4132 sudorem
784 4058 896 4132 etiam
914 4056 1048 4133 elioere
1065 4062 1229 4158 possint:

142 4185 198 4235 res
215 4173 339 4245 tamen
356 4191 432 4245 non
450 4190 494 4244 eo
509 4169 634 4245 minus
651 4194 737 4257 vera
753 4180 819 4246 est.
869 4168 971 4246 Talis
991 4171 1157 4271 quidem
1175 4171 1232 4247 sri-
