2678 4794
138 383 225 441 cur.
240 380 291 441 ιν.
425 378 645 439 trementia
663 384 949 443 annonarios.
1157 372 1204 444 51

138 562 227 649 tatis,
250 582 395 661 semper
417 560 562 635 molesti
587 574 695 638 sunt:
725 563 816 637 varii
833 562 985 638 demum
1002 565 1115 638 animi
1131 577 1199 640 sta·

128 678 198 762 'tus
213 674 379 761 affectus,
396 675 671 748 exercitationes
688 677 797 748 variae
813 678 1009 763 memoriae,
1027 677 1201 776 imagina-

129 786 244 875 tionis,
255 786 405 884 judicii,
422 788 499 887 pari
516 787 591 862 fere
607 788 755 875 ratione,
780 811 881 862 nunc
895 790 991 886 grati
1008 813 1108 862 nunc
1124 812 1199 862 ruo

127 895 206 972 lesti
221 900 469 998 reperiuntur.

172 1032 310 1085 chrv.
336 1010 401 1084 Ex
425 1009 481 1083 his
505 1011 688 1098 omnibus,
718 1023 761 1087 ut
789 1013 945 1099 videtur,
982 1011 1199 1088 concludere

128 1144 277 1220 equum
294 1131 361 1209 est,
391 1132 493 1196 tanta
509 1121 737 1221 benignitate
753 1136 791 1196 et
813 1125 1026 1200 liberalitate
1043 1126 1200 1199 homini-

128 1232 194 1307 bus
208 1235 411 1333 providisse
426 1235 620 1322 Naturam,
650 1245 782 1332 totque
808 1238 852 1311 iis
877 1236 1084 1337 voluptates
1114 1262 1198 1337 sup-

131 1345 315 1442 peditasse,
348 1356 496 1421 utnon
529 1346 642 1421 modo
667 1346 846 1437 viverent,
881 1351 944 1423 sed
976 1350 1057 1424 vita
1082 1374 1197 1448 quam

134 1456 234 1533 dedit
248 1458 463 1533 fruerentur.

176 1592 293 1645 cm.
317 1570 455 1669 Neque
479 1596 564 1646 sane
588 1572 662 1646 suis
686 1583 724 1646 et
749 1573 893 1650 eximiis
923 1574 1048 1648 usibus
1073 1586 1196 1649 carent

126 1705 299 1757 sensuum
337 1682 554 1782 voluptates.
622 1685 789 1759 Suavitas
825 1686 888 1758 illa
911 1685 1086 1784 generalis
1111 1711 1196 1783 quar

124 1808 250 1869 omnes
265 1795 342 1906 fere
361 1820 499 1883 sensus,
528 1797 726 1895 praesertim
756 1799 875 1896 prima
902 1806 1019 1881 aetate,
1048 1799 1197 1869 comita-

124 1915 192 1994 tur,
207 1907 346 1981 invitat
361 1932 427 1981 nos
453 1907 500 1981 ad
516 1910 630 1981 varias
659 1908 840 1982 sentiendi
867 1908 1057 1983 facultates
1082 1907 1196 2007 probe

124 2018 350 2106 exercendas,
379 2029 418 2092 et
443 2021 495 2093 sic
510 2021 698 2107 acuendos,
727 2020 999 2119 plurimamque
1021 2019 1130 2094 simul
1155 2029 1195 2092 et

123 2129 354 2206 utilissimam
386 2132 573 2205 scientiam
607 2133 766 2224 (cxxxr,
803 2139 969 2230 cxxx11>
1011 2133 1194 2206 nobismet

123 2242 290 2339 quotidie
305 2243 575 2341 acquirendam.

170 2372 307 2428 ctxv1.
333 2353 420 2427 Pari
438 2354 510 2427 fere
527 2355 666 2426 ratione
682 2353 729 2426 ad
746 2376 811 2427 sua
826 2375 961 2451 organa
979 2363 1099 2427 motus
1115 2376 1192 2425 mo·

128 2461 205 2537 dice
220 2476 258 2538 et
272 2465 396 2539 crebro
412 2465 611 2539 exercenda
628 2466 833 2538 invitantur
849 2462 1026 2548 homines,
1048 2486 1192 2559 praeser·

129 2574 195 2648 tim
210 2577 322 2674 pueri,
352 2601 509 2675 quorum
528 2577 578 2649 sic
594 2575 650 2646 vis
667 2546 777 2646 insi‘ta
793 2583 1041 2671 promovetur,
1058 2585 1096 2645 et
1112 2572 1195 2646 saci·

126 2682 169 2760 lis
183 2698 221 2760 et
235 2698 431 2787 promptus
449 2711 535 2762 usus
552 2685 713 2760 discitur.

169 2822 324 2875 cnxvn.
351 2800 455 2887 Quin
478 2810 516 2872 et
532 2799 578 2872 ad
595 2798 771 2897 quasdam
789 2808 827 2870 et
843 2795 997 2870 maximi
1014 2794 1195 2870 momenti

123 2912 290 2998 actiones,
312 2910 482 3010 qualibus
499 2911 676 2984 nimirum
692 2920 758 2985 aut
774 2908 911 3008 singuli
927 2908 1093 2984 homines
1109 2932 1193 2984 con-

125 3033 322 3109 servantur,
348 3034 413 3097 ant
429 3046 546 3120 genus
563 3022 769 3095 humanum
785 3029 1018 3120 propagatur,
1035 3023 1193 3120 egregiae

126 3133 321 3234 voluptatis
338 3135 489 3232 praemio
506 3134 717 3206 invitamur.

171 3268 339 3320 cuxvrn.
364 3246 568 3330 Postremo,
593 3244 784 3342 voluptate
808 3243 870 3316 illa
894 3263 980 3340 quae
1004 3264 1025 3314 a
1048 3241 1193 3316 modica

127 3359 254 3432 mentis
271 3357 530 3432 exercitatione
556 3358 683 3442 oritur,
707 3356 755 3428 ad
777 3338 1016 3427 nobilissimas
1041 3351 1119 3449 ejus
1142 3354 1195 3426 fa·

124 3467 273 3543 cultates
298 3468 517 3543 exercendas
541 3479 579 3541 et
603 3465 818 3541 excolendas
843 3460 1073 3549 inducimur;
1108 3489 1194 3562 quae

124 3579 297 3679 neglectae
312 3594 350 3654 et
367 3581 503 3667 otiosae,
529 3580 675 3677 exiguae
691 3588 790 3666 sunt,
815 3575 929 3675 probe
954 3576 1075 3662 cultae,
1098 3599 1193 3673 pene

125 3690 256 3766 divinae
272 3692 381 3767 fiunt.

167 3827 310 3880 ccxix.
339 3802 481 3902 Singuli
499 3801 651 3876 demum
668 3798 803 3898 quibus
825 3794 1042 3874 instruimur
1058 3812 1193 3880 sensus,

126 3922 196 3989 tum
215 3914 361 3990 externi
378 3926 459 3988 tum
485 3915 631 3999 interni,
656 3911 765 3983 variis
790 3910 941 3983 obnoxii
966 3923 1054 3983 sunt
1069 3905 1193 3986 vitiis;

127 4029 376 4127 unusquisque
392 4027 536 4113 scilicet,
563 4023 763 4124 praesertim
788 4030 1036 4104 externorum,
1073 4021 1195 4110 potest

128 4156 194 4209 esse
210 4139 269 4214 vel
286 4137 399 4212 nimis
415 4150 554 4224 uetitus,
571 4135 630 4209 vel
648 4134 758 4208 nimis
775 4131 939 4218 obtusus,
952 4129 1014 4203 vel
1027 4121 1194 4201 abolitus,
