2678 4794
148 471 406 533 esr.xxvs11.
461 467 682 525 mansorum
700 469 990 529 rnaonsrrcrs.
1157 466 1231 542 857

145 652 259 729 etiam
272 649 517 747 aliquantum,
548 672 669 748 neque
694 649 909 748 injucunde,
930 653 1120 752 occupari;
1144 663 1223 729 ton.

142 775 228 841 tum
245 762 347 836 enim
363 762 479 835 animi
495 761 707 836 attentionis
723 763 887 862 regendo
910 771 977 838 aut
993 788 1224 865 compescen.

138 876 191 951 do
216 874 305 975 equi
335 875 456 949 cursui
482 874 692 973 requiritur,
721 885 906 974 quantum
934 885 973 951 et
992 901 1073 952 eam
1091 879 1223 956 leniter

137 990 289 1075 excitet,
306 996 346 1061 et
360 1011 383 1060 a
399 985 513 1061 solitis
529 987 635 1075 curis,
664 996 730 1062 aut
746 989 888 1078 studiis,
905 997 983 1064 aut·
993 991 1222 1090 cogitationi·
1269 1024 1274 1037 ·

138 1101 222 1188 bus,
249 1123 345 1199 saepe
361 1099 461 1173 haud
477 1123 607 1198 parum
625 1100 854 1189 nocentibus,
880 1100 1030 1178 forsitan
1048 1101 1143 1178 clam
1159 1104 1222 1180 ho-

141 1213 246 1287 mine
260 1213 351 1311 ipso,
369 1212 561 1286 subducat.

194 1345 294 1399 nex,
319 1327 433 1422 AEgro
449 1348 548 1411 vero,
573 1346 695 1423 neque
710 1324 758 1399 ad
775 1323 889 1400 ullam
911 1327 1224 1420 exercitationem,

140 1435 329 1534 nequead
345 1434 440 1510 hanc
455 1437 633 1534 optimam
651 1437 893 1535 gestationem
912 1437 1060 1527 valenti,
1077 1441 1223 1516 mitiora

141 1547 408 1649 prescribenda
449 1558 538 1623 sunt
573 1549 787 1649 gestationis
822 1572 967 1648 genera,
1003 1561 1042 1627 et
1065 1553 1229 1628 maxime

137 1661 298 1762 gestatio
314 1661 352 1734 in
370 1685 490 1747 curru,
507 1661 613 1759 cujus
629 1660 785 1737 effectus
801 1671 840 1736 et
857 1686 945 1737 usus
961 1687 1009 1737 ex
1019 1663 1099 1762 jam
1116 1664 1224 1739 dictis

138 1772 190 1849 de
214 1773 443 1873 equitatione
474 1773 579 1848 facile
607 1773 873 1873 intelligentur,
907 1798 1067 1873 qnaeque
1098 1798 1224 1850 revera

137 1908 236 1985 soepe
261 1909 376 1984 qnam
403 1885 544 1984 optime
576 1885 726 1985 profuit.
794 1885 1026 1983 Hujusmodi
1066 1887 1225 1987 gestatio

138 1998 380 2073 commodum
396 2022 472 2072 non
488 1997 570 2073 leve
583 1998 705 2086 habet,
721 2022 857 2098 nempe
873 2008 919 2074 ut
934 2024 1094 2099 peream
1109 2023 1224 2100 aegro-

122 2106 260 2186 ‘tontes
276 2109 383 2185 valde
397 2108 535 2184 infirmi
548 2108 689 2208 aliquid
699 2112 970 2185 exercitationis
983 2122 1126 2186 tentare
1142 2135 1223 2211 pos

138 2222 225 2311 sint,
254 2233 293 2298 et
317 2223 426 2297 etiam
451 2223 582 2296 itinera
611 2222 696 2295 satis
724 2220 845 2322 longa,
874 2223 1045 2321 quamvis
1062 2223 1223 2323 maligno

138 2333 240 2423 coelo,
255 2343 341 2410 tuto
355 2346 395 2410 et
411 2333 515 2409 facile
532 2334 686 2409 emetiri.

190 2469 308 2523 mcxl.
327 2447 524 2547 Navigatio
536 2448 696 2545 insuper,
713 2453 891 2544 tanquam
903 2443 1087 2520 levissima
1103 2454 1221 2545 gesta·

140 2558 255 2633 tionis
279 2562 422 2659 species,
448 2570 487 2633 et
513 2558 769 2633 infirmissimis
793 2559 898 2657 aegris
919 2557 1061 2656 optime
1084 2578 1224 2632 accom-

141 2670 304 2759 modata,
319 2696 341 2747 a
355 2673 485 2747 multis
501 2671 663 2759 medicis,
680 2672 801 2769 iisque
817 2671 918 2745 haud
933 2671 1037 2769 parvi
1053 2669 1225 2758 nominis,

141 2783 344 2882 plurimum
375 2785 522 2861 laudata
551 2796 629 2859 est:
657 2806 780 2883 neque
795 2782 950 2858 dubium
969 2793 1035 2872 est,
1052 2783 1147 2859 banc
1161 2779 1224 2861 ali.-

140 2919 215 2996 qua
242 2896 399 2972 demum
428 2899 579 2985 ratione,
612 2905 806 2996 utcunque
838 2895 1000 2983 obscura,
1036 2893 1223 2970 nonnullis

139 3010 404 3110 aegrotantibus
408 3010 487 3108 jam
498 3035 593 3110 pene
604 3008 804 3110 desperatis
815 3006 1027 3082 mirabiliter
1035 3006 1222 3106 profuisse.

141 3119 296 3223 Insigne
320 3120 432 3220 hujus
456 3123 673 3222 gestationis
689 3120 925 3198 commodum
942 3129 981 3195 et
1007 3118 1223 3194 excellentia

140 3242 207 3322 est,
244 3234 347 3333 quod
370 3234 636 3311 infirmissimos
673 3258 840 3333 quosque
863 3257 939 3309 non
965 3232 1159 3331 opprimat,
1183 3237 1224 3304 et

141 3346 244 3444 quod
259 3371 328 3447 per
343 3348 481 3422 multos
497 3347 586 3437 dies,
610 3346 671 3422 vel
696 3371 761 3445 per
785 3353 882 3421 totos
904 3367 1057 3430 menses,
1083 3341 1114 3416 si
1129 3365 1223 3440 opus

139 3457 264 3549 fuerit,
287 3459 355 3535 diu
371 3471 560 3560 noctuque
585 3459 792 3535 continuari
808 3458 931 3556 possit
982 3455 1131 3530 Nausea
1146 3455 1225 3553 ipsa

140 3592 254 3668 quam
279 3596 430 3647 movere
454 3572 556 3662 solet,
581 3598 602 3647 a
627 3569 849 3672 quibusdam
870 3570 1018 3669 egregie
1034 3566 1226 3644 interdum

121 3682 319 3779 profuisse
344 3685 443 3759 dicta
466 3695 545 3773 est;
582 3685 672 3784 quin
698 3694 737 3757 et
762 3680 892 3755 multis
916 3704 1129 3779 persuasum
1157 3684 1224 3764 est,

143 3802 220 3869 aira
236 3797 482 3885 maritimum,
499 3797 566 3897 qui
582 3797 680 3871 inter
695 3793 949 3893 navigandum
966 3791 1135 3888 trahitur,
1151 3789 1225 3864 suis

142 3907 272 3983 umbus
288 3931 363 3983 non
381 3933 510 3983 carere.

191 4021 392 4096 ncx11.1n
405 4020 579 4096 omnibus
592 4021 744 4095 demum
755 4015 1077 4092 exercitationibus
1093 4021 1132 4088 et
1147 4034 1227 4112 ges·

147 4132 346 4207 lotionibus
364 4157 455 4231 quas
467 4159 535 4233 pro
550 4131 804 4209 roborantibus
816 4129 988 4204 remediis
999 4125 1227 4226 prescribere

147 4244 326 4343 cupimus,
355 4245 426 4320 hoe
442 4270 518 4345 prae
532 4245 707 4321 omnibus
727 4267 845 4343 usque
873 4238 1145 4316 observandum
1160 4240 1229 4318 est.

150 4363 189 4428 nt
213 4357 478 4456 aegrotantium
516 4356 664 4456 viribus=
685 4359 738 4436 ita
769 4351 1106 4440 accommodentur,
1139 4368 1225 4426 cum
