2678 4794
132 387 218 443 cnr.
236 386 362 444 xxxv.
413 384 634 443 nummum
660 386 949 448 nnsonnrrcn.
1137 376 1209 457 489

135 566 187 639 tia
215 565 427 663 nimiusque
452 566 614 665 impetus
640 567 824 655 accidunt,
849 575 890 642 et
913 566 981 643 nbi
1009 589 1144 667 magna
1172 577 1212 642 et

133 688 305 777 prompta
321 678 572 753 exinanitione
587 704 681 779 opus
696 693 763 768 est,
789 679 916 757 veluti
936 682 977 755 in
1003 679 1108 755 malis
1125 703 1211 778 quse

133 813 156 863 a
171 791 370 889 suppressis
387 790 502 865 solitis
518 792 831 869 exinanitionibus
855 793 1092 893 proveniunt,
1116 793 1211 866 etin

131 899 294 976 febribus
310 904 430 990 variis,
455 902 659 1002 multisque
682 905 1048 994 inflammationibus,
1076 913 1116 979 et
1132 928 1210 979 san-

132 1014 257 1112 guinis
284 1012 487 1113 profluviis,
515 1025 555 1087 et
582 1015 738 1107 cadom,
762 1029 801 1093 et
829 1016 993 1107 roseos,
1019 1022 1082 1093 &c
1108 1025 1147 1092 et
1170 1017 1219 1099 iu

132 1125 300 1225 hydrope
325 1126 371 1200 ad
397 1126 795 1228 educendam-aquam,
820 1141 928 1206 aucta
952 1152 1123 1206 vesorum
1150 1129 1211 1204 ab·

132 1238 362 1313 sorbentium
379 1239 534 1328 actione,
559 1241 653 1314 etin
670 1243 788 1320 nimio
815 1254 854 1317 et
880 1245 1052 1319 morboso
1068 1242 1211 1330 sudore,

132 1361 201 1425 aut
217 1350 334 1448 urinae
349 1360 416 1424 aut
433 1350 555 1427 salivae
570 1350 691 1441 fluxu,
715 1353 762 1427 ad
791 1354 1038 1453 reprimendas
1055 1354 1119 1431 has
1136 1355 1212 1428 exi·

133 1462 350 1537 nanitiones.
402 1463 448 1536 In
460 1462 589 1539 multis
602 1465 756 1563 quidem
769 1465 984 1563 hujusmodi
1001 1468 1211 1542 morborum

100 1651 104 1660 ,
131 1571 205 1646 alvi
222 1575 395 1673 purgatio
411 1585 517 1650 caute
534 1577 712 1651 tentanda
728 1587 794 1665 est,
816 1601 885 1652 nec
902 1601 982 1651 raro
997 1579 1121 1677 potius
1137 1580 1213 1653 evi-

131 1685 254 1773 tanda,
279 1685 416 1761 scilicet
433 1684 518 1785 quse
534 1712 657 1787 neque
687 1690 727 1763 in
752 1690 855 1764 omni
882 1689 1065 1790 exemplo
1090 1713 1213 1789 neque

130 1798 233 1871 omni
251 1798 367 1873 morbi
385 1809 563 1900 tempore,
589 1801 676 1879 satis
691 1803 895 1879 manifestis
910 1803 959 1878 de
975 1803 1102 1912 musis,
1119 1803 1214 1902 pari·

131 1919 188 1984 ter
203 1912 409 1988 conveniat.

181 2045 392 2098 ruccccxvr.
422 2023 590 2098 Maxime
614 2025 705 2103 solet
721 2027 891 2126 prodesse
907 2028 1120 2127 corporibus
1136 2025 1213 2124 ple·

131 2135 199 2223 nis,
224 2136 359 2223 crassis,
384 2134 512 2223 obesis,
537 2136 655 2234 iisque
679 2141 749 2237 qui
764 2141 912 2238 copioso
929 2153 1091 2217 utuntur
1107 2139 1212 2214 victu

129 2255 168 2322 et
183 2273 316 2346 parum
333 2272 372 2323 se
387 2257 572 2335 exercent,
595 2259 662 2322 aut
678 2250 815 2347 quibus
831 2249 937 2324 alvus
952 2264 1086 2325 natura
1101 2250 1211 2348 liqui-

130 2361 221 2449 dior,
240 2359 358 2436 veluti
371 2357 584 2460 infantibus,
601 2384 826 2458 quacunque
840 2360 890 2433 de
906 2384 1014 2435 causa
1031 2361 1212 2435 astrictior

108 2473 227 2547 facta
242 2471 377 2557 fuerit;
402 2471 463 2545 vel
480 2471 510 2544 si
527 2471 740 2569 hujusmodi
759 2473 866 2570 aegris
884 2472 1007 2566 minus
1022 2469 1212 2570 profuerit,

128 2583 256 2659 saltem
274 2607 402 2681 parum
421 2582 579 2671 nocebit,
603 2584 745 2683 quippe
761 2583 828 2681 qui
845 2582 956 2658 talem
982 2582 1058 2657 fere
1087 2582 1211 2657 exina-

128 2696 308 2770 nitionem
326 2694 421 2769 bene
438 2693 604 2777 tolerant.
899 2758 904 2767 .

180 2830 396 2883 mccccxvn.
421 2807 648 2882 Existimata
673 2807 747 2884 fuit
771 2807 873 2897 olim,
897 2818 937 2882 et
961 2806 1083 2882 adbuc
1109 2804 1212 2906 apud

76 2956 79 2961 >
128 2920 267 2994 multos
283 2921 529 3008 existimatur,
555 2919 748 2995 utilissima
766 2945 852 3008 esse,
878 2930 917 2996 et
946 2921 1012 2994 vix
1033 2943 1118 2993 -non
1147 2942 1210 2993 ne

128 3032 286 3119 cessaria,
312 3033 433 3131 primo
449 3056 547 3120 vere,
573 3056 649 3131 quo
676 3032 812 3108 scilicet
837 3043 1004 3132 tempore
1021 3031 1210 3132 sanguinis

127 3145 243 3220 nimia
259 3144 495 3232 abundantia,
521 3145 631 3244 siqua·
643 3145 751 3232 adsit,
771 3144 1077 3220 manifestissimis
1094 3143 1210 3242 signis

128 3266 246 3330 semet
262 3258 416 3355 prodere
432 3255 535 3333 solet.
587 3256 660 3332 Sed
685 3256 732 3330 de
761 3256 826 3332 tali
853 3257 1209 3330 medicamentorum

128 3394 197 3445 usu
225 3370 310 3442 satis
331 3368 570 3466 jamdictum
591 3368 778 3466 (uocatu)
796 3379 861 3443 est.
912 3366 1068 3441 Rationi
1084 3375 1209 3440 autem

129 3481 265 3580 pariter
281 3467 394 3578 atque
419 3480 472 3552 rei
501 3479 607 3553 factae
635 3489 922 3554 consentaneum
939 3489 1007 3566 est,
1031 3477 1209 3552 leniorem

126 3592 200 3666 alvi
233 3592 494 3690 purgationem
523 3591 751 3690 temporibus
779 3604 818 3666 et
847 3591 1058 3690 regionibus
1085 3590 1209 3667 calidis

127 3729 241 3804 quarn
260 3703 402 3802 frigidis
420 3703 538 3802 magis
555 3726 632 3776 esse
647 3702 895 3776 necessariam.

176 3837 415 3891 mccccxvnr.
442 3813 525 3888 Diu
543 3813 692 3888 solenne
718 3811 791 3886 fuit
808 3814 945 3910 (neque
961 3837 1047 3888 sane
1063 3823 1129 3888 aut
1144 3837 1208 3912 po-

126 3926 239 4026 pulus
256 3938 322 4001 aut
339 3950 467 4000 omnes
484 3925 618 4000 medici
635 3924 814 3999 hactenus
823 3925 937 3999 istum
951 3949 1091 4000 morem
1109 3948 1208 4022 pror-

127 4065 190 4115 sus
206 4038 444 4136 abjecerunt),
470 4048 554 4139 post
581 4036 720 4113 multos
738 4035 880 4110 morbos
896 4046 1023 4111 acutos
1038 4034 1209 4112 catharti-

126 4174 215 4227 cum
236 4151 545 4227 medicamentum
563 4150 659 4239 dare,
685 4160 722 4224 et
740 4149 838 4223 idem
855 4149 1045 4225 interdum
1074 4150 1210 4248 saepius

125 4272 311 4364 repetere;
336 4287 414 4362 quo
438 4261 528 4338 nibil
553 4261 631 4339 fere
659 4260 829 4339 inutilius
846 4261 1048 4363 excogitari
1073 4269 1210 4363 potest.
