2678 4794
86 414 175 484 oar.
191 425 232 482 n
356 416 585 480 nnmerum
598 417 890 481 monumen.
1113 418 1163 497 εδ

131 624 278 681 cmx·
296 601 423 678 nosos
439 602 666 691 nuchuuicm
681 603 819 704 quibus
831 592 989 680 solidum
1008 590 1162 684 animale

79 719 126 794 sd
141 719 226 794 vitae
243 739 336 793 usus
351 725 513 815 aptetur,
529 733 618 792 sunt
629 726 722 803 trem
747 715 908 794 mnaso
924 718 1062 795 scilicet
1078 724 1165 800 sutis

76 857 216 933 magna,
244 830 421 906 mollities
439 832 609 929 quoedam
627 829 771 919 flexilis,
796 841 835 908 et
858 833 1014 934 insignis
1030 836 1087 909 vis*
1111 858 1165 911 re-

77 944 448 1022 siliendi-Munera
474 946 564 1019 vitae
593 946 632 1018 in
662 945 772 1019 variis
801 946 960 1037 motibus
989 946 1165 1048 pleraque

78 1060 303 1134 consistunt:
329 1057 378 1131 ad
396 1057 513 1133 multa
529 1078 654 1134 eorum
674 1048 887 1133 validissimi
905 1072 1027 1136 motus
1042 1063 1165 1162 requi-

77 1181 218 1247 runtur.
269 1169 393 1244 Tanta
419 1170 538 1270 igitur
560 1170 771 1245 adhesione
787 1175 947 1270 partium
975 1198 1068 1274 opus
1097 1186 1164 1266 eu,

79 1284 178 1357 uthi
193 1283 274 1358 sine
287 1280 517 1358 lacerationis
540 1285 708 1382 periculo
732 1285 989 1382 perficiantur:
1016 1294 1165 1387 oportet

83 1419 245 1494 quoque,
269 1394 316 1468 ob
329 1394 483 1469 eundem
502 1420 658 1484 causam,
683 1407 803 1496 partes
828 1398 962 1485 solidoe,
991 1401 1073 1475 sliae
1089 1424 1164 1476 rna·

82 1507 147 1606 gis,
171 1505 256 1580 alioe
282 1507 415 1593 minus,
441 1530 479 1582 se
507 1506 607 1582 flecti
634 1508 779 1585 sinant:
816 1510 989 1611 denique,
1020 1538 1165 1589 necesse

80 1629 145 1710 cst,
171 1630 215 1694 ut
231 1629 353 1719 partes
376 1620 430 1693 ita
446 1619 564 1708 flexae,
588 1621 648 1695 vel
667 1621 748 1697 loco
763 1623 926 1713 dimoto,
950 1626 1107 1725 liguram
1125 1636 1164 1701 et

77 1731 187 1807 situm
215 1733 415 1832 pristinum
444 1756 510 1808 sua
538 1746 671 1833 sponte
699 1747 926 1837 recuperent,
952 1760 1066 1839 quem
1091 1739 1165 1839 pn’·

77 1869 175 1920 num
193 1846 254 1919 vis
270 1845 466 1920 dimovens
483 1847 627 1922 sublata
641 1845 763 1924 ilrerit.

124 1980 255 2034 nm
284 1957 441 2032 Variant
467 1960 629 2034 multum
657 1962 715 2037 lue
738 1962 854 2051 dotes,
878 1985 956 2038 non
973 1964 1087 2040 modo
1103 1988 1165 2040 vaa

78 2071 137 2146 riis
151 2071 333 2172 partibus,
354 2072 419 2146 sed
435 2081 474 2145 et
490 2070 621 2147 iisdem
639 2076 806 2174 partibus
822 2078 863 2150 in
880 2078 989 2151 variis
1006 2076 1165 2153 homini-

78 2184 153 2273 bus,
178 2196 218 2259 et
245 2206 345 2283 saepe
374 2184 412 2257 in
430 2184 561 2258 eodem
579 2186 731 2261 homine
755 2189 907 2263 diversis
924 2193 1164 2289 temporibus.

79 2291 310 2394 Hujusmodi
337 2297 541 2386 vadentes,
562 2302 736 2397 quamvis
760 2303 845 2374 sctis
870 2303 1043 2402 insignes,
1068 2305 1165 2378 vale-

82 2409 251 2484 tudinem
267 2433 364 2508 saepe
388 2432 518 2509 parum
536 2411 715 2485 afficiunt.
766 2413 1049 2511 Nonnunquam
1067 2440 1166 2504 vero,

85 2521 249 2596 sanitatis
262 2521 396 2597 limites
412 2533 655 2610 transeuntes,
681 2523 892 2596 manifestos
909 2534 948 2597 et
965 2548 1050 2598 sane
1067 2524 1168 2601 haud

82 2631 181 2708 leves
197 2635 339 2710 morbos
354 2634 505 2714 faciunt.

126 2771 276 2823 nxxxr.
303 2748 468 2847 Duplice
496 2749 608 2823 modo
623 2748 764 2821 variare
791 2758 858 2823 aut
881 2747 1004 2824 vitiari
1033 2760 1168 2850 potest,

81 2862 179 2958 quod
197 2862 244 2935 ad
257 2861 363 2935 dotes
375 2859 617 2949 mechanicos,
633 2861 753 2935 omnis
763 2882 846 2960 pars
860 2861 995 2950 solida3
1020 2860 1167 2953 scilicet,

82 2986 145 3048 aut
159 2975 275 3049 nimis
304 2985 371 3048 aut
397 2976 508 3047 nimis
534 2999 647 3074 parva
668 2974 886 3063 adhaesione,
912 2986 979 3052 aut
1003 2974 1168 3067 mollitie,

36 3128 43 3145 ·
80 3098 142 3160 sut
170 3089 210 3162 vi
239 3088 437 3164 resiliendi.
501 3089 630 3163 Aucta
656 3087 867 3162 adhaesione
895 3112 960 3167 seu
993 3090 1170 3165 firmitate

83 3199 191 3296 partis
207 3198 374 3300 cujusvis
399 3200 536 3289 solida,
560 3211 721 3302 augetur
743 3201 964 3300 plenumque
988 3201 1067 3300 ejus
1084 3202 1168 3276 resi-

84 3309 283 3400 liendivis3
309 3312 481 3388 mollities
498 3324 620 3388 sutem
642 3314 843 3387 necessario
858 3313 1052 3390 minuitur.
1094 3312 1169 3417 Im-

82 3426 224 3501 minuta
234 3449 325 3501 vero
341 3424 561 3513 adhoesione,
579 3424 751 3500 mollities
768 3425 883 3524 major
897 3423 943 3500 fit
959 3433 998 3499 et
1009 3424 1168 3502 vicissim

81 3539 134 3612 ris
148 3537 338 3613 resiliendi
356 3542 485 3614 minor.
997 3626 1000 3631 ,
1052 3632 1055 3639 λ
1169 3608 1173 3620 ,

127 3674 295 3727 nxxxn.
322 3651 454 3727 Causae
472 3653 604 3727 horum
620 3651 822 3726 effectuum
837 3661 935 3726 certe
947 3650 1170 3752 multiplices

82 3776 187 3839 sunt:
213 3774 340 3839 tamen
367 3766 415 3840 ad
442 3776 540 3841 certa
567 3765 688 3863 capita
714 3764 840 3838 reduci
866 3766 1031 3864 'possunt
1082 3767 1170 3840 Aut

83 3875 156 3974 ipsa
187 3878 353 3952 materie
368 3878 586 3979 compositio
602 3876 760 3952 clenica
777 3878 940 3966 vitiatur,
965 3887 1041 3966 aut,
1071 3874 1171 3952 salva

84 3990 232 4063 omnino
249 3993 527 4089 compositione,
554 3991 745 4090 particulae
770 3990 823 4065 ita
839 3991 1099 4089 disponuntur,
1126 3994 1170 4060 ut

83 4098 163 4198 plus
180 4103 355 4176 minusve
364 4102 508 4179 fortiter
519 4113 634 4178 semet
647 4103 804 4177 invicem
822 4102 1017 4211 attrahant.
1052 4096 1170 4184 Quod

83 4217 384 4314 compositionem
402 4217 481 4316 ejus
498 4217 694 4293 clenicam
710 4215 855 4302 attinet,
880 4210 1008 4287 omnia
1018 4208 1170 4283 fortasse

84 4323 264 4405 elementa
282 4328 459 4420 (cxxvu,
477 4336 671 4429 Lxxvur),
691 4327 793 4406 varia
806 4325 1027 4426 quantitate,
1052 4312 1170 4392 solido
