2678 4794
137 358 224 417 car.
241 359 388 416 xxxva
438 358 660 417 maurorum
678 359 968 419 rnaoarrrcm.
1135 348 1208 425 ⁴97

256 1287 352 1367 Car.
368 1284 684 1367 mvl-De
699 1287 871 1368 remediis
886 1288 1090 1371 diareticis.

126 2225 371 2285 srccccxarr.
398 2162 632 2287 Rumori
639 2207 1031 2288 Diureticodicuntur
1046 2208 1109 2285 illa
1123 2236 1210 2309 quoe

125 2322 270 2397 urinam
288 2334 452 2399 movent.
502 2323 672 2399 Plurima
695 2323 848 2422 quidem
878 2320 1148 2396 medicamenta
1171 2349 1209 2396 a·

125 2429 250 2532 anue
265 2435 427 2510 remedia
439 2434 503 2509 tali
518 2435 692 2513 facultate
708 2435 860 2535 pollent,
880 2445 923 2509 ut
936 2457 985 2507 ex
1001 2433 1209 2509 innumeris

127 2544 204 2618 fere
220 2546 546 2636 observationibus,
570 2571 640 2623 nec
668 2546 794 2647 paucis
810 2545 1072 2645 experimentis
1088 2545 1136 2620 de
1153 2546 1210 2621 in·

127 2657 269 2732 dustria
284 2659 400 2746 factis,
417 2661 504 2735 satis
521 2670 664 2735 constat
678 2688 687 2746 ;
712 2682 836 2758 neque
864 2656 1025 2733 dubium
1041 2664 1098 2733 est
1114 2656 1211 2737 mul·

128 2779 186 2844 tos
203 2772 462 2870 agravissimis
478 2771 677 2872 aliquando
701 2772 840 2851 morbis
863 2793 935 2870 ope
960 2769 1211 2849 remediorum

126 2879 341 2980 hujusmodi
359 2884 508 2984 penitus
525 2884 763 2963 convaluisse.
817 2883 1062 2961 Verissimum
1084 2893 1211 2961 tamen
1288 2936 1292 2943 -

126 3005 193 3082 est,
219 3007 258 3071 et
276 2999 439 3073 maxime
455 2997 671 3088 dolendum,
696 3022 826 3075 eorum
843 2997 1000 3075 effectus
1024 2997 1117 3073 adeo
1133 3019 1212 3075 csse

127 3107 296 3197 incertos,
323 3120 367 3185 ut
383 3135 495 3193 nemo
512 3113 678 3189 medicus
706 3111 871 3213 polliceri
899 3111 1015 3212 possit
1044 3134 1083 3184 se
1111 3134 1212 3210 aegro

127 3222 299 3350 cuiquam
312 3246 378 3320 per
390 3222 464 3298 ulla
476 3224 747 3301 medicamenta
757 3224 992 3301 urinamesse
1002 3233 1210 3305 moturum:

127 3357 223 3462 saepe
240 3335 341 3408 enim
358 3359 444 3432 quae
454 3335 540 3433 jure
550 3336 775 3413 validissima
787 3337 981 3448 habeatur,
999 3334 1147 3409 urirmm
1162 3354 1212 3405 ne

126 3446 324 3521 minimum
343 3448 498 3544 quidem
516 3460 679 3525 movent.

175 3579 384 3634 mccccxcv.
412 3560 502 3647 Quo
517 3559 659 3635 facilius
688 3585 816 3637 eorum
845 3562 942 3638 actio
968 3557 1212 3659 intelligatur,

125 3670 392 3747 recordandum
411 3683 476 3760 est,
501 3672 668 3747 multum
684 3682 837 3748 tenuem
854 3672 1061 3758 humorem,
1078 3682 1117 3745 et
1133 3694 1212 3744 om·

127 3806 215 3857 uem
232 3780 309 3857 fere
325 3784 437 3860 salem
455 3785 522 3883 qui
539 3783 704 3882 alioquin
721 3784 860 3859 nimius
871 3784 910 3859 in
923 3784 1103 3882 sanguine
1118 3782 1213 3855 ines·

125 3906 192 3983 set,
221 3896 455 4024 multamque
472 3898 663 3973 materiam
679 3906 902 3994 corruptam
898 3906 965 3977 -Jet
984 3917 1105 3971 acrem
1122 3890 1215 3967 varii

126 4009 283 4106 generis,
309 4034 375 4107 per
391 4034 495 4086 renes
512 4009 671 4084 excerni

178 4143 430 4197 mccccxuvr.
456 4123 562 4198 Hinc
578 4145 653 4197 nou
670 4145 768 4221 aegre
790 4121 873 4220 cogi
889 4128 1023 4221 potest,
1048 4114 1215 4191 multum

123 4242 258 4330 potum
278 4243 444 4326 tenuem,
471 4235 666 4336 variosque
691 4232 792 4325 sales,
816 4232 1013 4332 multaque
1026 4229 1122 4305 acria
1132 4244 1215 4301 me·

648 4347 695 4422 ri
