2694 4792
130 350 217 406 (ἌΡ.
234 350 260 404 1.
402 346 621 404 ammom
640 348 928 406 THEORETICAE.
1155 340 1201 408 15

130 527 309 601 momenti
325 527 364 601 in
382 552 420 601 re
436 528 586 604 medica.
638 529 821 616 Quamvis
837 529 938 603 enim
954 527 1088 602 medici
1104 527 1205 604 baud

133 663 258 737 parum
276 665 371 741 saepe
399 644 599 716 erraverint
628 642 675 715 de
703 644 819 716 causis
848 641 1002 714 remotis
1018 642 1203 715 variorum

130 752 352 840 morborum,
381 778 467 827 eum
497 764 634 828 temere
663 754 710 827 de
738 755 782 828 iis
810 763 970 827 statuere
998 752 1078 827 ausi
1095 764 1205 838 sunt;
1331 800 1336 810 ·

131 880 253 939 tamen
270 869 437 940 notiones
466 866 651 966 generales
668 867 715 940 de
740 868 785 940 iis
800 891 886 964 quae
902 865 989 964 ipsis
1017 865 1056 938 in
1081 863 1208 938 animo

129 988 361 1052 versarentur
376 1003 471 1052 sanae
487 979 659 1053 fuerunt:
695 979 975 1075 multorumque
1002 1000 1087 1051 sane
1111 1001 1208 1050 mor·

129 1087 263 1164 borum
280 1115 397 1183 eausae
411 1102 573 1179 remotae,
591 1100 669 1165 tam
678 1088 1003 1190 proedisponentea
1015 1110 1129 1186 qnam
1146 1110 1209 1162 ea·
1262 1126 1265 1133 ·

130 1200 296 1288 citantes,
326 1203 386 1276 vel
414 1202 651 1290 observando,
680 1201 741 1274 vel
774 1201 1006 1298 experiendo,
1035 1209 1074 1272 et
1101 1208 1209 1274 oaute

130 1314 391 1402 ratiocinando,
415 1315 494 1411 jam
522 1315 607 1387 satis
636 1314 796 1410 cognitae
811 1321 900 1384 sunt
925 1323 964 1384 et
989 1311 1206 1409 exploratae:

132 1445 334 1522 earumque
350 1427 482 1499 notitia
496 1425 648 1499 medicis
664 1423 856 1499 utilissima
872 1433 936 1498 est

182 1557 312 1611 xuvn.
341 1536 497 1612 Causam
516 1561 603 1611 vero
618 1536 825 1637 proximam
843 1535 943 1635 quod
961 1536 1105 1623 attinet,
1130 1536 1209 1636 ipsa

131 1645 211 1745 ejus
227 1650 331 1724 notio
345 1650 533 1750 generalis,
551 1651 580 1724 si
598 1675 671 1725 non
689 1671 835 1749 prorsus
851 1647 949 1736 falsa,
978 1647 1107 1722 saltem
1124 1671 1209 1721 con·

131 1758 211 1834 susa
227 1763 429 1837 admodum
447 1773 514 1848 est,
530 1773 569 1837 et
584 1759 747 1848 obseura,
776 1770 815 1835 et
832 1762 970 1834 temere
986 1784 1008 1832 a
1023 1759 1133 1832 rebus
1148 1759 1210 1832 ab·

132 1881 272 1949 stracta.
323 1874 509 1963 Quaerunt
537 1877 636 1972 enim
665 1873 814 1961 medici,
842 1881 892 1960 et,
919 1893 995 1945 non
1024 1868 1129 1962 facile
1154 1869 1209 1945 in·

132 1986 331 2073 venientes,
355 1988 502 2061 sibimet
517 1985 667 2086 fingunt
684 1984 825 2090 aliquid
842 1997 961 2059 causae
976 1983 1098 2057 omnis
1114 2007 1209 2058 mor·

132 2094 181 2183 bi,
208 2098 309 2171 unde
325 2099 393 2172 iste
409 2099 559 2174 morbus
583 2095 733 2185 oriatur,
763 2097 893 2170 eodem
924 2095 998 2170 fere
1015 2095 1138 2182 modo,
1167 2118 1209 2168 ao

133 2209 242 2282 variae
257 2212 481 2283 mutationes
496 2210 558 2282 vel
573 2210 736 2295 effectus,
753 2233 840 2307 quae
849 2209 889 2282 in
906 2209 1014 2283 rebus
1030 2207 1209 2280 inanima·

134 2319 182 2390 tis
198 2320 447 2402 observantur,
464 2345 486 2390 a
502 2321 576 2391 suis
592 2320 710 2392 oausis
724 2320 959 2416 proveniunt.
1010 2319 1058 2390 ln
1086 2316 1210 2414 pleris-

136 2450 211 2525 que
225 2436 353 2500 autem
369 2428 619 2513 affectionum,
635 2451 727 2524 quas
739 2430 884 2500 morbos
896 2450 1026 2500 vocare
1042 2426 1212 2513 solemus,

136 2537 230 2611 nibil
246 2536 455 2610 istiusmodi
472 2537 630 2609 existere
648 2536 805 2623 videtur,
833 2559 956 2632 neque
972 2534 1135 2633 profecto
1150 2558 1214 2608 ex·

135 2650 244 2724 istere
260 2657 402 2747 potest;
427 2659 466 2724 et
495 2646 576 2722 talis
603 2642 707 2721 notio
722 2646 832 2746 plane
860 2647 978 2720 oritur
1003 2643 1136 2719 amale
1160 2647 1214 2720 in·

135 2760 280 2837 tellecta
308 2766 454 2864 natm-m
483 2768 567 2835 turn
594 2761 753 2858 oorporis
786 2759 912 2857 ipsius,
945 2768 1028 2833 tum
1061 2781 1214 2856 quoque

132 2874 347 2948 morborum
363 2874 430 2973 qui
455 2874 495 2947 in
524 2897 569 2947 eo
593 2871 700 2945 fiunt.
752 2870 908 2946 Morbus
925 2872 1026 2943 enim
1053 2893 1128 2944 non
1157 2880 1213 2945 est

133 2985 231 3061 unus
257 2994 297 3059 et
324 2985 484 3084 simplex
516 2993 672 3059 eventus
700 2983 761 3057 vel
787 2982 958 3069 mutatio,
991 2982 1141 3081 qualem
1173 2985 1214 3056 in

127 3097 243 3170 ‚rebus
271 3097 481 3170 inanimatis
510 3095 757 3195 oontemplari
777 3095 936 3170 solemus
969 3105 1008 3169 et
1036 3094 1213 3170 effectum

137 3231 289 3295 voeare3
314 3210 376 3283 sed
394 3210 513 3297 series,
529 3233 625 3308 saepe
642 3208 762 3308 longa,
779 3207 910 3282 talium
928 3216 1135 3282 eventuum
1152 3207 1213 3280 vel

135 3321 389 3395 mutationum
403 3349 421 3406 ;.
437 3345 596 3419 quarum
613 3320 693 3395 aliae
708 3319 787 3395 aliis
810 3310 931 3395 oausae
945 3319 1127 3393 videntur·
1138 3343 1215 3392 esse

137 3433 284 3531 (xxm).
312 3432 414 3507 Fieri
427 3433 579 3532 quidem
594 3442 725 3532 potest,
741 3441 797 3520 ut,
815 3431 957 3506 sublata
969 3454 1043 3506 una
1054 3431 1214 3506 alterave

134 3543 279 3632 harum,
296 3552 375 3620 tota
391 3545 499 3619 series
516 3545 576 3619 vel
588 3545 841 3644 abrumpatur,
858 3544 920 3618 vel
932 3544 1033 3617 brevi
1050 3543 1214 3627 desinat;

135 3667 175 3732 et
190 3658 244 3732 sio
259 3655 410 3732 morbus
425 3657 463 3730 in
482 3656 677 3731 sanitatem
693 3667 872 3731 mutetur.
924 3656 997 3730 Sed
1018 3655 1089 3731 hoc
1105 3656 1214 3730 mini·
1324 3667 1327 3670 ’

71 3824 78 3843 ,
135 3791 198 3843 me
213 3777 437 3868 perpetuum
454 3779 520 3856 est,
536 3792 660 3867 neque
675 3769 713 3841 in
744 3768 849 3841 omni
864 3767 1007 3854 morbo,
1034 3790 1158 3864 neque
1173 3768 1214 3843 in
1267 3776 1270 3780 '

136 3867 307 3980 quolibet
327 3881 402 3955 fere
418 3881 548 3956 morbo
563 3881 666 3955 omni
695 3891 869 3979 tempore.
921 3879 1113 3966 Praeterea,
1138 3903 1213 3953 cor·

136 4014 207 4092 pus
233 3994 355 4091 ipsum
383 3990 495 4092 longe
519 3991 625 4066 aiiter
651 4016 689 4065 se
716 3991 826 4066 habet
851 4016 893 4066 ae
920 4015 976 4065 res
1002 3991 1213 4072 inanimata,

138 4103 240 4202 quod
255 4104 303 4180 ad
319 4106 542 4179 mutationes
558 4127 646 4202 quae
662 4104 701 4176 in
719 4127 763 4177 eo
778 4104 887 4189 fiunt,
915 4111 955 4177 et
981 4126 1113 4188 causas,
1136 4101 1215 4171 sive

138 4223 306 4290 externas
322 4217 400 4292 sive
424 4218 596 4305 internas,
626 4215 726 4292 unde
742 4215 801 4292 hae
828 4216 1054 4315 proveniant.
1111 4211 1213 4283 Inest
1260 4293 1265 4303 ι
