<?xml version="1.0" encoding="UTF-8"?>
<!DOCTYPE html PUBLIC "-//W3C//DTD XHTML 1.0 Transitional//EN"
    "http://www.w3.org/TR/xhtml1/DTD/xhtml1-transitional.dtd">
<html xmlns="http://www.w3.org/1999/xhtml" xml:lang="en" lang="en">
 <head>
  <title>
</title>
<meta http-equiv="Content-Type" content="text/html;charset=utf-8" />
  <meta name='ocr-system' content='tesseract 3.04.00' />
  <meta name='ocr-capabilities' content='ocr_page ocr_carea ocr_par ocr_line ocrx_word'/>
</head>
<body>
  <div class='ocr_page' id='page_1' title='image "./conspectusmedic01greggoog_0549.png"; bbox 0 0 2694 4792; ppageno 0'>
   <div class='ocr_carea' id='block_1_1' title="bbox 145 359 1251 429">
    <p class='ocr_par' dir='ltr' id='par_1_1' title="bbox 145 359 1251 429">
     <span class='ocr_line' id='line_1_1' title="bbox 145 359 1251 429; baseline -0.007 0"><span class='ocrx_word' id='word_1_1' title='bbox 145 359 222 429; x_wconf 78' lang='lat'><strong>500</strong></span> <span class='ocrx_word' id='word_1_2' title='bbox 536 361 791 421; x_wconf 76' lang='lat' dir='ltr'><strong>consulturus</strong></span> <span class='ocrx_word' id='word_1_3' title='bbox 977 361 1075 418; x_wconf 75' lang='lat' dir='ltr'><strong>cur.</strong></span> <span class='ocrx_word' id='word_1_4' title='bbox 1092 362 1251 421; x_wconf 73' lang='lat' dir='ltr'>xxxvi</span> 
     </span>
    </p>
   </div>
   <div class='ocr_carea' id='block_1_2' title="bbox 83 537 1254 4351">
    <p class='ocr_par' dir='ltr' id='par_1_2' title="bbox 83 537 1254 1434">
     <span class='ocr_line' id='line_1_2' title="bbox 149 537 1254 645; baseline -0.006 -21"><span class='ocrx_word' id='word_1_5' title='bbox 149 543 380 645; x_wconf 84' lang='lat' dir='ltr'><strong>cissampeloo</strong></span> <span class='ocrx_word' id='word_1_6' title='bbox 388 540 563 645; x_wconf 73' lang='lat' dir='ltr'><strong>porcino,</strong></span> <span class='ocrx_word' id='word_1_7' title='bbox 587 539 784 618; x_wconf 73' lang='lat' dir='ltr'><strong><em>colchicum</em></strong></span> <span class='ocrx_word' id='word_1_8' title='bbox 808 537 1045 629; x_wconf 74' lang='lat' dir='ltr'><strong>autumnale,</strong></span> <span class='ocrx_word' id='word_1_9' title='bbox 1070 538 1254 644; x_wconf 70' lang='lat' dir='ltr'><strong>aigina</strong></span> 
     </span>
     <span class='ocr_line' id='line_1_3' title="bbox 142 649 1249 762; baseline -0.002 -27"><span class='ocrx_word' id='word_1_10' title='bbox 142 681 362 762; x_wconf 63' lang='lat' dir='ltr'><strong>pomnen,</strong></span> <span class='ocrx_word' id='word_1_11' title='bbox 397 655 588 733; x_wconf 74' lang='lat' dir='ltr'><strong><em>nicotiana</em></strong></span> <span class='ocrx_word' id='word_1_12' title='bbox 616 652 799 740; x_wconf 72' lang='lat' dir='ltr'><strong>rabaam,</strong></span> <span class='ocrx_word' id='word_1_13' title='bbox 838 649 987 728; x_wconf 79' lang='lat' dir='ltr'><strong>luctum</strong></span> <span class='ocrx_word' id='word_1_14' title='bbox 1019 655 1157 744; x_wconf 77' lang='lat' dir='ltr'><strong>virosa,</strong></span> <span class='ocrx_word' id='word_1_15' title='bbox 1186 660 1249 733; x_wconf 77' lang='lat' dir='ltr'><strong>&amp;a</strong></span> 
     </span>
     <span class='ocr_line' id='line_1_4' title="bbox 150 760 1246 871; baseline -0.004 -24"><span class='ocrx_word' id='word_1_16' title='bbox 150 771 279 847; x_wconf 87' lang='lat' dir='ltr'><strong>Multa</strong></span> <span class='ocrx_word' id='word_1_17' title='bbox 294 794 446 871; x_wconf 91' lang='lat' dir='ltr'><strong>quoque</strong></span> <span class='ocrx_word' id='word_1_18' title='bbox 472 768 551 844; x_wconf 86' lang='lat' dir='ltr'><strong>olea</strong></span> <span class='ocrx_word' id='word_1_19' title='bbox 568 760 730 842; x_wconf 82' lang='lat' dir='ltr'><strong>volatilia</strong></span> <span class='ocrx_word' id='word_1_20' title='bbox 754 764 963 855; x_wconf 86' lang='lat' dir='ltr'><strong>herbarum,</strong></span> <span class='ocrx_word' id='word_1_21' title='bbox 989 767 1052 841; x_wconf 80' lang='lat' dir='ltr'><strong>vel</strong></span> <span class='ocrx_word' id='word_1_22' title='bbox 1069 767 1246 858; x_wconf 84' lang='lat' dir='ltr'><strong>balsama,</strong></span> 
     </span>
     <span class='ocr_line' id='line_1_5' title="bbox 149 878 1239 979; baseline -0.012 -21"><span class='ocrx_word' id='word_1_23' title='bbox 149 884 308 960; x_wconf 81' lang='lat' dir='ltr'><strong>similem</strong></span> <span class='ocrx_word' id='word_1_24' title='bbox 321 885 400 959; x_wconf 82' lang='lat' dir='ltr'><strong>vim</strong></span> <span class='ocrx_word' id='word_1_25' title='bbox 413 884 561 970; x_wconf 89' lang='lat' dir='ltr'><strong>habent,</strong></span> <span class='ocrx_word' id='word_1_26' title='bbox 578 880 696 955; x_wconf 87' lang='lat' dir='ltr'><strong>veluti</strong></span> <span class='ocrx_word' id='word_1_27' title='bbox 713 878 975 966; x_wconf 76' lang='lat' dir='ltr'>terebinthina,</span> <span class='ocrx_word' id='word_1_28' title='bbox 993 879 1118 955; x_wconf 76' lang='lat' dir='ltr'><strong>olerum</strong></span> <span class='ocrx_word' id='word_1_29' title='bbox 1127 880 1239 979; x_wconf 83' lang='lat' dir='ltr'><strong>juni.</strong></span> 
     </span>
     <span class='ocr_line' id='line_1_6' title="bbox 83 991 1239 1097; baseline -0.003 -24"><span class='ocrx_word' id='word_1_30' title='bbox 83 1027 85 1031; x_wconf 48' lang='lat'><em>⁷</em></span> <span class='ocrx_word' id='word_1_31' title='bbox 149 997 229 1097; x_wconf 90' lang='lat' dir='ltr'><strong>peri</strong></span> <span class='ocrx_word' id='word_1_32' title='bbox 239 996 459 1084; x_wconf 79' lang='lat' dir='ltr'><strong>communio,</strong></span> <span class='ocrx_word' id='word_1_33' title='bbox 476 997 540 1070; x_wconf 79' lang='lat' dir='ltr'><strong>&amp;a</strong></span> <span class='ocrx_word' id='word_1_34' title='bbox 591 993 857 1069; x_wconf 81' lang='lat' dir='ltr'><strong>Herbaeetiam</strong></span> <span class='ocrx_word' id='word_1_35' title='bbox 874 991 978 1067; x_wconf 85' lang='lat' dir='ltr'><strong>haud</strong></span> <span class='ocrx_word' id='word_1_36' title='bbox 994 1015 1120 1092; x_wconf 81' lang='lat' dir='ltr'><strong>pauoae</strong></span> <span class='ocrx_word' id='word_1_37' title='bbox 1135 1018 1239 1071; x_wconf 84' lang='lat' dir='ltr'><strong>ama·</strong></span> 
     </span>
     <span class='ocr_line' id='line_1_7' title="bbox 150 1103 1237 1208; baseline -0.003 -23"><span class='ocrx_word' id='word_1_38' title='bbox 150 1134 210 1198; x_wconf 90' lang='lat' dir='ltr'><strong>rae,</strong></span> <span class='ocrx_word' id='word_1_39' title='bbox 235 1109 445 1208; x_wconf 87' lang='lat' dir='ltr'><strong>etquidem</strong></span> <span class='ocrx_word' id='word_1_40' title='bbox 461 1130 548 1183; x_wconf 89' lang='lat' dir='ltr'><strong>vere</strong></span> <span class='ocrx_word' id='word_1_41' title='bbox 563 1106 818 1205; x_wconf 82' lang='lat' dir='ltr'><strong>astringentes,</strong></span> <span class='ocrx_word' id='word_1_42' title='bbox 844 1103 963 1178; x_wconf 86' lang='lat' dir='ltr'><strong>veluti</strong></span> <span class='ocrx_word' id='word_1_43' title='bbox 986 1104 1142 1180; x_wconf 82' lang='lat' dir='ltr'><strong>arbutus</strong></span> <span class='ocrx_word' id='word_1_44' title='bbox 1157 1130 1237 1183; x_wconf 83' lang='lat' dir='ltr'><strong>nvo</strong></span> 
     </span>
     <span class='ocr_line' id='line_1_8' title="bbox 149 1215 1238 1310; baseline -0.002 -14"><span class='ocrx_word' id='word_1_45' title='bbox 149 1221 243 1310; x_wconf 82' lang='lat' dir='ltr'><strong>orsi,</strong></span> <span class='ocrx_word' id='word_1_46' title='bbox 269 1222 344 1298; x_wconf 85' lang='lat' dir='ltr'><strong>huo</strong></span> <span class='ocrx_word' id='word_1_47' title='bbox 360 1247 379 1296; x_wconf 87' lang='lat' dir='ltr'><strong>a</strong></span> <span class='ocrx_word' id='word_1_48' title='bbox 397 1219 587 1296; x_wconf 84' lang='lat' dir='ltr'>nonnullis</span> <span class='ocrx_word' id='word_1_49' title='bbox 609 1217 733 1295; x_wconf 82' lang='lat' dir='ltr'><strong>relutae</strong></span> <span class='ocrx_word' id='word_1_50' title='bbox 749 1229 856 1295; x_wconf 87' lang='lat' dir='ltr'><strong>sunt:</strong></span> <span class='ocrx_word' id='word_1_51' title='bbox 884 1215 948 1292; x_wconf 87' lang='lat' dir='ltr'><strong>sed</strong></span> <span class='ocrx_word' id='word_1_52' title='bbox 965 1216 1017 1291; x_wconf 91' lang='lat' dir='ltr'><strong>de</strong></span> <span class='ocrx_word' id='word_1_53' title='bbox 1032 1216 1170 1293; x_wconf 87' lang='lat' dir='ltr'><strong>harum</strong></span> <span class='ocrx_word' id='word_1_54' title='bbox 1184 1219 1238 1294; x_wconf 85' lang='lat' dir='ltr'><strong>vi-</strong></span> 
     </span>
     <span class='ocr_line' id='line_1_9' title="bbox 148 1334 569 1434; baseline -0.002 -26"><span class='ocrx_word' id='word_1_55' title='bbox 148 1334 249 1409; x_wconf 86' lang='lat' dir='ltr'><strong>ribus</strong></span> <span class='ocrx_word' id='word_1_56' title='bbox 265 1359 399 1434; x_wconf 88' lang='lat' dir='ltr'><strong>parum</strong></span> <span class='ocrx_word' id='word_1_57' title='bbox 416 1341 569 1409; x_wconf 84' lang='lat' dir='ltr'><strong>constat.</strong></span> 
     </span>
    </p>

    <p class='ocr_par' dir='ltr' id='par_1_3' title="bbox 142 1441 1234 2443">
     <span class='ocr_line' id='line_1_10' title="bbox 197 1441 1234 1543; baseline -0.004 -21"><span class='ocrx_word' id='word_1_58' title='bbox 197 1469 406 1524; x_wconf 81' lang='lat' dir='ltr'><strong>mccccnn.</strong></span> <span class='ocrx_word' id='word_1_59' title='bbox 434 1444 672 1522; x_wconf 82' lang='lat' dir='ltr'><strong>Stimulnntia</strong></span> <span class='ocrx_word' id='word_1_60' title='bbox 686 1443 858 1543; x_wconf 75' lang='lat' dir='ltr'><strong>quadam</strong></span> <span class='ocrx_word' id='word_1_61' title='bbox 883 1441 1165 1518; x_wconf 81' lang='lat' dir='ltr'><strong>medicamenta</strong></span> <span class='ocrx_word' id='word_1_62' title='bbox 1191 1467 1234 1519; x_wconf 88' lang='lat' dir='ltr'><strong>ex</strong></span> 
     </span>
     <span class='ocr_line' id='line_1_11' title="bbox 146 1554 1233 1657; baseline -0.002 -25"><span class='ocrx_word' id='word_1_63' title='bbox 146 1558 367 1634; x_wconf 80' lang='lat' dir='ltr'>animalibus</span> <span class='ocrx_word' id='word_1_64' title='bbox 392 1559 558 1634; x_wconf 85' lang='lat' dir='ltr'><strong>derivata</strong></span> <span class='ocrx_word' id='word_1_65' title='bbox 585 1555 798 1657; x_wconf 80' lang='lat' dir='ltr'><strong>millopcdoe,</strong></span> <span class='ocrx_word' id='word_1_66' title='bbox 832 1554 943 1632; x_wconf 73' lang='lat' dir='ltr'><strong>anche</strong></span> <span class='ocrx_word' id='word_1_67' title='bbox 979 1554 1233 1645; x_wconf 76' lang='lat' dir='ltr'><strong>oecicaton&#39;us,</strong></span> 
     </span>
     <span class='ocr_line' id='line_1_12' title="bbox 146 1670 1233 1768; baseline -0.001 -23"><span class='ocrx_word' id='word_1_68' title='bbox 146 1671 245 1745; x_wconf 86' lang='lat' dir='ltr'><strong>inter</strong></span> <span class='ocrx_word' id='word_1_69' title='bbox 272 1670 461 1747; x_wconf 82' lang='lat' dir='ltr'><strong>dioretica</strong></span> <span class='ocrx_word' id='word_1_70' title='bbox 479 1694 631 1768; x_wconf 86' lang='lat' dir='ltr'><strong>semper</strong></span> <span class='ocrx_word' id='word_1_71' title='bbox 655 1677 912 1754; x_wconf 88' lang='lat' dir='ltr'><strong>recensentur;</strong></span> <span class='ocrx_word' id='word_1_72' title='bbox 936 1678 978 1742; x_wconf 88' lang='lat' dir='ltr'><strong>et</strong></span> <span class='ocrx_word' id='word_1_73' title='bbox 1006 1680 1159 1743; x_wconf 87' lang='lat' dir='ltr'><strong>certum</strong></span> <span class='ocrx_word' id='word_1_74' title='bbox 1184 1680 1233 1744; x_wconf 83' lang='lat' dir='ltr'><strong>est</strong></span> 
     </span>
     <span class='ocr_line' id='line_1_13' title="bbox 146 1779 1229 1879; baseline -0.006 -19"><span class='ocrx_word' id='word_1_75' title='bbox 146 1782 285 1860; x_wconf 79' lang='lat' dir='ltr'><strong>nwlocn</strong></span> <span class='ocrx_word' id='word_1_76' title='bbox 301 1784 403 1859; x_wconf 85' lang='lat' dir='ltr'><strong>huno</strong></span> <span class='ocrx_word' id='word_1_77' title='bbox 430 1805 559 1857; x_wconf 85' lang='lat' dir='ltr'><strong>omnes</strong></span> <span class='ocrx_word' id='word_1_78' title='bbox 575 1783 651 1855; x_wconf 86' lang='lat' dir='ltr'><strong>fere</strong></span> <span class='ocrx_word' id='word_1_79' title='bbox 667 1790 787 1879; x_wconf 88' lang='lat' dir='ltr'><strong>partes</strong></span> <span class='ocrx_word' id='word_1_80' title='bbox 805 1805 889 1879; x_wconf 84' lang='lat' dir='ltr'><strong>quae</strong></span> <span class='ocrx_word' id='word_1_81' title='bbox 904 1779 1024 1857; x_wconf 83' lang='lat' dir='ltr'><strong>urinae</strong></span> <span class='ocrx_word' id='word_1_82' title='bbox 1044 1780 1229 1856; x_wconf 78' lang='lat' dir='ltr'><strong>secretiori</strong></span> 
     </span>
     <span class='ocr_line' id='line_1_14' title="bbox 145 1891 1228 1980; baseline -0.001 -10"><span class='ocrx_word' id='word_1_83' title='bbox 145 1904 185 1970; x_wconf 92' lang='lat' dir='ltr'><strong>et</strong></span> <span class='ocrx_word' id='word_1_84' title='bbox 201 1895 403 1970; x_wconf 83' lang='lat' dir='ltr'><strong>excretioni</strong></span> <span class='ocrx_word' id='word_1_85' title='bbox 416 1895 624 1969; x_wconf 87' lang='lat' dir='ltr'><strong>inserviunt</strong></span> <span class='ocrx_word' id='word_1_86' title='bbox 639 1893 815 1967; x_wconf 82' lang='lat' dir='ltr'><strong>acerrime</strong></span> <span class='ocrx_word' id='word_1_87' title='bbox 831 1891 1036 1980; x_wconf 87' lang='lat' dir='ltr'><strong>stimulare,</strong></span> <span class='ocrx_word' id='word_1_88' title='bbox 1064 1917 1143 1968; x_wconf 93' lang='lat' dir='ltr'><strong>non</strong></span> <span class='ocrx_word' id='word_1_89' title='bbox 1159 1896 1228 1969; x_wconf 84' lang='lat' dir='ltr'><strong>sine</strong></span> 
     </span>
     <span class='ocr_line' id='line_1_15' title="bbox 143 1997 1228 2105; baseline 0.002 -27"><span class='ocrx_word' id='word_1_90' title='bbox 143 2007 249 2105; x_wconf 86' lang='lat' dir='ltr'><strong>gravi</strong></span> <span class='ocrx_word' id='word_1_91' title='bbox 277 2006 527 2094; x_wconf 87' lang='lat' dir='ltr'><strong>incommodo,</strong></span> <span class='ocrx_word' id='word_1_92' title='bbox 552 2001 614 2079; x_wconf 86' lang='lat' dir='ltr'><strong>vel</strong></span> <span class='ocrx_word' id='word_1_93' title='bbox 642 2006 756 2080; x_wconf 88' lang='lat' dir='ltr'><strong>etiam</strong></span> <span class='ocrx_word' id='word_1_94' title='bbox 784 1997 959 2105; x_wconf 89' lang='lat' dir='ltr'><strong>periculo,</strong></span> <span class='ocrx_word' id='word_1_95' title='bbox 986 2005 1018 2079; x_wconf 84' lang='lat' dir='ltr'><strong>si</strong></span> <span class='ocrx_word' id='word_1_96' title='bbox 1050 2006 1228 2083; x_wconf 75' lang='lat' dir='ltr'><strong>incautius</strong></span> 
     </span>
     <span class='ocr_line' id='line_1_16' title="bbox 143 2116 1225 2216; baseline 0.005 -26"><span class='ocrx_word' id='word_1_97' title='bbox 143 2116 333 2193; x_wconf 82' lang='lat' dir='ltr'><strong>adhibitus</strong></span> <span class='ocrx_word' id='word_1_98' title='bbox 350 2116 471 2193; x_wconf 81' lang='lat' dir='ltr'><strong>frrerit</strong></span> <span class='ocrx_word' id='word_1_99' title='bbox 522 2117 775 2193; x_wconf 84' lang='lat' dir='ltr'><strong>Nihilominus</strong></span> <span class='ocrx_word' id='word_1_100' title='bbox 792 2142 880 2194; x_wconf 89' lang='lat' dir='ltr'><strong>vero</strong></span> <span class='ocrx_word' id='word_1_101' title='bbox 904 2116 1120 2216; x_wconf 87' lang='lat' dir='ltr'><strong>plurimum</strong></span> <span class='ocrx_word' id='word_1_102' title='bbox 1136 2121 1225 2195; x_wconf 74' lang='lat' dir='ltr'><strong>abes</strong></span> 
     </span>
     <span class='ocr_line' id='line_1_17' title="bbox 142 2230 1224 2319; baseline 0.006 -17"><span class='ocrx_word' id='word_1_103' title='bbox 142 2236 188 2303; x_wconf 91' lang='lat' dir='ltr'><strong>ut</strong></span> <span class='ocrx_word' id='word_1_104' title='bbox 220 2231 368 2305; x_wconf 89' lang='lat' dir='ltr'><strong>urinam</strong></span> <span class='ocrx_word' id='word_1_105' title='bbox 395 2230 591 2307; x_wconf 79' lang='lat' dir='ltr'><strong>effiaciter</strong></span> <span class='ocrx_word' id='word_1_106' title='bbox 620 2242 777 2319; x_wconf 88' lang='lat' dir='ltr'><strong>moveat,</strong></span> <span class='ocrx_word' id='word_1_107' title='bbox 801 2241 841 2306; x_wconf 91' lang='lat' dir='ltr'><strong>et</strong></span> <span class='ocrx_word' id='word_1_108' title='bbox 868 2230 954 2305; x_wconf 90' lang='lat' dir='ltr'><strong>ideo</strong></span> <span class='ocrx_word' id='word_1_109' title='bbox 979 2230 1058 2307; x_wconf 89' lang='lat' dir='ltr'><strong>boc</strong></span> <span class='ocrx_word' id='word_1_110' title='bbox 1084 2231 1224 2308; x_wconf 86' lang='lat' dir='ltr'><strong>consilio</strong></span> 
     </span>
     <span class='ocr_line' id='line_1_18' title="bbox 142 2343 461 2443; baseline 0.003 -26"><span class='ocrx_word' id='word_1_111' title='bbox 142 2365 224 2417; x_wconf 87' lang='lat' dir='ltr'><strong>raro</strong></span> <span class='ocrx_word' id='word_1_112' title='bbox 240 2343 461 2443; x_wconf 72' lang='lat' dir='ltr'><strong>praecipitur.</strong></span> 
     </span>
    </p>

    <p class='ocr_par' dir='ltr' id='par_1_4' title="bbox 124 2452 1222 4351">
     <span class='ocr_line' id='line_1_19' title="bbox 192 2452 1222 2544; baseline 0.003 -14"><span class='ocrx_word' id='word_1_113' title='bbox 192 2477 418 2535; x_wconf 78' lang='lat' dir='ltr'><strong>mccccnrn.</strong></span> <span class='ocrx_word' id='word_1_114' title='bbox 445 2455 629 2544; x_wconf 81' lang='lat' dir='ltr'><strong>Quamvis</strong></span> <span class='ocrx_word' id='word_1_115' title='bbox 645 2452 764 2531; x_wconf 84' lang='lat' dir='ltr'><strong>multu</strong></span> <span class='ocrx_word' id='word_1_116' title='bbox 790 2465 830 2529; x_wconf 90' lang='lat' dir='ltr'><strong>et</strong></span> <span class='ocrx_word' id='word_1_117' title='bbox 853 2454 941 2530; x_wconf 88' lang='lat' dir='ltr'><strong>satis</strong></span> <span class='ocrx_word' id='word_1_118' title='bbox 955 2457 1058 2532; x_wconf 80' lang='lat' dir='ltr'><strong>acria</strong></span> <span class='ocrx_word' id='word_1_119' title='bbox 1074 2458 1222 2533; x_wconf 73' lang='lat' dir='ltr'><strong>medim-</strong></span> 
     </span>
     <span class='ocr_line' id='line_1_20' title="bbox 140 2567 1222 2669; baseline 0 -27"><span class='ocrx_word' id='word_1_120' title='bbox 140 2579 270 2644; x_wconf 83' lang='lat' dir='ltr'><strong>menta</strong></span> <span class='ocrx_word' id='word_1_121' title='bbox 286 2567 515 2644; x_wconf 83' lang='lat' dir='ltr'><strong>stimulantia</strong></span> <span class='ocrx_word' id='word_1_122' title='bbox 539 2591 588 2642; x_wconf 86' lang='lat' dir='ltr'><strong>ex</strong></span> <span class='ocrx_word' id='word_1_123' title='bbox 617 2567 774 2644; x_wconf 83' lang='lat' dir='ltr'><strong>metallis</strong></span> <span class='ocrx_word' id='word_1_124' title='bbox 802 2568 1034 2656; x_wconf 86' lang='lat' dir='ltr'><strong>deriventur,</strong></span> <span class='ocrx_word' id='word_1_125' title='bbox 1062 2596 1147 2669; x_wconf 76' lang='lat' dir='ltr'><strong>quae</strong></span> <span class='ocrx_word' id='word_1_126' title='bbox 1161 2569 1222 2643; x_wconf 87' lang='lat' dir='ltr'><strong>for·</strong></span> 
     </span>
     <span class='ocr_line' id='line_1_21' title="bbox 141 2679 1221 2779; baseline 0 -25"><span class='ocrx_word' id='word_1_127' title='bbox 141 2689 236 2754; x_wconf 87' lang='lat' dir='ltr'><strong>tasse</strong></span> <span class='ocrx_word' id='word_1_128' title='bbox 264 2681 318 2754; x_wconf 82' lang='lat' dir='ltr'><strong>ita</strong></span> <span class='ocrx_word' id='word_1_129' title='bbox 345 2679 511 2754; x_wconf 84' lang='lat' dir='ltr'><strong>adhiberi</strong></span> <span class='ocrx_word' id='word_1_130' title='bbox 540 2691 690 2779; x_wconf 86' lang='lat' dir='ltr'><strong>possent</strong></span> <span class='ocrx_word' id='word_1_131' title='bbox 716 2688 761 2754; x_wconf 91' lang='lat' dir='ltr'><strong>ut</strong></span> <span class='ocrx_word' id='word_1_132' title='bbox 790 2679 937 2754; x_wconf 88' lang='lat' dir='ltr'><strong>urinam</strong></span> <span class='ocrx_word' id='word_1_133' title='bbox 964 2680 1120 2769; x_wconf 81' lang='lat' dir='ltr'><strong>cierent,</strong></span> <span class='ocrx_word' id='word_1_134' title='bbox 1145 2680 1221 2756; x_wconf 80' lang='lat' dir='ltr'><strong>talis</strong></span> 
     </span>
     <span class='ocr_line' id='line_1_22' title="bbox 139 2789 1217 2881; baseline 0.001 -17"><span class='ocrx_word' id='word_1_135' title='bbox 139 2789 409 2866; x_wconf 87' lang='lat' dir='ltr'><strong>medicamenta</strong></span> <span class='ocrx_word' id='word_1_136' title='bbox 441 2794 508 2866; x_wconf 83' lang='lat' dir='ltr'><strong>vix</strong></span> <span class='ocrx_word' id='word_1_137' title='bbox 536 2791 634 2869; x_wconf 84' lang='lat' dir='ltr'><strong>inter</strong></span> <span class='ocrx_word' id='word_1_138' title='bbox 661 2789 847 2868; x_wconf 59' lang='lat' dir='ltr'><strong>&amp;armico</strong></span> <span class='ocrx_word' id='word_1_139' title='bbox 876 2808 1154 2881; x_wconf 86' lang='lat' dir='ltr'><strong>enumerantur,</strong></span> <span class='ocrx_word' id='word_1_140' title='bbox 1182 2804 1217 2865; x_wconf 88' lang='lat' dir='ltr'><strong>et</strong></span> 
     </span>
     <span class='ocr_line' id='line_1_23' title="bbox 137 2904 1214 3002; baseline 0.001 -25"><span class='ocrx_word' id='word_1_141' title='bbox 137 2925 255 3002; x_wconf 86' lang='lat' dir='ltr'><strong>pauca</strong></span> <span class='ocrx_word' id='word_1_142' title='bbox 266 2904 455 2978; x_wconf 89' lang='lat' dir='ltr'><strong>eorumad</strong></span> <span class='ocrx_word' id='word_1_143' title='bbox 468 2906 693 2979; x_wconf 86' lang='lat' dir='ltr'><strong>movendam</strong></span> <span class='ocrx_word' id='word_1_144' title='bbox 705 2906 850 2979; x_wconf 74' lang='lat' dir='ltr'><strong>uunam</strong></span> <span class='ocrx_word' id='word_1_145' title='bbox 861 2905 1097 2984; x_wconf 87' lang='lat' dir='ltr'><strong>adhibentur.</strong></span> <span class='ocrx_word' id='word_1_146' title='bbox 1143 2905 1214 2978; x_wconf 81' lang='lat' dir='ltr'><strong>Ar-</strong></span> 
     </span>
     <span class='ocr_line' id='line_1_24' title="bbox 137 3014 1215 3116; baseline 0.003 -29"><span class='ocrx_word' id='word_1_147' title='bbox 137 3025 297 3112; x_wconf 86' lang='lat' dir='ltr'><strong>gentum</strong></span> <span class='ocrx_word' id='word_1_148' title='bbox 315 3040 404 3089; x_wconf 83' lang='lat' dir='ltr'><strong>vero</strong></span> <span class='ocrx_word' id='word_1_149' title='bbox 421 3017 553 3089; x_wconf 87' lang='lat' dir='ltr'><strong>vivum</strong></span> <span class='ocrx_word' id='word_1_150' title='bbox 582 3016 644 3091; x_wconf 90' lang='lat' dir='ltr'><strong>hic</strong></span> <span class='ocrx_word' id='word_1_151' title='bbox 670 3019 848 3093; x_wconf 88' lang='lat' dir='ltr'><strong>recenseri</strong></span> <span class='ocrx_word' id='word_1_152' title='bbox 864 3027 1002 3116; x_wconf 83' lang='lat' dir='ltr'><strong>potest,</strong></span> <span class='ocrx_word' id='word_1_153' title='bbox 1028 3042 1096 3095; x_wconf 89' lang='lat' dir='ltr'><strong>non</strong></span> <span class='ocrx_word' id='word_1_154' title='bbox 1111 3014 1215 3116; x_wconf 91' lang='lat' dir='ltr'><strong>quod</strong></span> 
     </span>
     <span class='ocr_line' id='line_1_25' title="bbox 136 3125 1218 3229; baseline 0.004 -30"><span class='ocrx_word' id='word_1_155' title='bbox 136 3125 214 3200; x_wconf 84' lang='lat' dir='ltr'><strong>vim</strong></span> <span class='ocrx_word' id='word_1_156' title='bbox 231 3125 346 3200; x_wconf 82' lang='lat' dir='ltr'><strong>rdiam</strong></span> <span class='ocrx_word' id='word_1_157' title='bbox 364 3126 558 3226; x_wconf 84' lang='lat' dir='ltr'><strong>specialem</strong></span> <span class='ocrx_word' id='word_1_158' title='bbox 575 3127 708 3204; x_wconf 84' lang='lat' dir='ltr'><strong>habeut</strong></span> <span class='ocrx_word' id='word_1_159' title='bbox 732 3153 836 3205; x_wconf 83' lang='lat' dir='ltr'><strong>renes</strong></span> <span class='ocrx_word' id='word_1_160' title='bbox 853 3130 1039 3220; x_wconf 77' lang='lat' dir='ltr'><strong>irritandi,</strong></span> <span class='ocrx_word' id='word_1_161' title='bbox 1053 3129 1116 3206; x_wconf 89' lang='lat' dir='ltr'><strong>sed</strong></span> <span class='ocrx_word' id='word_1_162' title='bbox 1130 3128 1218 3229; x_wconf 82' lang='lat' dir='ltr'><strong>quia</strong></span> 
     </span>
     <span class='ocr_line' id='line_1_26' title="bbox 135 3236 1220 3342; baseline 0.003 -29"><span class='ocrx_word' id='word_1_163' title='bbox 135 3237 334 3314; x_wconf 83' lang='lat' dir='ltr'><strong>stimulatis</strong></span> <span class='ocrx_word' id='word_1_164' title='bbox 351 3240 446 3314; x_wconf 85' lang='lat' dir='ltr'><strong>vasis</strong></span> <span class='ocrx_word' id='word_1_165' title='bbox 471 3236 707 3339; x_wconf 75' lang='lat' dir='ltr'><strong>lymphaticis</strong></span> <span class='ocrx_word' id='word_1_166' title='bbox 730 3242 845 3317; x_wconf 88' lang='lat' dir='ltr'><strong>efficit</strong></span> <span class='ocrx_word' id='word_1_167' title='bbox 871 3253 916 3317; x_wconf 89' lang='lat' dir='ltr'><strong>ut</strong></span> <span class='ocrx_word' id='word_1_168' title='bbox 942 3241 1034 3342; x_wconf 85' lang='lat' dir='ltr'><strong>plus</strong></span> <span class='ocrx_word' id='word_1_169' title='bbox 1059 3242 1220 3319; x_wconf 80' lang='lat' dir='ltr'><strong>humoris</strong></span> 
     </span>
     <span class='ocr_line' id='line_1_27' title="bbox 136 3352 1219 3456; baseline 0.013 -31"><span class='ocrx_word' id='word_1_170' title='bbox 136 3352 260 3426; x_wconf 83' lang='lat' dir='ltr'><strong>tenuis</strong></span> <span class='ocrx_word' id='word_1_171' title='bbox 276 3375 344 3451; x_wconf 88' lang='lat' dir='ltr'><strong>per</strong></span> <span class='ocrx_word' id='word_1_172' title='bbox 366 3376 409 3427; x_wconf 85' lang='lat' dir='ltr'><strong>ea</strong></span> <span class='ocrx_word' id='word_1_173' title='bbox 436 3352 674 3441; x_wconf 84' lang='lat' dir='ltr'><strong>resorbentur,</strong></span> <span class='ocrx_word' id='word_1_174' title='bbox 700 3365 740 3430; x_wconf 92' lang='lat' dir='ltr'><strong>et</strong></span> <span class='ocrx_word' id='word_1_175' title='bbox 766 3355 807 3431; x_wconf 94' lang='lat' dir='ltr'><strong>in</strong></span> <span class='ocrx_word' id='word_1_176' title='bbox 836 3357 1059 3456; x_wconf 83' lang='lat' dir='ltr'><strong>sanguinem</strong></span> <span class='ocrx_word' id='word_1_177' title='bbox 1091 3357 1219 3439; x_wconf 63' lang='lat' dir='ltr'><strong>veniat</strong></span> 
     </span>
     <span class='ocr_line' id='line_1_28' title="bbox 133 3464 1219 3568; baseline 0.008 -33"><span class='ocrx_word' id='word_1_178' title='bbox 133 3485 220 3536; x_wconf 88' lang='lat' dir='ltr'><strong>cum</strong></span> <span class='ocrx_word' id='word_1_179' title='bbox 250 3488 295 3539; x_wconf 87' lang='lat' dir='ltr'><strong>eo</strong></span> <span class='ocrx_word' id='word_1_180' title='bbox 318 3464 366 3539; x_wconf 83' lang='lat' dir='ltr'><strong>ad</strong></span> <span class='ocrx_word' id='word_1_181' title='bbox 390 3488 495 3540; x_wconf 86' lang='lat' dir='ltr'><strong>renes</strong></span> <span class='ocrx_word' id='word_1_182' title='bbox 510 3465 709 3543; x_wconf 81' lang='lat' dir='ltr'><strong>deferendi.</strong></span> <span class='ocrx_word' id='word_1_183' title='bbox 761 3468 945 3541; x_wconf 81' lang='lat' dir='ltr'><strong>Praeterea</strong></span> <span class='ocrx_word' id='word_1_184' title='bbox 970 3470 1046 3543; x_wconf 91' lang='lat' dir='ltr'><strong>toti</strong></span> <span class='ocrx_word' id='word_1_185' title='bbox 1072 3466 1219 3568; x_wconf 81' lang='lat' dir='ltr'><strong>corpori.</strong></span> 
     </span>
     <span class='ocr_line' id='line_1_29' title="bbox 131 3574 1217 3678; baseline 0.009 -32"><span class='ocrx_word' id='word_1_186' title='bbox 131 3574 381 3675; x_wconf 87' lang='lat' dir='ltr'><strong>omnibusque</strong></span> <span class='ocrx_word' id='word_1_187' title='bbox 391 3579 592 3676; x_wconf 75' lang='lat' dir='ltr'><strong>praesertim</strong></span> <span class='ocrx_word' id='word_1_188' title='bbox 604 3580 770 3678; x_wconf 88' lang='lat' dir='ltr'><strong>partibus</strong></span> <span class='ocrx_word' id='word_1_189' title='bbox 780 3581 1059 3662; x_wconf 85' lang='lat' dir='ltr'><strong>secerneutibus</strong></span> <span class='ocrx_word' id='word_1_190' title='bbox 1070 3579 1217 3657; x_wconf 82' lang='lat' dir='ltr'><strong>stimub</strong></span> 
     </span>
     <span class='ocr_line' id='line_1_30' title="bbox 131 3688 1217 3792; baseline 0.008 -32"><span class='ocrx_word' id='word_1_191' title='bbox 131 3697 197 3774; x_wconf 87' lang='lat' dir='ltr'><strong>est,</strong></span> <span class='ocrx_word' id='word_1_192' title='bbox 223 3688 290 3786; x_wconf 94' lang='lat' dir='ltr'><strong>qui</strong></span> <span class='ocrx_word' id='word_1_193' title='bbox 319 3688 370 3763; x_wconf 87' lang='lat' dir='ltr'><strong>ita</strong></span> <span class='ocrx_word' id='word_1_194' title='bbox 400 3691 512 3791; x_wconf 86' lang='lat' dir='ltr'><strong>dirigi</strong></span> <span class='ocrx_word' id='word_1_195' title='bbox 540 3701 664 3791; x_wconf 86' lang='lat' dir='ltr'><strong>queat,</strong></span> <span class='ocrx_word' id='word_1_196' title='bbox 689 3703 735 3766; x_wconf 91' lang='lat' dir='ltr'><strong>ut</strong></span> <span class='ocrx_word' id='word_1_197' title='bbox 762 3692 941 3792; x_wconf 81' lang='lat' dir='ltr'><strong>quasdam</strong></span> <span class='ocrx_word' id='word_1_198' title='bbox 971 3717 1055 3792; x_wconf 83' lang='lat' dir='ltr'><strong>prae</strong></span> <span class='ocrx_word' id='word_1_199' title='bbox 1084 3693 1217 3769; x_wconf 74' lang='lat' dir='ltr'><strong>coeteris</strong></span> 
     </span>
     <span class='ocr_line' id='line_1_31' title="bbox 130 3799 1216 3904; baseline 0.006 -32"><span class='ocrx_word' id='word_1_200' title='bbox 130 3799 278 3875; x_wconf 86' lang='lat' dir='ltr'><strong>excitet.</strong></span> <span class='ocrx_word' id='word_1_201' title='bbox 329 3801 432 3876; x_wconf 85' lang='lat' dir='ltr'><strong>Raro</strong></span> <span class='ocrx_word' id='word_1_202' title='bbox 448 3802 602 3902; x_wconf 90' lang='lat' dir='ltr'><strong>quidem</strong></span> <span class='ocrx_word' id='word_1_203' title='bbox 618 3812 658 3878; x_wconf 94' lang='lat' dir='ltr'><strong>et</strong></span> <span class='ocrx_word' id='word_1_204' title='bbox 672 3827 792 3902; x_wconf 76' lang='lat' dir='ltr'><strong>parce,</strong></span> <span class='ocrx_word' id='word_1_205' title='bbox 817 3813 861 3879; x_wconf 90' lang='lat' dir='ltr'><strong>ut</strong></span> <span class='ocrx_word' id='word_1_206' title='bbox 886 3802 1008 3904; x_wconf 80' lang='lat' dir='ltr'><strong>vulgo</strong></span> <span class='ocrx_word' id='word_1_207' title='bbox 1038 3806 1140 3881; x_wconf 81' lang='lat' dir='ltr'><strong>solet</strong></span> <span class='ocrx_word' id='word_1_208' title='bbox 1163 3804 1216 3879; x_wconf 82' lang='lat' dir='ltr'><strong>ad</strong></span> 
     </span>
     <span class='ocr_line' id='line_1_32' title="bbox 128 3909 1216 4013; baseline 0.003 -29"><span class='ocrx_word' id='word_1_209' title='bbox 128 3909 258 3999; x_wconf 88' lang='lat' dir='ltr'><strong>hiberi,</strong></span> <span class='ocrx_word' id='word_1_210' title='bbox 283 3913 429 3989; x_wconf 85' lang='lat' dir='ltr'><strong>urinam</strong></span> <span class='ocrx_word' id='word_1_211' title='bbox 459 3924 607 4001; x_wconf 88' lang='lat' dir='ltr'><strong>movet;</strong></span> <span class='ocrx_word' id='word_1_212' title='bbox 644 3914 750 4013; x_wconf 87' lang='lat' dir='ltr'><strong>cujus</strong></span> <span class='ocrx_word' id='word_1_213' title='bbox 779 3915 833 3990; x_wconf 90' lang='lat' dir='ltr'><strong>rei</strong></span> <span class='ocrx_word' id='word_1_214' title='bbox 862 3938 938 3990; x_wconf 93' lang='lat' dir='ltr'><strong>non</strong></span> <span class='ocrx_word' id='word_1_215' title='bbox 967 3916 1043 3991; x_wconf 84' lang='lat' dir='ltr'><strong>ulia</strong></span> <span class='ocrx_word' id='word_1_216' title='bbox 1076 3920 1216 3994; x_wconf 81' lang='lat' dir='ltr'><strong>videtur</strong></span> 
     </span>
     <span class='ocr_line' id='line_1_33' title="bbox 126 4022 1214 4126; baseline 0.006 -30"><span class='ocrx_word' id='word_1_217' title='bbox 126 4044 205 4096; x_wconf 86' lang='lat' dir='ltr'><strong>esse</strong></span> <span class='ocrx_word' id='word_1_218' title='bbox 221 4022 324 4112; x_wconf 91' lang='lat' dir='ltr'><strong>ratio,</strong></span> <span class='ocrx_word' id='word_1_219' title='bbox 350 4051 464 4124; x_wconf 90' lang='lat' dir='ltr'><strong>quam</strong></span> <span class='ocrx_word' id='word_1_220' title='bbox 481 4027 584 4126; x_wconf 93' lang='lat' dir='ltr'><strong>quod</strong></span> <span class='ocrx_word' id='word_1_221' title='bbox 601 4051 731 4102; x_wconf 84' lang='lat' dir='ltr'><strong>omnes</strong></span> <span class='ocrx_word' id='word_1_222' title='bbox 759 4027 836 4103; x_wconf 82' lang='lat' dir='ltr'><strong>fere</strong></span> <span class='ocrx_word' id='word_1_223' title='bbox 860 4028 928 4125; x_wconf 91' lang='lat' dir='ltr'><strong>qui</strong></span> <span class='ocrx_word' id='word_1_224' title='bbox 958 4026 1027 4103; x_wconf 86' lang='lat' dir='ltr'><strong>ilio</strong></span> <span class='ocrx_word' id='word_1_225' title='bbox 1057 4042 1214 4107; x_wconf 84' lang='lat' dir='ltr'><strong>utuntur</strong></span> 
     </span>
     <span class='ocr_line' id='line_1_34' title="bbox 125 4136 1213 4243; baseline 0.011 -36"><span class='ocrx_word' id='word_1_226' title='bbox 125 4144 258 4231; x_wconf 85' lang='lat' dir='ltr'><strong>praeter</strong></span> <span class='ocrx_word' id='word_1_227' title='bbox 273 4136 424 4210; x_wconf 88' lang='lat' dir='ltr'><strong>solitum</strong></span> <span class='ocrx_word' id='word_1_228' title='bbox 450 4138 558 4213; x_wconf 81' lang='lat' dir='ltr'><strong>calidi</strong></span> <span class='ocrx_word' id='word_1_229' title='bbox 584 4150 788 4224; x_wconf 88' lang='lat' dir='ltr'><strong>servantur,</strong></span> <span class='ocrx_word' id='word_1_230' title='bbox 813 4138 874 4213; x_wconf 83' lang='lat' dir='ltr'><strong>vel</strong></span> <span class='ocrx_word' id='word_1_231' title='bbox 889 4138 1023 4215; x_wconf 80' lang='lat' dir='ltr'><strong>saitem</strong></span> <span class='ocrx_word' id='word_1_232' title='bbox 1042 4167 1067 4216; x_wconf 88' lang='lat' dir='ltr'><strong>a</strong></span> <span class='ocrx_word' id='word_1_233' title='bbox 1086 4143 1213 4243; x_wconf 75' lang='lat' dir='ltr'><strong>frigore</strong></span> 
     </span>
     <span class='ocr_line' id='line_1_35' title="bbox 124 4244 1212 4351; baseline 0.008 -30"><span class='ocrx_word' id='word_1_234' title='bbox 124 4244 185 4321; x_wconf 83' lang='lat' dir='ltr'><strong>vel</strong></span> <span class='ocrx_word' id='word_1_235' title='bbox 213 4244 399 4327; x_wconf 84' lang='lat' dir='ltr'><strong>levissimo</strong></span> <span class='ocrx_word' id='word_1_236' title='bbox 423 4249 623 4351; x_wconf 90' lang='lat' dir='ltr'><strong>diligenter</strong></span> <span class='ocrx_word' id='word_1_237' title='bbox 637 4251 902 4329; x_wconf 81' lang='lat' dir='ltr'><strong>defenduntur.</strong></span> <span class='ocrx_word' id='word_1_238' title='bbox 953 4252 1081 4342; x_wconf 83' lang='lat' dir='ltr'><strong>Quod</strong></span> <span class='ocrx_word' id='word_1_239' title='bbox 1097 4257 1132 4333; x_wconf 81' lang='lat' dir='ltr'><strong>si</strong></span> <span class='ocrx_word' id='word_1_240' title='bbox 1147 4276 1212 4330; x_wconf 79' lang='lat' dir='ltr'><strong>ur·</strong></span> 
     </span>
    </p>
   </div>
   <div class='ocr_carea' id='block_1_3' title="bbox 0 0 1352 4792">
    <p class='ocr_par' dir='ltr' id='par_1_5' title="bbox 0 0 1352 4792">
     <span class='ocr_line' id='line_1_36' title="bbox 0 0 1352 4792; baseline 0 8"><span class='ocrx_word' id='word_1_241' title='bbox 0 0 1352 4792; x_wconf 95' lang='lat' dir='ltr'><strong> </strong></span> 
     </span>
    </p>
   </div>
  </div>
 </body>
</html>
