<?xml version="1.0" encoding="UTF-8"?>
<!DOCTYPE html PUBLIC "-//W3C//DTD XHTML 1.0 Transitional//EN"
    "http://www.w3.org/TR/xhtml1/DTD/xhtml1-transitional.dtd">
<html xmlns="http://www.w3.org/1999/xhtml" xml:lang="en" lang="en">
 <head>
  <title>
</title>
<meta http-equiv="Content-Type" content="text/html;charset=utf-8" />
  <meta name='ocr-system' content='tesseract 3.04.00' />
  <meta name='ocr-capabilities' content='ocr_page ocr_carea ocr_par ocr_line ocrx_word'/>
</head>
<body>
  <div class='ocr_page' id='page_1' title='image "./conspectusmedic01greggoog_0613.png"; bbox 0 0 2678 4794; ppageno 0'>
   <div class='ocr_carea' id='block_1_1' title="bbox 137 384 1213 464">
    <p class='ocr_par' dir='ltr' id='par_1_1' title="bbox 137 384 1213 464">
     <span class='ocr_line' id='line_1_1' title="bbox 137 384 1213 464; baseline -0.002 0"><span class='ocrx_word' id='word_1_1' title='bbox 137 406 227 464; x_wconf 81' lang='lat' dir='ltr'><strong>car.</strong></span> <span class='ocrx_word' id='word_1_2' title='bbox 243 405 329 464; x_wconf 79' lang='lat' dir='ltr'><strong>xrs</strong></span> <span class='ocrx_word' id='word_1_3' title='bbox 411 401 633 463; x_wconf 70' lang='lat' dir='ltr'><strong>nnmerum</strong></span> <span class='ocrx_word' id='word_1_4' title='bbox 650 400 940 461; x_wconf 74' lang='lat' dir='ltr'><strong>mosrrrcm.</strong></span> <span class='ocrx_word' id='word_1_5' title='bbox 1140 384 1213 462; x_wconf 70' lang='lat'><strong>565</strong></span> 
     </span>
    </p>
   </div>
   <div class='ocr_carea' id='block_1_2' title="bbox 122 578 1314 4392">
    <p class='ocr_par' dir='ltr' id='par_1_2' title="bbox 129 578 1211 797">
     <span class='ocr_line' id='line_1_2' title="bbox 129 578 1211 687; baseline -0.002 -26"><span class='ocrx_word' id='word_1_6' title='bbox 129 585 211 661; x_wconf 83' lang='lat' dir='ltr'><strong>hoeo</strong></span> <span class='ocrx_word' id='word_1_7' title='bbox 226 583 347 661; x_wconf 82' lang='lat' dir='ltr'><strong>ulcera</strong></span> <span class='ocrx_word' id='word_1_8' title='bbox 363 582 495 673; x_wconf 85' lang='lat' dir='ltr'><strong>delato.</strong></span> <span class='ocrx_word' id='word_1_9' title='bbox 511 581 572 687; x_wconf 83' lang='lat' dir='ltr'><strong>vel</strong></span> <span class='ocrx_word' id='word_1_10' title='bbox 587 605 654 684; x_wconf 87' lang='lat' dir='ltr'><strong>per</strong></span> <span class='ocrx_word' id='word_1_11' title='bbox 669 580 784 658; x_wconf 86' lang='lat' dir='ltr'><strong>telam</strong></span> <span class='ocrx_word' id='word_1_12' title='bbox 805 578 1036 657; x_wconf 75' lang='lat' dir='ltr'><strong>reticulatam</strong></span> <span class='ocrx_word' id='word_1_13' title='bbox 1051 602 1098 656; x_wconf 94' lang='lat' dir='ltr'><strong>eo</strong></span> <span class='ocrx_word' id='word_1_14' title='bbox 1112 580 1211 659; x_wconf 85' lang='lat' dir='ltr'><strong>viam</strong></span> 
     </span>
     <span class='ocr_line' id='line_1_3' title="bbox 131 696 490 797; baseline -0.003 -24"><span class='ocrx_word' id='word_1_15' title='bbox 131 699 278 773; x_wconf 88' lang='lat' dir='ltr'><strong>sibimet</strong></span> <span class='ocrx_word' id='word_1_16' title='bbox 294 696 490 797; x_wconf 85' lang='lat' dir='ltr'><strong>aperiente.</strong></span> 
     </span>
    </p>

    <p class='ocr_par' dir='ltr' id='par_1_3' title="bbox 124 807 1314 2358">
     <span class='ocr_line' id='line_1_4' title="bbox 182 807 1211 907; baseline -0.002 -20"><span class='ocrx_word' id='word_1_17' title='bbox 182 831 361 887; x_wconf 75' lang='lat' dir='ltr'><strong>uncum.</strong></span> <span class='ocrx_word' id='word_1_18' title='bbox 386 811 429 885; x_wconf 88' lang='lat' dir='ltr'>A</span> <span class='ocrx_word' id='word_1_19' title='bbox 453 819 620 907; x_wconf 87' lang='lat' dir='ltr'><strong>tempore</strong></span> <span class='ocrx_word' id='word_1_20' title='bbox 634 808 825 888; x_wconf 79' lang='lat' dir='ltr'><strong>Herculis</strong></span> <span class='ocrx_word' id='word_1_21' title='bbox 850 807 1031 887; x_wconf 70' lang='lat' dir='ltr'><strong>Sasoniae</strong></span> <span class='ocrx_word' id='word_1_22' title='bbox 1054 808 1101 882; x_wconf 86' lang='lat' dir='ltr'><strong>sd</strong></span> <span class='ocrx_word' id='word_1_23' title='bbox 1129 831 1211 885; x_wconf 88' lang='lat' dir='ltr'><strong>nos-</strong></span> 
     </span>
     <span class='ocr_line' id='line_1_5' title="bbox 130 918 1211 1024; baseline -0.001 -26"><span class='ocrx_word' id='word_1_24' title='bbox 130 931 232 998; x_wconf 91' lang='lat' dir='ltr'><strong>trum</strong></span> <span class='ocrx_word' id='word_1_25' title='bbox 256 947 388 1024; x_wconf 86' lang='lat' dir='ltr'><strong>usque,</strong></span> <span class='ocrx_word' id='word_1_26' title='bbox 412 918 524 996; x_wconf 90' lang='lat' dir='ltr'><strong>multi</strong></span> <span class='ocrx_word' id='word_1_27' title='bbox 553 922 699 1012; x_wconf 83' lang='lat' dir='ltr'><strong>medici,</strong></span> <span class='ocrx_word' id='word_1_28' title='bbox 723 933 763 1000; x_wconf 88' lang='lat' dir='ltr'><strong>et</strong></span> <span class='ocrx_word' id='word_1_29' title='bbox 783 923 984 1024; x_wconf 78' lang='lat' dir='ltr'><strong>praesertim</strong></span> <span class='ocrx_word' id='word_1_30' title='bbox 1008 921 1211 998; x_wconf 81' lang='lat' dir='ltr'><strong>Iatromo·</strong></span> 
     </span>
     <span class='ocr_line' id='line_1_6' title="bbox 128 1034 1211 1143; baseline -0.003 -31"><span class='ocrx_word' id='word_1_31' title='bbox 128 1034 327 1123; x_wconf 76' lang='lat' dir='ltr'><strong>theosotioi,</strong></span> <span class='ocrx_word' id='word_1_32' title='bbox 343 1046 383 1111; x_wconf 89' lang='lat' dir='ltr'><strong>et</strong></span> <span class='ocrx_word' id='word_1_33' title='bbox 398 1057 586 1134; x_wconf 80' lang='lat' dir='ltr'><strong>nusquam</strong></span> <span class='ocrx_word' id='word_1_34' title='bbox 601 1037 719 1143; x_wconf 76' lang='lat' dir='ltr'><strong>magis</strong></span> <span class='ocrx_word' id='word_1_35' title='bbox 735 1061 850 1138; x_wconf 80' lang='lat' dir='ltr'><strong>quam</strong></span> <span class='ocrx_word' id='word_1_36' title='bbox 866 1038 906 1112; x_wconf 92' lang='lat' dir='ltr'><strong>in</strong></span> <span class='ocrx_word' id='word_1_37' title='bbox 920 1035 1113 1112; x_wconf 83' lang='lat' dir='ltr'><strong>Britannia</strong></span> <span class='ocrx_word' id='word_1_38' title='bbox 1128 1058 1211 1113; x_wconf 86' lang='lat' dir='ltr'><strong>nos-</strong></span> 
     </span>
     <span class='ocr_line' id='line_1_7' title="bbox 127 1146 1211 1247; baseline -0.002 -25"><span class='ocrx_word' id='word_1_39' title='bbox 127 1158 196 1237; x_wconf 88' lang='lat' dir='ltr'><strong>tra,</strong></span> <span class='ocrx_word' id='word_1_40' title='bbox 223 1149 263 1222; x_wconf 94' lang='lat' dir='ltr'><strong>in</strong></span> <span class='ocrx_word' id='word_1_41' title='bbox 292 1148 477 1247; x_wconf 89' lang='lat' dir='ltr'><strong>plerisque</strong></span> <span class='ocrx_word' id='word_1_42' title='bbox 508 1146 672 1222; x_wconf 82' lang='lat' dir='ltr'><strong>febribus</strong></span> <span class='ocrx_word' id='word_1_43' title='bbox 700 1149 921 1229; x_wconf 78' lang='lat' dir='ltr'><strong>uesieotors‘a</strong></span> <span class='ocrx_word' id='word_1_44' title='bbox 942 1148 1211 1243; x_wconf 80' lang='lat' dir='ltr'><strong>adhibuerunt,</strong></span> 
     </span>
     <span class='ocr_line' id='line_1_8' title="bbox 128 1259 1211 1360; baseline 0.002 -27"><span class='ocrx_word' id='word_1_45' title='bbox 128 1260 274 1360; x_wconf 78' lang='lat' dir='ltr'><strong>sibique</strong></span> <span class='ocrx_word' id='word_1_46' title='bbox 302 1270 343 1335; x_wconf 87' lang='lat' dir='ltr'><strong>et</strong></span> <span class='ocrx_word' id='word_1_47' title='bbox 370 1259 510 1360; x_wconf 92' lang='lat' dir='ltr'><strong>populo</strong></span> <span class='ocrx_word' id='word_1_48' title='bbox 537 1270 798 1360; x_wconf 84' lang='lat' dir='ltr'><strong>persuaserunt</strong></span> <span class='ocrx_word' id='word_1_49' title='bbox 823 1287 867 1339; x_wconf 84' lang='lat' dir='ltr'><strong>es</strong></span> <span class='ocrx_word' id='word_1_50' title='bbox 892 1263 1067 1338; x_wconf 84' lang='lat' dir='ltr'><strong>adversus</strong></span> <span class='ocrx_word' id='word_1_51' title='bbox 1093 1259 1211 1335; x_wconf 78' lang='lat' dir='ltr'><strong>febres</strong></span> 
     </span>
     <span class='ocr_line' id='line_1_9' title="bbox 126 1370 1211 1473; baseline 0.004 -26"><span class='ocrx_word' id='word_1_52' title='bbox 126 1373 323 1472; x_wconf 87' lang='lat' dir='ltr'><strong>insigniter</strong></span> <span class='ocrx_word' id='word_1_53' title='bbox 338 1373 471 1462; x_wconf 87' lang='lat' dir='ltr'><strong>valere,</strong></span> <span class='ocrx_word' id='word_1_54' title='bbox 495 1370 682 1473; x_wconf 86' lang='lat' dir='ltr'><strong>variisque</strong></span> <span class='ocrx_word' id='word_1_55' title='bbox 698 1374 821 1449; x_wconf 88' lang='lat' dir='ltr'><strong>modis</strong></span> <span class='ocrx_word' id='word_1_56' title='bbox 848 1375 944 1449; x_wconf 79' lang='lat' dir='ltr'><strong>tanti</strong></span> <span class='ocrx_word' id='word_1_57' title='bbox 972 1372 1141 1449; x_wconf 86' lang='lat' dir='ltr'><strong>beneficii</strong></span> <span class='ocrx_word' id='word_1_58' title='bbox 1158 1395 1211 1451; x_wconf 78' lang='lat' dir='ltr'><strong>ra·</strong></span> 
     </span>
     <span class='ocr_line' id='line_1_10' title="bbox 125 1484 1210 1586; baseline -0.002 -26"><span class='ocrx_word' id='word_1_59' title='bbox 125 1484 267 1560; x_wconf 91' lang='lat' dir='ltr'><strong>tionem</strong></span> <span class='ocrx_word' id='word_1_60' title='bbox 284 1486 437 1560; x_wconf 82' lang='lat' dir='ltr'><strong>reddere</strong></span> <span class='ocrx_word' id='word_1_61' title='bbox 450 1486 572 1562; x_wconf 83' lang='lat' dir='ltr'><strong>eonati</strong></span> <span class='ocrx_word' id='word_1_62' title='bbox 581 1496 692 1575; x_wconf 87' lang='lat' dir='ltr'><strong>sunt;</strong></span> <span class='ocrx_word' id='word_1_63' title='bbox 718 1486 820 1586; x_wconf 93' lang='lat' dir='ltr'><strong>quod</strong></span> <span class='ocrx_word' id='word_1_64' title='bbox 836 1485 911 1575; x_wconf 88' lang='lat' dir='ltr'><strong>alii,</strong></span> <span class='ocrx_word' id='word_1_65' title='bbox 927 1486 1099 1561; x_wconf 80' lang='lat' dir='ltr'><strong>detraetae</strong></span> <span class='ocrx_word' id='word_1_66' title='bbox 1114 1508 1210 1558; x_wconf 89' lang='lat' dir='ltr'><strong>mor·</strong></span> 
     </span>
     <span class='ocr_line' id='line_1_11' title="bbox 125 1594 1212 1698; baseline -0.004 -25"><span class='ocrx_word' id='word_1_67' title='bbox 125 1597 223 1673; x_wconf 85' lang='lat' dir='ltr'><strong>bosae</strong></span> <span class='ocrx_word' id='word_1_68' title='bbox 239 1598 441 1673; x_wconf 89' lang='lat' dir='ltr'><strong>humorum</strong></span> <span class='ocrx_word' id='word_1_69' title='bbox 465 1599 562 1698; x_wconf 87' lang='lat' dir='ltr'><strong>parti</strong></span> <span class='ocrx_word' id='word_1_70' title='bbox 588 1598 880 1697; x_wconf 80' lang='lat' dir='ltr'><strong>(mcccxxxrx),</strong></span> <span class='ocrx_word' id='word_1_71' title='bbox 909 1597 983 1680; x_wconf 80' lang='lat' dir='ltr'><strong>alii,</strong></span> <span class='ocrx_word' id='word_1_72' title='bbox 1008 1620 1118 1671; x_wconf 90' lang='lat' dir='ltr'><strong>merae</strong></span> <span class='ocrx_word' id='word_1_73' title='bbox 1133 1594 1212 1670; x_wconf 85' lang='lat' dir='ltr'><strong>exi·</strong></span> 
     </span>
     <span class='ocr_line' id='line_1_12' title="bbox 124 1706 1210 1813; baseline -0.003 -29"><span class='ocrx_word' id='word_1_74' title='bbox 124 1711 317 1799; x_wconf 81' lang='lat' dir='ltr'><strong>nouitioni,</strong></span> <span class='ocrx_word' id='word_1_75' title='bbox 342 1710 415 1799; x_wconf 86' lang='lat' dir='ltr'><strong>alii,</strong></span> <span class='ocrx_word' id='word_1_76' title='bbox 432 1710 586 1787; x_wconf 87' lang='lat' dir='ltr'><strong>stimulo</strong></span> <span class='ocrx_word' id='word_1_77' title='bbox 597 1735 712 1811; x_wconf 90' lang='lat' dir='ltr'><strong>quern</strong></span> <span class='ocrx_word' id='word_1_78' title='bbox 729 1711 872 1813; x_wconf 80' lang='lat' dir='ltr'><strong>corpori</strong></span> <span class='ocrx_word' id='word_1_79' title='bbox 888 1710 1120 1810; x_wconf 86' lang='lat' dir='ltr'><strong>impertiunt,</strong></span> <span class='ocrx_word' id='word_1_80' title='bbox 1136 1706 1210 1794; x_wconf 79' lang='lat' dir='ltr'><strong>atii.</strong></span> 
     </span>
     <span class='ocr_line' id='line_1_13' title="bbox 124 1819 1212 1923; baseline -0.001 -27"><span class='ocrx_word' id='word_1_81' title='bbox 124 1823 297 1922; x_wconf 80' lang='lat' dir='ltr'><strong>sanguini</strong></span> <span class='ocrx_word' id='word_1_82' title='bbox 312 1835 422 1898; x_wconf 89' lang='lat' dir='ltr'><strong>antea</strong></span> <span class='ocrx_word' id='word_1_83' title='bbox 437 1824 550 1898; x_wconf 87' lang='lat' dir='ltr'><strong>nimis</strong></span> <span class='ocrx_word' id='word_1_84' title='bbox 564 1824 692 1922; x_wconf 88' lang='lat' dir='ltr'><strong>spisso,</strong></span> <span class='ocrx_word' id='word_1_85' title='bbox 713 1847 781 1923; x_wconf 88' lang='lat' dir='ltr'><strong>per</strong></span> <span class='ocrx_word' id='word_1_86' title='bbox 795 1821 936 1900; x_wconf 71' lang='lat' dir='ltr'><strong>melodo</strong></span> <span class='ocrx_word' id='word_1_87' title='bbox 952 1819 1212 1898; x_wconf 62' lang='lat' dir='ltr'><strong>vescantur</strong></span> 
     </span>
     <span class='ocr_line' id='line_1_14' title="bbox 125 1932 1211 2023; baseline -0.002 -15"><span class='ocrx_word' id='word_1_88' title='bbox 125 1935 166 2008; x_wconf 92' lang='lat' dir='ltr'><strong>in</strong></span> <span class='ocrx_word' id='word_1_89' title='bbox 183 1935 292 2008; x_wconf 92' lang='lat' dir='ltr'><strong>illum</strong></span> <span class='ocrx_word' id='word_1_90' title='bbox 308 1935 475 2014; x_wconf 86' lang='lat' dir='ltr'><strong>delatum</strong></span> <span class='ocrx_word' id='word_1_91' title='bbox 503 1934 665 2010; x_wconf 89' lang='lat' dir='ltr'><strong>resoluto</strong></span> <span class='ocrx_word' id='word_1_92' title='bbox 681 1945 721 2010; x_wconf 87' lang='lat' dir='ltr'><strong>et</strong></span> <span class='ocrx_word' id='word_1_93' title='bbox 736 1946 941 2023; x_wconf 83' lang='lat' dir='ltr'><strong>attenuato,</strong></span> <span class='ocrx_word' id='word_1_94' title='bbox 966 1934 1033 2008; x_wconf 89' lang='lat' dir='ltr'><strong>alii</strong></span> <span class='ocrx_word' id='word_1_95' title='bbox 1043 1932 1211 2022; x_wconf 79' lang='lat' dir='ltr'><strong>demum,</strong></span> 
     </span>
     <span class='ocr_line' id='line_1_15' title="bbox 125 2044 1314 2146; baseline -0.003 -24"><span class='ocrx_word' id='word_1_96' title='bbox 125 2044 250 2122; x_wconf 89' lang='lat' dir='ltr'><strong>soluto</strong></span> <span class='ocrx_word' id='word_1_97' title='bbox 264 2070 411 2146; x_wconf 67' lang='lat' dir='ltr'><strong>epam</strong></span> <span class='ocrx_word' id='word_1_98' title='bbox 426 2069 598 2120; x_wconf 90' lang='lat' dir='ltr'><strong>vasorum</strong></span> <span class='ocrx_word' id='word_1_99' title='bbox 610 2049 772 2122; x_wconf 73' lang='lat' dir='ltr'><strong>&#39;summe</strong></span> <span class='ocrx_word' id='word_1_100' title='bbox 788 2048 895 2136; x_wconf 87' lang='lat' dir='ltr'><strong>eutis,</strong></span> <span class='ocrx_word' id='word_1_101' title='bbox 916 2046 1211 2143; x_wconf 87' lang='lat' dir='ltr'><strong>humoribusque</strong></span> <span class='ocrx_word' id='word_1_102' title='bbox 1309 2100 1314 2109; x_wconf 83' lang='lat'><strong>.</strong></span> 
     </span>
     <span class='ocr_line' id='line_1_16' title="bbox 125 2155 1213 2257; baseline 0.002 -26"><span class='ocrx_word' id='word_1_103' title='bbox 125 2157 174 2232; x_wconf 88' lang='lat' dir='ltr'><strong>ab</strong></span> <span class='ocrx_word' id='word_1_104' title='bbox 190 2159 353 2233; x_wconf 83' lang='lat' dir='ltr'><strong>externis</strong></span> <span class='ocrx_word' id='word_1_105' title='bbox 369 2157 535 2257; x_wconf 84' lang='lat' dir='ltr'><strong>partibus</strong></span> <span class='ocrx_word' id='word_1_106' title='bbox 557 2165 665 2231; x_wconf 61' lang='lat' dir='ltr'><strong>anna</strong></span> <span class='ocrx_word' id='word_1_107' title='bbox 688 2157 805 2255; x_wconf 87' lang='lat' dir='ltr'><strong>pulsis</strong></span> <span class='ocrx_word' id='word_1_108' title='bbox 833 2155 881 2230; x_wconf 86' lang='lat' dir='ltr'><strong>od</strong></span> <span class='ocrx_word' id='word_1_109' title='bbox 910 2160 1055 2233; x_wconf 79' lang='lat' dir='ltr'><strong>easdem</strong></span> <span class='ocrx_word' id='word_1_110' title='bbox 1087 2157 1213 2233; x_wconf 90' lang='lat' dir='ltr'><strong>denuo</strong></span> 
     </span>
     <span class='ocr_line' id='line_1_17' title="bbox 126 2266 914 2358; baseline -0.005 -12"><span class='ocrx_word' id='word_1_111' title='bbox 126 2271 318 2358; x_wconf 83' lang='lat' dir='ltr'><strong>revooatis,</strong></span> <span class='ocrx_word' id='word_1_112' title='bbox 342 2267 585 2344; x_wconf 89' lang='lat' dir='ltr'><strong>tribuendum</strong></span> <span class='ocrx_word' id='word_1_113' title='bbox 610 2291 688 2343; x_wconf 86' lang='lat' dir='ltr'><strong>esse</strong></span> <span class='ocrx_word' id='word_1_114' title='bbox 702 2266 914 2342; x_wconf 83' lang='lat' dir='ltr'><strong>voluerunt</strong></span> 
     </span>
    </p>

    <p class='ocr_par' dir='ltr' id='par_1_4' title="bbox 122 2376 1270 3603">
     <span class='ocr_line' id='line_1_18' title="bbox 174 2376 1208 2478; baseline -0.006 -19"><span class='ocrx_word' id='word_1_115' title='bbox 174 2405 320 2459; x_wconf 69' lang='lat' dir='ltr'><strong>Moeno</strong></span> <span class='ocrx_word' id='word_1_116' title='bbox 358 2382 470 2457; x_wconf 89' lang='lat' dir='ltr'><strong>Prius</strong></span> <span class='ocrx_word' id='word_1_117' title='bbox 498 2404 587 2455; x_wconf 82' lang='lat' dir='ltr'><strong>vero</strong></span> <span class='ocrx_word' id='word_1_118' title='bbox 616 2402 731 2478; x_wconf 87' lang='lat' dir='ltr'><strong>quam</strong></span> <span class='ocrx_word' id='word_1_119' title='bbox 760 2380 808 2454; x_wconf 91' lang='lat' dir='ltr'><strong>de</strong></span> <span class='ocrx_word' id='word_1_120' title='bbox 836 2379 895 2453; x_wconf 90' lang='lat' dir='ltr'><strong>his</strong></span> <span class='ocrx_word' id='word_1_121' title='bbox 926 2386 993 2455; x_wconf 87' lang='lat' dir='ltr'><strong>aut</strong></span> <span class='ocrx_word' id='word_1_122' title='bbox 1027 2376 1208 2453; x_wconf 76' lang='lat' dir='ltr'><strong>similibus</strong></span> 
     </span>
     <span class='ocr_line' id='line_1_19' title="bbox 124 2492 1209 2593; baseline -0.006 -23"><span class='ocrx_word' id='word_1_123' title='bbox 124 2495 345 2570; x_wconf 86' lang='lat' dir='ltr'><strong>commentis</strong></span> <span class='ocrx_word' id='word_1_124' title='bbox 361 2518 481 2593; x_wconf 85' lang='lat' dir='ltr'><strong>operae</strong></span> <span class='ocrx_word' id='word_1_125' title='bbox 497 2493 662 2592; x_wconf 90' lang='lat' dir='ltr'><strong>pretium</strong></span> <span class='ocrx_word' id='word_1_126' title='bbox 684 2493 733 2568; x_wconf 88' lang='lat' dir='ltr'><strong>sit</strong></span> <span class='ocrx_word' id='word_1_127' title='bbox 749 2492 947 2592; x_wconf 65' lang='lat' dir='ltr'><strong>disputare,</strong></span> <span class='ocrx_word' id='word_1_128' title='bbox 972 2499 1119 2590; x_wconf 86' lang='lat' dir='ltr'><strong>oportet</strong></span> <span class='ocrx_word' id='word_1_129' title='bbox 1135 2513 1209 2564; x_wconf 90' lang='lat' dir='ltr'><strong>oer-</strong></span> 
     </span>
     <span class='ocr_line' id='line_1_20' title="bbox 125 2602 1208 2704; baseline -0.006 -23"><span class='ocrx_word' id='word_1_130' title='bbox 125 2607 237 2682; x_wconf 87' lang='lat' dir='ltr'><strong>tiores</strong></span> <span class='ocrx_word' id='word_1_131' title='bbox 251 2606 332 2683; x_wconf 85' lang='lat' dir='ltr'><strong>fieri</strong></span> <span class='ocrx_word' id='word_1_132' title='bbox 347 2607 395 2681; x_wconf 92' lang='lat' dir='ltr'><strong>de</strong></span> <span class='ocrx_word' id='word_1_133' title='bbox 410 2630 451 2681; x_wconf 88' lang='lat' dir='ltr'><strong>re</strong></span> <span class='ocrx_word' id='word_1_134' title='bbox 467 2605 564 2681; x_wconf 84' lang='lat' dir='ltr'><strong>facts</strong></span> <span class='ocrx_word' id='word_1_135' title='bbox 578 2604 687 2704; x_wconf 83' lang='lat' dir='ltr'><strong>cujus</strong></span> <span class='ocrx_word' id='word_1_136' title='bbox 715 2603 897 2680; x_wconf 83' lang='lat' dir='ltr'><strong>rationem</strong></span> <span class='ocrx_word' id='word_1_137' title='bbox 926 2603 1078 2678; x_wconf 88' lang='lat' dir='ltr'><strong>reddere</strong></span> <span class='ocrx_word' id='word_1_138' title='bbox 1106 2602 1208 2701; x_wconf 86' lang='lat' dir='ltr'><strong>cupi·</strong></span> 
     </span>
     <span class='ocr_line' id='line_1_21' title="bbox 125 2713 1209 2817; baseline -0.005 -24"><span class='ocrx_word' id='word_1_139' title='bbox 125 2743 231 2805; x_wconf 80' lang='lat' dir='ltr'><strong>mus3</strong></span> <span class='ocrx_word' id='word_1_140' title='bbox 257 2720 335 2795; x_wconf 85' lang='lat' dir='ltr'><strong>haee</strong></span> <span class='ocrx_word' id='word_1_141' title='bbox 351 2719 453 2794; x_wconf 91' lang='lat' dir='ltr'><strong>enim</strong></span> <span class='ocrx_word' id='word_1_142' title='bbox 469 2716 592 2793; x_wconf 88' lang='lat' dir='ltr'><strong>multo</strong></span> <span class='ocrx_word' id='word_1_143' title='bbox 615 2717 735 2817; x_wconf 81' lang='lat' dir='ltr'><strong>magis</strong></span> <span class='ocrx_word' id='word_1_144' title='bbox 759 2715 873 2792; x_wconf 86' lang='lat' dir='ltr'><strong>dubia</strong></span> <span class='ocrx_word' id='word_1_145' title='bbox 888 2724 945 2790; x_wconf 86' lang='lat' dir='ltr'><strong>est</strong></span> <span class='ocrx_word' id='word_1_146' title='bbox 961 2738 1075 2814; x_wconf 88' lang='lat' dir='ltr'><strong>quam</strong></span> <span class='ocrx_word' id='word_1_147' title='bbox 1092 2713 1209 2814; x_wconf 82' lang='lat' dir='ltr'><strong>vulgo</strong></span> 
     </span>
     <span class='ocr_line' id='line_1_22' title="bbox 124 2825 1211 2931; baseline -0.003 -26"><span class='ocrx_word' id='word_1_148' title='bbox 124 2831 306 2919; x_wconf 87' lang='lat' dir='ltr'><strong>ereditur;</strong></span> <span class='ocrx_word' id='word_1_149' title='bbox 332 2831 504 2931; x_wconf 87' lang='lat' dir='ltr'><strong>quamvis</strong></span> <span class='ocrx_word' id='word_1_150' title='bbox 520 2830 622 2905; x_wconf 91' lang='lat' dir='ltr'><strong>enim</strong></span> <span class='ocrx_word' id='word_1_151' title='bbox 638 2838 782 2904; x_wconf 89' lang='lat' dir='ltr'><strong>oonstet</strong></span> <span class='ocrx_word' id='word_1_152' title='bbox 797 2830 894 2904; x_wconf 88' lang='lat' dir='ltr'><strong>inter</strong></span> <span class='ocrx_word' id='word_1_153' title='bbox 909 2851 1048 2913; x_wconf 86' lang='lat' dir='ltr'><strong>omnes,</strong></span> <span class='ocrx_word' id='word_1_154' title='bbox 1071 2825 1211 2904; x_wconf 65' lang='lat' dir='ltr'><strong>veneo·</strong></span> 
     </span>
     <span class='ocr_line' id='line_1_23' title="bbox 123 2940 1206 3044; baseline -0.004 -25"><span class='ocrx_word' id='word_1_155' title='bbox 123 2943 235 3032; x_wconf 69' lang='lat' dir='ltr'><strong>torto,</strong></span> <span class='ocrx_word' id='word_1_156' title='bbox 260 2943 458 3019; x_wconf 81' lang='lat' dir='ltr'><strong>sublevatis</strong></span> <span class='ocrx_word' id='word_1_157' title='bbox 474 2941 699 3044; x_wconf 90' lang='lat' dir='ltr'><strong>quibusdam</strong></span> <span class='ocrx_word' id='word_1_158' title='bbox 716 2941 837 3016; x_wconf 92' lang='lat' dir='ltr'><strong>morbi</strong></span> <span class='ocrx_word' id='word_1_159' title='bbox 857 2941 971 3041; x_wconf 82' lang='lat' dir='ltr'><strong>signis</strong></span> <span class='ocrx_word' id='word_1_160' title='bbox 987 2963 1073 3039; x_wconf 87' lang='lat' dir='ltr'><strong>quae</strong></span> <span class='ocrx_word' id='word_1_161' title='bbox 1088 2940 1206 3015; x_wconf 85' lang='lat' dir='ltr'><strong>maxi-</strong></span> 
     </span>
     <span class='ocr_line' id='line_1_24' title="bbox 125 3051 1270 3158; baseline -0.003 -28"><span class='ocrx_word' id='word_1_162' title='bbox 125 3080 185 3130; x_wconf 90' lang='lat' dir='ltr'><strong>me</strong></span> <span class='ocrx_word' id='word_1_163' title='bbox 201 3067 367 3157; x_wconf 83' lang='lat' dir='ltr'><strong>urgeant,</strong></span> <span class='ocrx_word' id='word_1_164' title='bbox 379 3057 424 3132; x_wconf 90' lang='lat' dir='ltr'><strong>-in</strong></span> <span class='ocrx_word' id='word_1_165' title='bbox 441 3054 629 3158; x_wconf 83' lang='lat' dir='ltr'><strong>nonnullis</strong></span> <span class='ocrx_word' id='word_1_166' title='bbox 645 3053 808 3129; x_wconf 85' lang='lat' dir='ltr'><strong>febribus</strong></span> <span class='ocrx_word' id='word_1_167' title='bbox 816 3052 1008 3127; x_wconf 86' lang='lat' dir='ltr'><strong>interdum</strong></span> <span class='ocrx_word' id='word_1_168' title='bbox 1024 3051 1205 3151; x_wconf 85' lang='lat' dir='ltr'><strong>prodesse,</strong></span> <span class='ocrx_word' id='word_1_169' title='bbox 1264 3063 1270 3073; x_wconf 90' lang='lat'>&#39;</span> 
     </span>
     <span class='ocr_line' id='line_1_25' title="bbox 122 3163 1206 3268; baseline -0.003 -27"><span class='ocrx_word' id='word_1_170' title='bbox 122 3167 238 3242; x_wconf 86' lang='lat' dir='ltr'><strong>multi</strong></span> <span class='ocrx_word' id='word_1_171' title='bbox 254 3178 292 3241; x_wconf 91' lang='lat' dir='ltr'><strong>et</strong></span> <span class='ocrx_word' id='word_1_172' title='bbox 308 3166 616 3268; x_wconf 84' lang='lat' dir='ltr'><strong>experientissimi</strong></span> <span class='ocrx_word' id='word_1_173' title='bbox 628 3166 764 3242; x_wconf 89' lang='lat' dir='ltr'><strong>medici</strong></span> <span class='ocrx_word' id='word_1_174' title='bbox 779 3174 919 3265; x_wconf 85' lang='lat' dir='ltr'><strong>negant</strong></span> <span class='ocrx_word' id='word_1_175' title='bbox 934 3163 997 3238; x_wconf 84' lang='lat' dir='ltr'><strong>illo</strong></span> <span class='ocrx_word' id='word_1_176' title='bbox 1011 3188 1080 3263; x_wconf 87' lang='lat' dir='ltr'><strong>pro</strong></span> <span class='ocrx_word' id='word_1_177' title='bbox 1095 3188 1206 3265; x_wconf 82' lang='lat' dir='ltr'><strong>gene·</strong></span> 
     </span>
     <span class='ocr_line' id='line_1_26' title="bbox 126 3274 1207 3380; baseline -0.006 -26"><span class='ocrx_word' id='word_1_178' title='bbox 126 3277 193 3354; x_wconf 90' lang='lat' dir='ltr'><strong>rali</strong></span> <span class='ocrx_word' id='word_1_179' title='bbox 206 3277 488 3364; x_wconf 85' lang='lat' dir='ltr'><strong>febrisremedio</strong></span> <span class='ocrx_word' id='word_1_180' title='bbox 499 3280 704 3380; x_wconf 87' lang='lat' dir='ltr'><strong>quidquam</strong></span> <span class='ocrx_word' id='word_1_181' title='bbox 716 3277 847 3366; x_wconf 85' lang='lat' dir='ltr'><strong>valere,</strong></span> <span class='ocrx_word' id='word_1_182' title='bbox 863 3286 903 3352; x_wconf 88' lang='lat' dir='ltr'><strong>et</strong></span> <span class='ocrx_word' id='word_1_183' title='bbox 912 3274 1069 3351; x_wconf 85' lang='lat' dir='ltr'><strong>credunt</strong></span> <span class='ocrx_word' id='word_1_184' title='bbox 1085 3299 1127 3349; x_wconf 83' lang='lat' dir='ltr'><strong>es</strong></span> <span class='ocrx_word' id='word_1_185' title='bbox 1143 3300 1207 3377; x_wconf 81' lang='lat' dir='ltr'><strong>po·</strong></span> 
     </span>
     <span class='ocr_line' id='line_1_27' title="bbox 123 3387 1205 3490; baseline -0.003 -26"><span class='ocrx_word' id='word_1_186' title='bbox 123 3392 200 3465; x_wconf 89' lang='lat' dir='ltr'><strong>tius</strong></span> <span class='ocrx_word' id='word_1_187' title='bbox 216 3413 357 3479; x_wconf 84' lang='lat' dir='ltr'><strong>nosere,</strong></span> <span class='ocrx_word' id='word_1_188' title='bbox 385 3392 488 3490; x_wconf 91' lang='lat' dir='ltr'><strong>quod</strong></span> <span class='ocrx_word' id='word_1_189' title='bbox 504 3392 646 3466; x_wconf 86' lang='lat' dir='ltr'><strong>sanein</strong></span> <span class='ocrx_word' id='word_1_190' title='bbox 663 3390 793 3468; x_wconf 82' lang='lat' dir='ltr'><strong>multis</strong></span> <span class='ocrx_word' id='word_1_191' title='bbox 807 3389 949 3466; x_wconf 88' lang='lat' dir='ltr'><strong>casibus</strong></span> <span class='ocrx_word' id='word_1_192' title='bbox 966 3387 1052 3462; x_wconf 84' lang='lat' dir='ltr'><strong>satis</strong></span> <span class='ocrx_word' id='word_1_193' title='bbox 1080 3411 1205 3487; x_wconf 88' lang='lat' dir='ltr'><strong>super-</strong></span> 
     </span>
     <span class='ocr_line' id='line_1_28' title="bbox 125 3511 440 3603; baseline 0.006 -26"><span class='ocrx_word' id='word_1_194' title='bbox 125 3526 198 3603; x_wconf 90' lang='lat' dir='ltr'><strong>que</strong></span> <span class='ocrx_word' id='word_1_195' title='bbox 214 3511 358 3578; x_wconf 85' lang='lat' dir='ltr'><strong>oertum</strong></span> <span class='ocrx_word' id='word_1_196' title='bbox 375 3514 440 3579; x_wconf 80' lang='lat' dir='ltr'><strong>est</strong></span> 
     </span>
    </p>

    <p class='ocr_par' dir='ltr' id='par_1_5' title="bbox 124 3611 1292 4392">
     <span class='ocr_line' id='line_1_29' title="bbox 175 3611 1206 3714; baseline -0.006 -23"><span class='ocrx_word' id='word_1_197' title='bbox 175 3638 306 3691; x_wconf 72' lang='lat' dir='ltr'><strong>renem</strong></span> <span class='ocrx_word' id='word_1_198' title='bbox 332 3614 557 3690; x_wconf 82' lang='lat' dir='ltr'><strong>Existimsts</strong></span> <span class='ocrx_word' id='word_1_199' title='bbox 573 3625 662 3691; x_wconf 88' lang='lat' dir='ltr'><strong>sunt</strong></span> <span class='ocrx_word' id='word_1_200' title='bbox 676 3613 878 3714; x_wconf 85' lang='lat' dir='ltr'><strong>praesertim</strong></span> <span class='ocrx_word' id='word_1_201' title='bbox 898 3613 1119 3713; x_wconf 84' lang='lat' dir='ltr'><strong>respondere</strong></span> <span class='ocrx_word' id='word_1_202' title='bbox 1136 3611 1206 3686; x_wconf 89' lang='lat' dir='ltr'><strong>sub</strong></span> 
     </span>
     <span class='ocr_line' id='line_1_30' title="bbox 124 3723 1292 3825; baseline -0.003 -23"><span class='ocrx_word' id='word_1_203' title='bbox 124 3727 239 3803; x_wconf 89' lang='lat' dir='ltr'><strong>finem</strong></span> <span class='ocrx_word' id='word_1_204' title='bbox 256 3727 428 3817; x_wconf 82' lang='lat' dir='ltr'><strong>febrium,</strong></span> <span class='ocrx_word' id='word_1_205' title='bbox 444 3738 484 3802; x_wconf 88' lang='lat' dir='ltr'><strong>et</strong></span> <span class='ocrx_word' id='word_1_206' title='bbox 499 3728 538 3801; x_wconf 92' lang='lat' dir='ltr'><strong>in</strong></span> <span class='ocrx_word' id='word_1_207' title='bbox 555 3727 601 3802; x_wconf 91' lang='lat' dir='ltr'><strong>iis</strong></span> <span class='ocrx_word' id='word_1_208' title='bbox 616 3727 758 3803; x_wconf 86' lang='lat' dir='ltr'><strong>casibus</strong></span> <span class='ocrx_word' id='word_1_209' title='bbox 767 3726 834 3801; x_wconf 95' lang='lat' dir='ltr'><strong>ubi</strong></span> <span class='ocrx_word' id='word_1_210' title='bbox 850 3750 985 3825; x_wconf 82' lang='lat' dir='ltr'><strong>magna</strong></span> <span class='ocrx_word' id='word_1_211' title='bbox 1001 3723 1207 3811; x_wconf 84' lang='lat' dir='ltr'><strong>infirmitas,</strong></span> <span class='ocrx_word' id='word_1_212' title='bbox 1273 3776 1292 3817; x_wconf 34' lang='lat' dir='ltr'><strong>p</strong></span> 
     </span>
     <span class='ocr_line' id='line_1_31' title="bbox 124 3837 1205 3941; baseline -0.007 -26"><span class='ocrx_word' id='word_1_213' title='bbox 124 3851 164 3915; x_wconf 87' lang='lat' dir='ltr'><strong>et</strong></span> <span class='ocrx_word' id='word_1_214' title='bbox 179 3851 309 3940; x_wconf 86' lang='lat' dir='ltr'><strong>stupor</strong></span> <span class='ocrx_word' id='word_1_215' title='bbox 323 3839 385 3917; x_wconf 84' lang='lat' dir='ltr'><strong>vel</strong></span> <span class='ocrx_word' id='word_1_216' title='bbox 401 3865 510 3941; x_wconf 87' lang='lat' dir='ltr'><strong>sopor</strong></span> <span class='ocrx_word' id='word_1_217' title='bbox 524 3838 657 3940; x_wconf 87' lang='lat' dir='ltr'><strong>aliquis</strong></span> <span class='ocrx_word' id='word_1_218' title='bbox 673 3840 835 3914; x_wconf 82' lang='lat' dir='ltr'><strong>aderant</strong></span> <span class='ocrx_word' id='word_1_219' title='bbox 885 3837 986 3914; x_wconf 81' lang='lat' dir='ltr'><strong>Talis</strong></span> <span class='ocrx_word' id='word_1_220' title='bbox 1006 3845 1134 3912; x_wconf 90' lang='lat' dir='ltr'><strong>autem</strong></span> <span class='ocrx_word' id='word_1_221' title='bbox 1150 3857 1205 3908; x_wconf 85' lang='lat' dir='ltr'><strong>so-</strong></span> 
     </span>
     <span class='ocr_line' id='line_1_32' title="bbox 124 3946 1206 4054; baseline -0.005 -29"><span class='ocrx_word' id='word_1_222' title='bbox 124 3976 193 4051; x_wconf 89' lang='lat' dir='ltr'><strong>por</strong></span> <span class='ocrx_word' id='word_1_223' title='bbox 208 3976 284 4027; x_wconf 93' lang='lat' dir='ltr'><strong>non</strong></span> <span class='ocrx_word' id='word_1_224' title='bbox 297 3976 442 4054; x_wconf 89' lang='lat' dir='ltr'><strong>semper</strong></span> <span class='ocrx_word' id='word_1_225' title='bbox 458 3955 632 4050; x_wconf 73' lang='lat' dir='ltr'><strong>(eccere)</strong></span> <span class='ocrx_word' id='word_1_226' title='bbox 648 3960 767 4039; x_wconf 87' lang='lat' dir='ltr'><strong>nooet,</strong></span> <span class='ocrx_word' id='word_1_227' title='bbox 783 3959 850 4026; x_wconf 91' lang='lat' dir='ltr'><strong>aut</strong></span> <span class='ocrx_word' id='word_1_228' title='bbox 861 3946 1074 4048; x_wconf 89' lang='lat' dir='ltr'><strong>hujusmodi</strong></span> <span class='ocrx_word' id='word_1_229' title='bbox 1089 3969 1206 4021; x_wconf 89' lang='lat' dir='ltr'><strong>reme-</strong></span> 
     </span>
     <span class='ocr_line' id='line_1_33' title="bbox 124 4057 1206 4164; baseline -0.003 -26"><span class='ocrx_word' id='word_1_230' title='bbox 124 4063 196 4138; x_wconf 88' lang='lat' dir='ltr'><strong>diis</strong></span> <span class='ocrx_word' id='word_1_231' title='bbox 212 4073 319 4164; x_wconf 79' lang='lat' dir='ltr'><strong>eget3</strong></span> <span class='ocrx_word' id='word_1_232' title='bbox 343 4076 383 4142; x_wconf 88' lang='lat' dir='ltr'><strong>et</strong></span> <span class='ocrx_word' id='word_1_233' title='bbox 399 4065 541 4140; x_wconf 85' lang='lat' dir='ltr'><strong>viribus</strong></span> <span class='ocrx_word' id='word_1_234' title='bbox 556 4063 722 4138; x_wconf 90' lang='lat' dir='ltr'><strong>multum</strong></span> <span class='ocrx_word' id='word_1_235' title='bbox 733 4062 866 4152; x_wconf 66' lang='lat' dir='ltr'><strong>flaons,</strong></span> <span class='ocrx_word' id='word_1_236' title='bbox 883 4074 1067 4158; x_wconf 90' lang='lat' dir='ltr'><strong>motuque</strong></span> <span class='ocrx_word' id='word_1_237' title='bbox 1078 4057 1206 4159; x_wconf 90' lang='lat' dir='ltr'><strong>impri-</strong></span> 
     </span>
     <span class='ocr_line' id='line_1_34' title="bbox 125 4171 1206 4276; baseline -0.006 -26"><span class='ocrx_word' id='word_1_238' title='bbox 125 4175 197 4250; x_wconf 86' lang='lat' dir='ltr'><strong>mis</strong></span> <span class='ocrx_word' id='word_1_239' title='bbox 215 4179 404 4276; x_wconf 85' lang='lat' dir='ltr'><strong>sanguinis</strong></span> <span class='ocrx_word' id='word_1_240' title='bbox 413 4177 620 4264; x_wconf 83' lang='lat' dir='ltr'><strong>deficiente,</strong></span> <span class='ocrx_word' id='word_1_241' title='bbox 635 4199 711 4251; x_wconf 92' lang='lat' dir='ltr'><strong>non</strong></span> <span class='ocrx_word' id='word_1_242' title='bbox 722 4175 858 4251; x_wconf 89' lang='lat' dir='ltr'><strong>desunt</strong></span> <span class='ocrx_word' id='word_1_243' title='bbox 873 4175 952 4263; x_wconf 85' lang='lat' dir='ltr'><strong>alia,</strong></span> <span class='ocrx_word' id='word_1_244' title='bbox 968 4171 1206 4271; x_wconf 83' lang='lat' dir='ltr'><strong>promptiora,</strong></span> 
     </span>
     <span class='ocr_line' id='line_1_35' title="bbox 125 4281 1206 4392; baseline 0.006 -29"><span class='ocrx_word' id='word_1_245' title='bbox 125 4298 166 4363; x_wconf 91' lang='lat' dir='ltr'><strong>et</strong></span> <span class='ocrx_word' id='word_1_246' title='bbox 180 4288 392 4381; x_wconf 71' lang='lat' dir='ltr'><strong>effioeciora,</strong></span> <span class='ocrx_word' id='word_1_247' title='bbox 415 4301 456 4367; x_wconf 91' lang='lat' dir='ltr'><strong>et</strong></span> <span class='ocrx_word' id='word_1_248' title='bbox 471 4290 591 4392; x_wconf 74' lang='lat' dir='ltr'><strong>magis</strong></span> <span class='ocrx_word' id='word_1_249' title='bbox 606 4297 722 4390; x_wconf 79' lang='lat' dir='ltr'><strong>grets,</strong></span> <span class='ocrx_word' id='word_1_250' title='bbox 745 4297 786 4367; x_wconf 90' lang='lat' dir='ltr'><strong>et</strong></span> <span class='ocrx_word' id='word_1_251' title='bbox 800 4287 919 4388; x_wconf 80' lang='lat' dir='ltr'><strong>magis</strong></span> <span class='ocrx_word' id='word_1_252' title='bbox 934 4295 1029 4374; x_wconf 69' lang='lat' dir='ltr'><strong>tuta.</strong></span> <span class='ocrx_word' id='word_1_253' title='bbox 1044 4281 1206 4369; x_wconf 78' lang='lat' dir='ltr'><strong>remedia</strong></span> 
     </span>
    </p>
   </div>
   <div class='ocr_carea' id='block_1_3' title="bbox 0 0 1344 4794">
    <p class='ocr_par' dir='ltr' id='par_1_6' title="bbox 0 0 1344 4794">
     <span class='ocr_line' id='line_1_36' title="bbox 0 0 1344 4794; baseline 0 1"><span class='ocrx_word' id='word_1_254' title='bbox 0 0 1344 4794; x_wconf 95' lang='lat' dir='ltr'><strong> </strong></span> 
     </span>
    </p>
   </div>
  </div>
 </body>
</html>
