2678 4794
146 472 237 531 car.
254 471 353 526 xm
428 467 648 525 uumerus
667 471 955 530 raroaurrcu.
1161 438 1257 533 165x

146 651 341 727 necessaria
365 650 425 737 sit,
450 648 562 749 probe
578 651 720 724 curavit
737 651 881 726 Natura
898 661 942 727 ut
958 675 1102 750 semper
1126 676 1226 726 exer-

141 776 284 852 aestum
303 773 489 863 quatenus
502 787 590 837 vero
605 763 782 862 plurimis,
799 778 838 839 et
849 766 1052 840 admodum
1064 766 1226 853 diversis,

141 899 260 976 neque
285 876 487 976 perpetuis,
513 876 590 949 vivi
615 877 776 975 corporis
802 879 1016 953 muneribus
1041 879 1225 965 inserviat,

122 989 296 1065 tandem
314 989 499 1064 voluntati
515 999 629 1088 atque
645 989 795 1064 arbitrio
811 1003 936 1066 nostro
947 993 1224 1091 quodammodo
1249 1062 1257 1077 ,

142 1104 317 1200 permisit
369 1101 535 1177 Musculi
551 1125 691 1189 omnes,
716 1113 761 1176 ut
778 1103 935 1190 videtur,
966 1106 1224 1204 respirationis,

144 1215 344 1305 voluntatis
360 1215 514 1314 imperio
527 1215 796 1312 subjiciuntur;
822 1217 988 1315 suggerit
1004 1230 1131 1292 autem
1149 1219 1224 1292 Na·

145 1337 227 1400 tura
250 1327 424 1401 idoneum
450 1339 564 1425 atque
588 1339 812 1427 perpetuum
829 1328 1036 1416 stimulum,
1059 1332 1126 1429 qui
1151 1355 1224 1418 eos,

146 1440 258 1512 etiam
282 1439 391 1515 inscio
407 1439 469 1512 vel
485 1440 674 1513 interdum
706 1440 826 1514 invito
842 1450 909 1516 aut
929 1451 1056 1516 contra
1080 1444 1225 1518 nitente

147 1547 307 1640 homine,
321 1553 368 1626 ad
383 1554 556 1626 idoneam
573 1554 755 1628 actionem
773 1554 875 1628 cieat

188 1685 314 1739 urvrr.
340 1665 437 1754 Quis
462 1666 573 1739 fuerit
597 1666 667 1739 iste
692 1665 876 1753 stimulus,
902 1666 1037 1740 medici
1054 1666 1220 1740 multum

143 1778 400 1875 quaesiverunt,
413 1787 452 1851 et
467 1802 534 1852 eur
550 1777 679 1864 infans,
697 1779 763 1876 qui
777 1779 894 1853 donec
910 1779 949 1851 in
963 1789 1069 1852 utero
1082 1777 1222 1865 lateret,

142 1911 331 1989 nunquam
358 1891 566 1989 spiraverat,
591 1892 869 1990 quamprimum
891 1892 966 1968 aeri
991 1890 1221 1989 objiceretur,

143 2003 263 2076 atatim
278 2003 415 2102 spirare
431 2003 617 2101 inciperet.

185 2121 331 2216 nsvin,
357 2115 653 2213 Respirationem
672 2117 793 2190 statim
812 2142 833 2190 a
849 2127 957 2216 partu
981 2116 1222 2215 incipientem

143 2224 198 2302 alii
214 2226 394 2326 singulari
411 2228 603 2302 instinctui
620 2228 778 2301 naturali
803 2227 995 2312 tribuunt3
1020 2228 1081 2301 alii
1112 2229 1221 2301 nixui

142 2339 297 2437 generali
324 2363 435 2437 quem
460 2363 603 2413 novum
628 2340 764 2413 animal
789 2342 877 2426 edit,
907 2342 959 2431 (et
986 2341 1148 2437 profecto
1172 2339 1220 2410 ad

141 2473 283 2526 omnem
310 2453 445 2525 nixum
469 2452 684 2526 validiorem
710 2453 949 2550 inspiratione
966 2475 1059 2547 opus
1084 2460 1150 2532 est,
1177 2459 1222 2522 ut

143 2576 255 2660 partes
280 2564 418 2663 quibus
442 2565 571 2661 magni
595 2563 753 2637 musculi
788 2563 946 2661 corporis
972 2570 1222 2635 annectuntur

144 2676 204 2750 rite
231 2675 465 2776 firmenturt:
501 2677 563 2749 alii
588 2675 742 2749 demum
766 2675 881 2773 ipsius
906 2676 1000 2773 septi
1026 2672 1221 2748 transversi

145 2789 376 2863 munactioni
393 2789 556 2886 primum
574 2789 746 2886 spiritum
760 2786 942 2874 tribuunt,
961 2787 1072 2885 quod,
1091 2809 1220 2883 quarn-

147 2897 193 2973 ris
208 2903 370 2975 maxime
388 2903 603 2988 distentum,
633 2909 672 2974 et
700 2901 818 3000 prima
841 2901 1027 2974 occasione
1044 2897 1219 2972 validissi-

147 3031 235 3086 mam
252 3013 429 3088 daturum
455 3015 754 3099 contractionem,
779 3012 933 3087 durnin
960 3023 1065 3086 utero
1083 3010 1219 3084 latebat

148 3120 266 3212 miens,
289 3126 384 3200 nihil
408 3127 562 3199 omnino
586 3126 728 3199 efficere
757 3127 900 3225 potuit;
934 3126 1022 3224 quia
1047 3148 1120 3197 non
1147 3131 1218 3210 aer,

148 3234 205 3308 aed
218 3261 374 3335 aquosus
389 3238 500 3327 latex,
518 3265 605 3313 eum
622 3239 881 3326 circumdabat,
899 3247 938 3311 et
953 3237 1013 3310 hic
1024 3233 1218 3334 glattidem

149 3349 285 3423 transne
319 3353 462 3450 nequit,
500 3351 564 3424 sed
598 3361 724 3426 contra
758 3352 885 3425 rimam
916 3349 995 3446 ejus
1019 3347 1218 3421 arctissime

150 3455 282 3551 claudit,
299 3464 387 3538 forti
404 3464 653 3538 contractione
668 3463 720 3537 ibi
737 3466 904 3537 excitata.

188 3592 292 3650 uarx
320 3577 459 3652 Primae
482 3576 712 3674 inspirationi
728 3576 910 3674 expiratio
934 3573 1106 3658 succedit,
1133 3573 1217 3646 viri·

152 3675 248 3758 bus
232 3713 314 3785 Jam
351 3691 487 3788 (narn)
524 3688 710 3762 recensitis
748 3688 860 3772 sacta;
902 3698 941 3761 et
968 3687 1055 3760 huic
1079 3686 1216 3759 iterum

155 3787 335 3895 inspiratis,
371 3825 458 3874 cum
483 3800 633 3874 forsitan
660 3798 822 3898 simplice
847 3801 1095 3873 contractione
1124 3795 1218 3893 septi

156 3907 329 3985 transversi
359 3938 501 3987 sursum
521 3914 645 4011 pressi,
661 3938 730 3987 nec
746 3936 879 4012 parum
895 3911 1058 3996 distenti,
1075 3911 1218 3984 actione

159 4024 387 4097 musculorum
402 4025 625 4112 abdominis3
643 4036 727 4100 tum
738 4049 889 4153 quoque
903 4025 1053 4098 fortasse
1064 4018 1218 4095 stimulo

159 4146 252 4220 quem
276 4137 427 4233 sanguis
451 4138 490 4210 in
508 4139 649 4211 arteriis
666 4146 704 4211 et
721 4139 825 4211 venis
841 4135 1029 4236 pulmonis
1046 4132 1219 4204 collectus

160 4233 224 4326 dan
251 4248 414 4320 maxime
427 4273 513 4323 vero
527 4249 676 4323 stimulo
692 4249 757 4322 illo
772 4248 956 4348 peculiari,
973 4266 1087 4341 quern
1104 4249 1164 4313 aer
1179 4238 1220 4312 in

163 4368 223 4445 ¹1>so
233 4358 409 4455 pulmone
420 4373 586 4438 retentus
585 4385 793 4460 vanisque
802 4350 1221 4453 matemspersprntum
1321 4362 1324 4367 ’
