2678 4794
132 309 221 367 cua.
238 306 281 365 rt
410 303 634 365 irroremur
652 305 942 366 runonnrrcm.
1161 302 1212 385 29

132 485 295 567 maxima
320 484 606 585 parnomuium
634 485 804 585 partium·
825 486 998 587 eorporis,
1030 495 1076 565 ut
1104 490 1214 575 celeb

130 597 322 681 Halm
335 597 533 681 ostendere
546 606 784 675 oonatusest
927 686 930 691 .
1142 636 1147 645 ·

176 733 287 791 rem
313 708 501 791 neutro
516 732 719 809 earumque
740 709 902 803 dotibus,
925 709 1015 841 alibi
1029 710 1134 791 loeus
1149 717 1219 795 erit

129 825 274 902 dioendi
301 825 392 917 (cnr
408 834 449 899 et
463 829 553 922 seq.)
585 819 702 901 ran
714 819 890 901 cellolam
920 825 1063 924 ubique
1077 827 1119 901 in
1144 852 1220 905 oor-

127 962 212 1039 pore
226 938 471 1022 observatum
499 934 609 1013 fibras
623 936 730 1035 ipsas,
746 960 833 1036 quoe
849 937 889 1011 in
905 935 1036 1015 multia
1051 939 1220 1037 partibus

127 1051 211 1129 sro‘s
223 1048 427 1127 manifeste
442 1061 632 1149 apparent,
648 1049 840 1125 circundat
851 1057 891 1123 et
906 1049 1034 1140 nectit,
1051 1062 1090 1125 et
1102 1053 1219 1131 variar

129 1175 259 1263 partes,
283 1160 372 1263 que
396 1173 546 1239 motum
572 1159 737 1261 aliquem
766 1162 807 1236 in
832 1161 970 1250 vicinas
997 1160 1132 1239 habere
1149 1165 1219 1241 de·

131 1276 232 1364 bont,
253 1274 387 1351 leviter
401 1272 608 1373 oo'njungit
658 1271 807 1353 Eadem
831 1272 946 1371 probe
969 1273 1132 1363 denum,
1157 1275 1217 1353 fir.

133 1388 326 1475 missioni,
350 1399 386 1463 et
413 1410 501 1486 quae
516 1385 697 1463 videntur
726 1386 962 1474 tenuissimo,
987 1388 1218 1469 membranas

133 1497 242 1573 facit:
268 1497 437 1588 Quarum
454 1522 540 1597 quae
556 1497 836 1597 simplicissime
859 1509 1050 1597 apparent,
1073 1524 1217 1581 accum-
1330 1518 1336 1529 '

130 1610 203 1687 tius
217 1610 432 1711 explorate,
456 1610 552 1687 hano
567 1621 790 1697 oborturam
807 1612 1020 1689 ostendunt.

172 1726 305 1803 κύω
334 1723 476 1801 Crescit
491 1748 588 1823 arape
600 1725 788 1801 miramia
804 1724 962 1805 modum
980 1722 1056 1802 telo
1072 1723 1216 1805 cellon

126 1860 177 1924 so,
201 1849 405 1936 partesque
417 1860 529 1913 err-ea
543 1835 659 1926 fuctoe,
684 1837 919 1927 membranae,
943 1861 1041 1929 vasa,
1057 1840 1121 1915 &o
1146 1838 1217 1929 im-

128 1949 252 2048 primis
268 1949 373 2031 lenta
387 1948 631 2036 distentione3
657 1950 779 2025 subita
794 1961 923 2027 autem
939 1950 1118 2027 distentio
1132 1974 1216 2027 eam

127 2062 184 2138 rel
213 2062 375 2162 rumpit,
404 2061 464 2137 vel
498 2063 706 2139 tenuiorem
739 2062 850 2139 satit.
892 2063 1034 2141 Crescit
1062 2087 1216 2163 quoque

126 2197 397 2276 nonnunquam
414 2176 512 2255 inter
528 2187 648 2276 partes
665 2176 814 2265 vicinas,
831 2200 967 2276 eosque
977 2176 1111 2276 jungit
1122 2200 1215 2275 quaa

127 2287 268 2365 Natura
305 2286 440 2363 liberos
479 2285 623 2363 fenerat
690 2287 924 2387 Hujusmodi
964 2289 1215 2379 oonoretiones

128 2411 259 2497 proter
289 2411 462 2477 nentrum
488 2424 586 2499 saepe
612 2398 865 2488 observantur,
891 2409 976 2500 post
1006 2399 1214 2475 inflamma·

129 2512 271 2587 tiouem
286 2512 472 2612 pulmonis
483 2511 545 2588 vel
557 2513 741 2589 viseerum
758 2511 965 2586 abdominis
976 2511 1091 2586 z-Et
1107 2534 1215 2586 novae

130 2623 208 2699 istra
222 2625 447 2703 membrano
462 2649 549 2700 vere
563 2619 747 2701 cellolam
763 2632 862 2699 suut.

172 2760 321 2815 xcanr.
348 2735 703 2815 caremtenam
730 2759 799 2813 suo
813 2745 957 2836 sponte,
974 2734 1013 2839 ai
1040 2743 1138 2811 secto
1153 2733 1214 2813 vel

125 2848 193 2924 alio
211 2849 324 2926 modo
341 2860 505 2949 separata
520 2847 644 2925 fuerit.
696 2848 814 2937 Quod
837 2849 870 2924 si
892 2850 1047 2948 ingente
1070 2847 1213 2923 inflam-

124 2965 298 3052 matione,
323 2974 363 3037 et
379 2964 646 3063 suppuratione
663 2961 767 3050 facta,
793 2986 927 3062 magna
944 2987 1028 3061 pars
1047 2958 1130 3038 teloe
1145 2959 1213 3037 cel

125 3072 251 3155 bbaae
267 3075 455 3155 destructo
471 3074 596 3163 suerit,
621 3083 714 3151 tuno
728 3098 806 3150 non
822 3085 1033 3163 renovatur,
1058 3085 1096 3149 et
1112 3073 1212 3151 foeda

128 3186 275 3265 oioitrix
291 3187 529 3287 relinquitur.

174 3321 289 3377 κω.
314 3299 433 3389 Quin
450 3311 489 3381 et
517 3324 610 3400 pars,
635 3300 696 3377 vel
712 3299 893 3398 ejusdem,
918 3297 989 3386 vel,
1011 3307 1059 3372 ut
1083 3297 1211 3386 fertur,

124 3408 231 3487 alieni
248 3414 424 3515 oorporis,
448 3412 511 3488 alii
523 3414 713 3491 interdum
725 3413 840 3512 jungi
856 3420 980 3510 potest
994 3408 1210 3509 hujusmodi

124 3526 366 3601 concretione.
429 3525 529 3614 Hoc,
553 3526 584 3601 ai
618 3525 706 3614 ullo,
739 3524 998 3612 fundamento,
1023 3523 1211 3599 nitebatur

123 3659 179 3713 ara
201 3635 404 3717 Taliacotii
413 3669 426 3726 ,-
449 3651 490 3716 et
502 3639 572 3714 alia
583 3662 726 3739 nupera
738 3636 904 3715 multum
915 3635 1064 3736 jactata,
1080 3635 1209 3711 dentes

125 3750 401 3852 transponendi.

169 3887 206 3943 c.
237 3862 332 3943 Telo
347 3862 521 3945 retunsa
545 3874 602 3943 eat
624 3863 705 3940 aliis
721 3863 887 3964 partibus
911 3860 1113 3948 reticulata,
1129 3858 1208 3934 aliis

110 3966 229 4078 'adipe
243 3978 389 4063 referto„
440 3977 599 4068 Seilioet,
616 3978 833 4075 ubicunque
847 3998 985 4074 magna
1000 3971 1126 4058 moles,
1142 3979 1209 4043 aut

122 4090 357 4191 compressio,
382 4089 544 4191 periculo
559 4100 627 4168 aut
641 4088 880 4167 inoommodo
895 4087 1061 4171 fuissent,
1090 4077 1209 4153 veluti

124 4198 163 4278 in
178 4205 309 4304 rapite,
327 4203 517 4306 pulmone,
533 4202 661 4294 oculis,
678 4199 871 4304 palpebris,
886 4221 994 4300 pene,
1011 4199 1139 4273 scroto,
1156 4187 1209 4265 ibi
