2694 4792
197 352 269 419 488
605 352 857 411 consensius
1052 350 1147 403 car.
1167 353 1297 406 xxxv.

198 536 419 615 torminibus
435 541 501 611 aut
517 532 718 616 irratione,
742 521 937 626 frecuente
966 524 1170 603 desidendi
1186 529 1293 629 cupi·

198 651 325 737 ditate,
350 673 462 749 prava
491 647 563 720 cibi
593 642 839 729 concoctione,
870 649 910 713 et
935 661 1218 740 nonnunquam
1250 643 1289 717 in

171 808 175 815 ·
197 762 273 839 alvi
289 762 615 854 fluxulucnxur),
639 768 678 830 et
694 755 830 831 certius
846 752 969 828 adhuc
995 753 1036 826 in
1061 751 1289 852 dysenteria

200 875 431 969 (DCvanl),
453 883 494 947 ct
510 872 550 946 in
565 867 689 947 colico.

250 1007 468 1064 necccxrv.
493 983 588 1064 Alvi
604 990 731 1057 autem
749 977 932 1078 purgatio,
957 976 1066 1077 plena
1093 979 1224 1059 saltem
1242 987 1286 1053 et

198 1098 321 1175 valida
337 1100 367 1173 si
382 1097 505 1182 fuerit,
530 1118 606 1171 non
623 1093 736 1168 modo
760 1116 817 1167 res
833 1113 962 1165 omnes
978 1115 1065 1188 quae
1079 1089 1122 1164 in
1137 1091 1283 1165 intesti-

198 1211 256 1289 nis
273 1212 549 1287 continerentur
564 1205 729 1306 expellit,
755 1204 818 1279 sed
845 1228 911 1302 per
939 1203 1140 1278 stimulum
1164 1204 1281 1279 medi·

198 1323 358 1397 camenti
386 1324 431 1397 iis
457 1321 610 1408 admoti,
635 1329 674 1395 et
698 1328 823 1395 motus
848 1316 961 1391 validi
990 1317 1058 1414 qui
1086 1317 1279 1405 excitatur,

197 1436 368 1512 omnium
386 1435 588 1511 humorum
606 1434 728 1532 quiin
745 1455 788 1505 ea
803 1428 1015 1504 funduntur
1031 1429 1179 1527 (quales
1195 1442 1278 1505 suut

197 1570 339 1635 mucor,
364 1547 502 1646 aliique
527 1546 625 1622 succi
647 1546 824 1645 ipsorum,
849 1540 971 1641 liquor
979 1542 1223 1641 procrearis,
1244 1552 1278 1617 et

196 1658 261 1757 fet)
287 1661 527 1736 secretionem
556 1666 596 1733 ct
623 1657 773 1733 fluxum
802 1665 997 1757 promovet
1023 1664 1065 1730 et
1094 1665 1222 1755 auget,
1243 1666 1277 1729 et

197 1772 310 1849 simul
326 1773 501 1871 majorem
513 1771 701 1869 sanguinis
714 1780 753 1843 et
763 1768 820 1845 cis
830 1791 996 1844 nervosas
1007 1767 1273 1844 derivationem

196 1885 379 1960 abdomen
391 1908 516 1959 versus
529 1882 652 1969 efficit,
670 1890 895 1979 motumque
910 1880 1105 1979 sanguinis
1121 1905 1190 1980 per
1204 1906 1274 1956 om·

195 1999 261 2071 nia
288 1995 400 2092 hujus
429 1995 567 2069 viscera
594 2003 803 2092 promovet,
828 2004 867 2067 et
894 1990 1054 2068 multum
1084 1993 1273 2069 humorem

194 2115 347 2187 tenuem
365 2129 414 2182 ex
431 2105 611 2204 sanguine
627 2103 798 2193 detrahit,
823 2113 862 2180 et
878 2107 930 2181 sic
945 2106 1158 2181 exinanitio
1172 2131 1273 2208 gene

193 2216 278 2293 ralis
293 2217 349 2307 fit,
374 2229 413 2295 et
430 2218 636 2294 tensionem
653 2241 825 2297 vasorum
843 2243 927 2317 quaa
948 2219 1175 2317 sauguinem
1202 2219 1272 2294 ubi·

193 2356 267 2431 que
282 2333 442 2432 corporis
459 2331 613 2419 vehunt,
631 2331 780 2417 minuit,
796 2343 836 2406 et
851 2332 1042 2430 sanguinis
1059 2330 1149 2407 ideo
1164 2333 1271 2431 impe

52 2466 59 2480 ’
164 2464 167 2469 ·
192 2452 278 2520 tum
296 2454 489 2545 temperat,
515 2454 554 2520 et
583 2444 671 2519 alias
699 2445 914 2520 sacrationes
941 2454 979 2519 et
1005 2446 1272 2522 exinanitiones

52 2640 58 2656 .
191 2557 342 2642 minuit.
368 2568 407 2632 et
433 2557 617 2632 actionem
635 2580 808 2632 vasorum
834 2557 1112 2633 absorbentium
1141 2561 1273 2635 excitat

191 2679 305 2768 atque
321 2669 493 2757 intendit,
519 2677 558 2744 et
583 2691 715 2767 corpus
745 2667 899 2745 demum
915 2668 1083 2746 multum
1101 2672 1269 2747 infirmat

192 2780 354 2868 Quodsi
379 2781 515 2856 acriora
533 2793 571 2854 et
587 2780 758 2855 calidiora
783 2781 1055 2859 medicamenta
1084 2784 1172 2861 data
1196 2785 1266 2858 fue·

190 2892 276 2980 rint,
314 2915 389 2967 non
417 2894 530 2968 modo
558 2893 744 2981 intestina,
780 2895 844 2970 sed
871 2905 996 2972 totum
1026 2921 1159 2997 corpus
1184 2896 1265 2970 satis

189 3004 311 3079 valide
327 3005 517 3079 stimulare
533 3016 697 3103 possunt.

239 3138 443 3199 mccccxv.
468 3118 573 3192 Hinc
589 3118 695 3193 facile
712 3118 903 3207 constabit,
920 3119 994 3193 alvi
1012 3122 1270 3221 purgationem

187 3228 228 3304 in
261 3230 466 3306 innumeris
495 3229 571 3305 fere
604 3232 752 3319 morbis,
786 3241 825 3306 et
852 3233 1004 3330 quidem
1034 3232 1270 3310 diversissimi

186 3344 342 3441 generis,
378 3343 526 3442 egregie
555 3367 632 3417 esse
661 3343 903 3443 profuturam,
933 3346 1109 3420 simodo
1138 3347 1208 3421 rite
1234 3352 1271 3419 et

186 3454 389 3550 prudenter
404 3455 516 3528 fuerit
533 3455 720 3542 adhibita;
745 3466 782 3530 et
799 3457 980 3556 imprimis
1006 3459 1048 3531 in
1072 3459 1187 3533 variis
1211 3457 1270 3531 cb-

186 3566 450 3640 structionibus
461 3567 643 3643 viseerum
660 3568 876 3656 abdominis,
893 3571 932 3646 in
949 3571 1082 3645 nrorbo
1100 3572 1217 3670 regio,
1233 3571 1269 3644 in

184 3685 332 3775 torpore
347 3677 622 3768 intestinorum,
647 3689 686 3754 et
703 3682 856 3778 quidem
874 3682 915 3755 in
932 3692 1081 3783 torpore
1097 3681 1270 3782 generali,

183 3797 223 3862 et
239 3790 277 3862 in
296 3789 425 3864 multis
443 3792 577 3866 morbis
594 3802 819 3868 remotamm
838 3795 1011 3892 partium,
1035 3793 1159 3869 veluti
1177 3795 1270 3894 capi·

182 3901 241 3987 tis,
279 3902 447 4001 paralysi,
483 3902 696 4004 apoplexia,
731 3906 862 3981 morbo
890 3906 1080 3994 comitiali,
1119 3907 1271 3992 insania,

169 4010 403 4109 phrenitide,
429 4015 556 4090 dolore
572 4017 701 4116 capitis
732 4017 955 4118 (multiplice
971 4018 1133 4116 quidem
1163 4018 1272 4105 malo,

180 4122 286 4221 cujus
303 4125 343 4198 in
359 4126 463 4200 omni
479 4125 555 4200 fere
570 4152 707 4227 genere
722 4128 829 4206 alvus
856 4130 1030 4228 liquidior
1048 4129 1184 4231 juvat)
1199 4162 1209 4218 ;
1234 4133 1271 4207 in

179 4237 284 4313 omui
298 4235 412 4315 etiarn
427 4238 558 4316 morbo
573 4240 612 4315 in
630 4265 708 4343 quo
723 4242 841 4320 nimia
856 4242 1062 4321 humorum
1076 4244 1273 4323 abuudan-
