2678 4794
205 362 274 438 298
579 379 829 441 cousrscrus
1066 385 1285 440 caaxxrv.

204 557 470 637 cer-iudicanda
485 565 525 632 et
539 555 903 646 contra-indicantia,
920 557 1116 655 dequibus
1134 572 1287 637 tantum

204 670 451 747 disseruerunt
468 669 610 743 medici.

252 803 485 860 ncoccuxvu.
510 780 639 854 Priora
654 781 792 855 nullam
808 781 969 856 afferunt
994 781 1262 860 difficultatem
1279 814 1290 860 a

203 896 399 997 posteriora
414 916 509 992 saepe
525 892 738 981 maximam,
767 894 921 993 vixque,
945 905 1010 967 aut
1034 917 1082 968 ne
1107 897 1172 967 vix
1198 899 1294 993 qui·

202 1009 299 1095 dem,
315 1030 458 1105 semper
473 1007 755 1105 expediendam.
808 1007 934 1081 Datur
950 1017 1072 1080 autem
1091 1008 1182 1104 (quo
1196 1008 1292 1082 sirn-

200 1117 329 1216 plicius
345 1142 422 1193 esse
438 1120 571 1218 nequit
588 1132 655 1194 aut
670 1120 805 1195 certius
822 1127 1063 1218 praeceptum)
1089 1118 1198 1216 plana
1223 1119 1291 1194 illa

199 1238 238 1302 et
261 1227 455 1304 utilissima
472 1232 612 1331 regula,
636 1231 766 1330 majori
791 1231 1007 1317 necessitati,
1032 1254 1193 1328 quaeque
1211 1256 1288 1306 rna·

197 1340 255 1438 gis
272 1351 393 1441 urget,
410 1343 612 1417 satisfacere
629 1345 760 1443 primo,
784 1342 992 1443 posthabita
1010 1344 1159 1415 minoris
1176 1367 1286 1428 cura3

197 1462 389 1528 summoto
405 1456 515 1541 enim,
532 1455 593 1528 vel
611 1455 802 1533 sublevato
818 1467 977 1541 tantum,
1002 1455 1168 1552 graviore
1191 1457 1286 1554 peri·

197 1566 292 1653 culo,
310 1577 459 1666 tempus
475 1567 585 1640 datur
614 1568 659 1640 ad
677 1567 813 1641 leviora
829 1567 926 1641 mala
956 1565 1193 1665 respiciendi;
1223 1566 1285 1641 vel

197 1672 276 1753 baec
299 1679 463 1766 forsitan,
498 1677 581 1752 solis
606 1679 762 1752 Naturae
798 1679 950 1765 viribus,
980 1677 1026 1752 ad
1052 1702 1164 1752 suum
1189 1702 1284 1776 opus

191 1789 272 1888 jam
289 1804 440 1892 propter
464 1792 632 1865 levamen
661 1789 794 1864 melius
810 1790 977 1876 valentis,
1003 1791 1106 1863 brevi
1130 1813 1283 1888 quoque

197 1904 526 1978 submovebuntur.
576 1904 695 1978 Juvat
717 1913 841 1977 tamen
868 1903 1064 1989 monuisse,
1089 1902 1283 2001 plerasque

171 2028 177 2036 '
195 2014 404 2089 istiusmodi
431 2016 694 2091 difficultatum
712 2039 798 2114 quae
815 2014 972 2089 medicos
989 2023 1137 2088 tantum
1163 2014 1282 2088 solitae

195 2124 341 2203 fuerant
357 2129 502 2215 morari,
526 2128 758 2227 imaginarias
775 2151 871 2211 esse;
897 2125 1033 2200 scilicet
1049 2150 1170 2223 quaea
1195 2126 1281 2200 solis

196 2239 316 2312 morbi
334 2240 447 2337 signis
474 2240 686 2326 observatis,
710 2238 812 2313 nulla
836 2238 984 2313 illorum
1010 2261 1197 2312 musarum
1223 2263 1280 2311 ra-

196 2350 298 2424 tione
317 2352 451 2438 habita,
468 2352 689 2427 oriebantur.

245 2486 506 2540 ncccctxvm.
545 2465 701 2540 Nemini
725 2489 815 2540 vero
851 2464 962 2539 latere
996 2475 1118 2563 potest
1143 2465 1212 2563 qui
1235 2464 1279 2539 ad

195 2577 410 2650 morborum
435 2601 558 2652 causas
584 2588 623 2651 et
647 2579 752 2676 signa
775 2578 938 2651 animum
963 2579 1174 2664 attenderit,
1200 2575 1277 2675 plu·

193 2688 287 2760 rima
323 2699 362 2763 et
399 2689 603 2763 admodum
641 2690 783 2764 diversa
808 2688 903 2763 mala
931 2689 977 2762 ab
1001 2689 1132 2762 eadem
1161 2711 1275 2776 causa,

192 2808 284 2892 puta
303 2800 432 2873 morbo
449 2800 510 2873 vel
526 2802 619 2874 vitio
636 2803 768 2899 quovis
785 2802 1050 2899 simplicissimo
1073 2802 1112 2874 in
1131 2823 1277 2901 corpore

192 2905 364 2993 haerente,
390 2934 493 2984 suam
533 2911 715 3008 originem
741 2910 893 2987 trahere.
930 2912 1064 3010 Neque
1089 2937 1178 2987 sane
1214 2920 1276 2989 aut

191 3018 403 3114 negandum
433 3032 488 3093 est
518 3020 588 3093 boc
617 3032 684 3094 aut
700 3022 908 3111 ridendum,
939 3034 1118 3122 tanquam
1145 3023 1275 3100 diversi

190 3126 251 3200 vel
284 3130 454 3203 contrarii
488 3130 643 3206 effectus
675 3133 797 3207 eidem
832 3159 951 3210 cansae
983 3139 1273 3234 imputarentun

189 3251 435 3341 praeterquam
453 3242 549 3315 enim
576 3245 679 3342 quod
705 3248 863 3344 corporis
886 3249 1049 3324 conditio
1074 3249 1272 3325 admodum

189 3356 316 3442 variat,
334 3364 372 3429 et
389 3356 455 3429 vix
472 3381 639 3454 unquam
656 3359 694 3432 in
714 3359 865 3434 diversis
882 3360 1105 3449 hominibus,
1131 3386 1181 3437 ne
1198 3360 1271 3461 qui·

188 3463 275 3536 dem
293 3469 332 3538 in
350 3468 492 3554 iisdem,
524 3469 675 3543 diversis
706 3473 946 3571 temporibus,
976 3498 1124 3573 prorsus
1148 3475 1271 3548 eadem

186 3585 262 3660 est;
290 3589 329 3651 et
359 3580 411 3652 sic
427 3581 519 3654 varii
546 3581 592 3654 ab
609 3583 737 3657 eadem
755 3610 861 3659 causa
878 3586 1030 3660 affectus
1060 3585 1269 3684 profluunt:

187 3690 446 3788 unusquisque
474 3691 549 3766 fere
578 3695 729 3770 istorum
748 3697 951 3772 affectuum
969 3722 1034 3772 seu
1050 3698 1270 3772 indiciorum

186 3798 440 3876 morbidorum
469 3830 537 3904 pro
564 3807 633 3881 alia
660 3834 767 3883 causa
796 3809 962 3883 morbida
989 3809 1114 3883 haberi
1141 3818 1269 3911 potest,

185 3910 296 3997 uude,
322 3913 441 3988 veluti
458 3942 478 3989 a
495 3910 606 3992 'novo
622 3921 752 4007 radice,
782 3922 870 3994 novi
900 3921 1030 4008 morbi,
1057 3946 1157 3997 nova
1172 3922 1268 4006 vitis,

185 4047 281 4098 nova
298 4025 511 4102 morborum
529 4031 675 4118 indicia,
692 4033 906 4106 continuata
918 4034 1009 4108 serie
1026 4033 1225 4131 pullulant.

233 4159 452 4214 ncccctxrx.
473 4141 597 4238 Igitur
624 4144 664 4216 in
695 4143 758 4217 tali
789 4157 887 4219 statu
917 4147 1011 4220 bene
1035 4149 1268 4246 perspicuum

180 4257 250 4337 est,
267 4274 289 4324 a
305 4251 617 4350 contemplatione
635 4255 927 4358 uniuscujusque
938 4258 1034 4358 signi
1048 4260 1168 4336 morbi
1178 4279 1267 4336 com·
