2678 4794
188 292 260 359 402
560 303 815 363 contraeatis
1071 300 1162 357 CAP.
1179 301 1282 358 XXX·

194 491 271 569 tat;
297 490 336 557 et
364 482 415 557 sic
442 483 481 557 in
499 480 687 557 nonnullis
704 480 841 556 morbis
869 477 1012 554 abaliis
1027 479 1140 578 plane
1169 481 1287 555 musis

194 619 306 693 quam
335 594 573 695 languidiore
591 594 779 694 sauguinis
796 602 905 668 motu
933 592 1199 690 pendentibus,
1223 617 1284 667 ve·

193 707 265 782 luti
282 709 321 781 in
351 719 505 806 torpore,
534 720 601 782 aut
626 706 785 807 paralysi
814 704 899 803 plus
915 705 1088 779 minusve
1110 702 1282 803 perfecta,

191 817 391 918 aliquando
406 819 609 916 plurimum
627 819 785 918 prodest.
826 818 998 916 Ipsorum
1016 816 1169 903 forsitan
1183 841 1281 891 mus-

192 931 359 1006 culorum
387 931 589 1005 contractio
616 930 759 1029 corpori
786 928 937 1003 stimulo
963 941 1041 1014 est;
1067 939 1106 1002 et
1135 928 1193 1003 vis
1216 927 1279 1001 illa

192 1043 318 1142 ignota
336 1065 399 1116 seu
430 1053 582 1116 conatus
600 1041 830 1138 <ccc-nvn)
847 1043 913 1140 qui
942 1040 1131 1115 musculos
1148 1039 1278 1115 volun-

191 1156 273 1229 tarii
290 1163 413 1229 motus
429 1154 476 1228 ad
492 1155 677 1228 actionem
694 1155 776 1240 ciet,
793 1154 833 1226 id
849 1152 1078 1227 manifestius
1100 1151 1276 1226 stimulat.

191 1267 288 1340 Nam
305 1267 425 1340 omnis
455 1291 582 1340 sensus
599 1265 786 1364 multique
801 1265 915 1338 animi
944 1263 1099 1339 affectus
1116 1271 1275 1356 (srcclx,

190 1386 316 1477 mccx)
334 1379 530 1477 omnisque
546 1378 702 1453 demum
719 1376 920 1452 voluntatis
936 1376 1042 1462 actio,
1064 1400 1201 1475 corpus
1216 1375 1275 1450 ali-

188 1505 374 1589 quantum
391 1492 565 1578 excitant,
596 1515 641 1564 eo
657 1491 774 1588 magis
791 1499 830 1563 et
846 1488 991 1577 certius,
1008 1512 1086 1586 quo
1103 1489 1185 1588 ipsa
1199 1513 1276 1589 gra·

189 1604 291 1677 viora
307 1604 454 1678 fuerint

238 1737 409 1791 stccvm.
438 1714 618 1791 Stimulos
643 1714 712 1802 hic,
738 1738 852 1813 quem
878 1713 1037 1813 corporis
1061 1713 1276 1790 exercitatio

188 1827 275 1902 dare
290 1828 392 1917 solet,
409 1829 579 1926 quemvis
596 1851 692 1924 saepe
709 1826 971 1903 saluberrimus
987 1826 1063 1913 fiat,
1082 1827 1187 1902 haud
1198 1850 1275 1901 raro

187 1949 311 2012 tamen
329 1963 466 2036 magno
481 1939 715 2012 incommodo
744 1951 857 2037 atque
873 1938 1036 2038 periculo
1053 1962 1130 2012 non
1148 1951 1274 2022 vacat;

185 2071 309 2145 neque
324 2050 409 2122 ideo
425 2049 599 2124 omnibus
616 2051 752 2149 pariter
767 2053 915 2151 aegrotis
944 2053 1121 2126 convenit
1137 2052 1273 2150 quibus

184 2159 343 2236 stimulo*
352 2161 477 2261 aliquo
494 2186 587 2261 opus
603 2173 681 2250 est;
707 2162 854 2251 scilieet,
871 2165 960 2262 quia
971 2164 1165 2239 interdum
1182 2164 1272 2239 duur

185 2296 317 2372 corpus
333 2274 496 2349 multum
527 2276 676 2363 excitat,
702 2277 799 2351 vires
824 2275 936 2350 simul
962 2275 1042 2373 ejus
1069 2277 1210 2351 mirum
1234 2276 1271 2348 in

184 2387 342 2461 modum
359 2387 542 2477 exhaurit,
560 2389 823 2486 hominemque
840 2389 946 2487 quasi
961 2389 1153 2486 opprimit,
1173 2384 1271 2487 quod
1291 2440 1294 2444 -

185 2497 366 2598 imprimis
382 2501 545 2578 notabile
561 2514 617 2576 est
642 2502 682 2575 in
698 2500 807 2575 valde
834 2500 1049 2575 imbecillis:
1077 2526 1165 2576 nam
1184 2525 1271 2576 sern-

182 2635 248 2709 per
265 2598 442 2688 memdria
469 2614 675 2688 tenendum
702 2623 768 2701 est,
793 2614 952 2712 corporis
969 2615 1270 2689 exercitationem

182 2746 227 2794 eo
242 2728 447 2820 graviorem
466 2727 547 2800 lieri
564 2726 771 2813 stimulum,
801 2749 920 2823 eoque
942 2723 1027 2823 plus
1043 2725 1269 2802 incommodi

179 2842 294 2928 atque
311 2837 463 2932 periculi
479 2837 620 2925 afferre,
646 2862 723 2936 quo
751 2862 858 2934 aeger,
884 2838 962 2910 sive
978 2850 1114 2912 natura
1139 2838 1217 2912 sive
1231 2838 1268 2909 vi

179 2943 310 3030 morbi,
336 2946 490 3020 debilior
514 2949 633 3022 factus
666 2946 787 3021 fuerit.
854 2948 968 3037 Quod
995 2973 1084 3024 sane
1114 2947 1267 3022 minime

156 3154 160 3161 μ
178 3053 316 3128 mirum
335 3067 401 3144 est,
423 3082 507 3131 eum
527 3060 672 3156 (praeter
688 3058 864 3134 effectum
882 3084 994 3135 suum
1010 3061 1267 3137 debilitantem

180 3166 341 3264 (ccch)
367 3168 406 3240 in
432 3191 567 3266 genere
591 3178 760 3267 nervoso)
786 3181 934 3247 motum
960 3175 1152 3273 sanguinis
1177 3171 1265 3247 adeo

176 3278 335 3367 festinat,
361 3289 399 3353 et
416 3280 467 3353 sic
483 3301 625 3353 novum
642 3290 871 3382 auctumque
888 3284 1063 3373 laborem,
1088 3286 1136 3360 ad
1153 3309 1262 3385 quem

176 3414 306 3486 parum
327 3391 460 3478 valent,
486 3390 627 3465 viribus
645 3396 863 3495 sanguinem
882 3399 1123 3473 moventibus
1150 3398 1261 3498 impu

174 3500 241 3573 nit.
293 3502 528 3601 Quapropter
546 3513 654 3578 caute
669 3508 824 3582 omnino
849 3508 1033 3584 debilibus
1059 3521 1176 3609 atque
1203 3532 1259 3583 ex·

173 3608 314 3685 haustis
347 3637 414 3710 pro
448 3614 661 3690 stimulante
693 3621 857 3695 remedio
891 3623 1162 3719 prescribenda
1200 3632 1257 3697 est.

173 3721 269 3796 Haec
284 3733 411 3798 autem
428 3724 475 3799 de
491 3726 598 3802 bonis
613 3738 728 3828 atque
746 3733 848 3806 mulis
865 3735 1140 3809 exercitationis
1157 3733 1256 3808 effec-

173 3834 272 3908 tibus
302 3835 362 3908 hic
390 3863 514 3942 quam
534 3840 719 3917 levissime
735 3868 954 3920 memorasse
970 3857 1025 3920 sat
1051 3849 1145 3932 erit;
1173 3869 1256 3945 quo

171 3947 272 4020 niam
290 3949 407 4022 lissius
431 3949 511 4047 jam
541 3953 614 4028 alio
643 3957 712 4031 sub
728 3958 848 4055 capite
866 3960 1038 4057 (xxvm)
1057 3959 1105 4032 de
1130 3959 1174 4033 iis
1191 3956 1257 4031 dic·

46 4063 49 4072 '
171 4067 255 4132 tum
273 4071 337 4135 est.

219 4191 362 4247 mcclx.
391 4173 505 4262 Quod
533 4200 681 4254 sensum
712 4205 801 4255 vero
830 4183 975 4270 attinet,
1005 4184 1128 4265 orturis
1153 4181 1250 4281 plane
