2678 4794
129 289 200 359 110
545 295 797 352 eousrncrus
1040 300 1199 356 censu.

127 480 298 565 obseurae,
316 500 388 552 non
406 485 460 549 cst
475 473 733 560 dubitandum,
751 473 843 571 quin
862 473 976 547 serius
992 496 1110 570 ocyus
1124 477 1200 550 dies

126 591 255 667 lumen
272 587 446 665 attulerit

128 766 132 771 .
176 723 365 780 cccnxrx.
391 697 533 772 Omnes
548 707 673 770 motus
686 697 753 796 qui
769 696 929 770 strictius
946 697 1121 772 animales
1139 725 1201 773 vo

127 825 266 897 cantur,
281 833 425 908 nempe,
441 817 631 906 quotquot
646 807 872 882 avoluntate
887 809 1061 907 pendent,
1078 821 1117 882 et
1131 812 1203 908 ipsi

127 923 305 999 naturales
321 935 359 995 et
376 920 504 995 vitales
520 921 558 993 in
577 946 670 1019 quos
687 920 847 994 divisum
876 919 1073 1017 imperium
1092 919 1203 994 habe·

126 1059 218 1120 mus,
236 1035 372 1107 mirum
383 1035 422 1107 in
436 1032 591 1108 modum
605 1058 670 1132 reg
725 1043 786 1105 tur
799 1030 1074 1104 eonsuetudine
1120 1032 1202 1119 Vis,

124 1145 308 1231 velocitas,
325 1145 425 1233 ordo,
443 1155 601 1243 tempus,
618 1056 768 1228 reddl'us,
789 1166 925 1227 sensus,
944 1142 990 1214 ab
1006 1142 1073 1216 hae
1089 1145 1202 1240 potis·

124 1259 259 1331 simum
289 1257 463 1356 pendent.
515 1255 646 1330 Motus
675 1256 796 1353 primo
824 1252 1000 1340 difficiles,
1030 1277 1098 1328 nee
1123 1255 1202 1329 sine

123 1371 226 1467 gravi
254 1392 362 1445 sensu
391 1367 614 1467 perficiendi,
639 1377 678 1441 et
706 1367 854 1466 penitus
871 1365 1079 1453 voluntarii,
1105 1392 1200 1466 saepe

123 1482 281 1580 repetiti,
307 1481 550 1580 promptiores
568 1491 606 1553 et
630 1479 805 1553 faciliores
831 1477 952 1562 fiunt3
977 1487 1016 1551 et
1040 1478 1201 1566 tandem,

123 1594 239 1669 inscio
267 1592 341 1667 fere
368 1591 530 1677 homine,
555 1590 624 1665 hoc
650 1599 716 1677 est,
742 1613 816 1663 non
847 1588 1072 1676 attendente,
1100 1613 1200 1688 pera·

124 1715 276 1804 guntur.
316 1705 394 1780 Sibi
404 1704 581 1804 permissi,
591 1713 691 1777 certo
702 1711 742 1775 et
751 1699 859 1809 solito
871 1700 1201 1800 ordineperficiun·

125 1831 208 1893 tur:
235 1816 433 1916 aliquando
448 1815 560 1889 etiarn
585 1813 705 1887 alieno
727 1822 793 1886 out
809 1836 907 1886 novo
923 1812 1053 1885 ordine
1077 1813 1201 1912 perfici

124 1939 326 2026 nequeunt.
369 1926 553 2025 Majorern
566 1927 645 2000 vim
662 1935 700 1999 et
713 1924 945 1999 velocitatem
961 1935 1085 1999 motus
1103 1949 1201 2001 mus-

122 2039 198 2113 culi
214 2038 468 2137 adipiscuntur
494 2063 574 2124 usu,
599 2047 748 2136 propter
772 2037 930 2111 rationes
955 2037 1200 2125 (cccxxxsuu,

124 2157 332 2247 ceexxrux)
358 2161 583 2223 memoratos.
634 2148 799 2236 Quidam
825 2145 978 2234 stimuli,
1003 2158 1201 2249 motusque

123 2260 257 2336 abillis
273 2261 486 2362 pendentes,
512 2262 578 2360 qui
594 2259 741 2334 incertis
760 2258 961 2335 intervallis
977 2258 1096 2333 redire
1112 2258 1199 2335 sole·

124 2374 225 2461 bant,
254 2374 520 2449 consuetudine
546 2374 593 2447 ad
623 2384 720 2447 certa
753 2380 919 2469 temporo
951 2360 1200 2457 reducuntur;

126 2485 243 2561 veluti
271 2487 343 2562 eibi
370 2487 567 2586 appetitus,
592 2485 786 2585 propensio
812 2483 859 2556 ad
875 2483 1001 2558 alvum
1024 2506 1200 2559 evacuan-

125 2596 214 2671 dum
234 2610 273 2672 et
289 2600 434 2673 urinam
450 2598 687 2684 reddendam,
704 2606 743 2669 et
759 2594 900 2669 similis
943 2595 1045 2682 Quin
1058 2605 1099 2687 et
1113 2596 1200 2670 novi

125 2711 312 2806 appetitus
329 2710 595 2784 consuetudine
612 2732 708 2805 saepe
724 2707 926 2791 discuntur,
951 2704 1049 2779 haud
1075 2706 1129 2781 ita
1152 2706 1199 2781 fs·

126 2819 194 2891 cile
210 2819 443 2904 dediscendi;
469 2819 585 2892 veluti
602 2819 692 2903 vini,
710 2818 811 2904 tlreoe,
835 2813 966 2915 affice,
992 2814 1200 2907 nicotiana,

126 2938 164 2999 et
181 2927 384 3002 multarum
400 2954 535 3014 rerum,
561 2952 651 3026 quas
669 2937 817 3003 tantum
844 2928 984 3002 abesset
1001 2937 1044 3000 ut
1068 2943 1200 3007 natura

126 3047 393 3136 appeteremus,
431 3049 476 3112 ut
503 3040 624 3136 primo
653 3039 807 3138 ingratae
834 3050 873 3114 ct
901 3039 968 3112 vix
997 3038 1200 3117 tolerabiles

126 3151 290 3226 fuissent.
341 3150 415 3221 Par
431 3150 524 3223 ratio
540 3158 606 3236 est,
632 3152 734 3248 quod
750 3151 862 3226 multi
879 3149 1028 3237 stimuli,
1051 3153 1199 3229 validio-

126 3288 182 3338 res
199 3286 313 3362 quam
330 3286 424 3360 quos
439 3261 584 3335 Natura
599 3256 815 3339 necessarios
831 3263 928 3351 fecit,
953 3273 1035 3363 post
1051 3264 1200 3365 longum

125 3375 444 3461 consuetudinem,
469 3375 658 3448 neoessarii
684 3375 784 3451 finnt.
841 3376 945 3450 Hinc
971 3375 1111 3451 factum
1136 3386 1199 3464 est,

128 3495 172 3558 ut
187 3486 299 3560 homo
323 3486 496 3584 seipsum,
521 3486 551 3558 si
575 3487 710 3585 cupiat,
735 3487 941 3585 plurimum
957 3488 1140 3577 mutandi,
1163 3500 1201 3563 et

126 3599 231 3697 quasi
246 3599 371 3673 denuo
386 3598 594 3685 fabricandi,
619 3607 838 3699 potestatem
866 3599 1018 3672 habeat:
1044 3622 1101 3673 res
1126 3622 1199 3675 me·

26 3726 28 3730 ‘
126 3709 284 3783 dicinnm
304 3708 519 3784 facientibus
536 3709 635 3784 baud
646 3708 837 3783 mediocris
854 3710 1036 3797 utilitatis,
1054 3710 1200 3787 advitia

126 3821 295 3920 quiedam
313 3822 586 3896 constitutionis
601 3822 824 3918 oorrigenda,
847 3835 885 3895 et
902 3821 1040 3896 multos
1058 3824 1201 3897 morbos

126 3933 407 4035 praeoevendos;
448 3932 654 4006 dummodo
685 3943 837 4006 cautum
879 3932 991 4007 fuerit
1032 3934 1200 4019 mutatio,

125 4069 239 4144 quarn
256 4045 424 4146 eupiunt,
442 4054 480 4117 et
496 4044 637 4118 efficere
654 4051 812 4130 tentant,
828 4044 929 4118 lente
946 4053 984 4118 et
1000 4044 1202 4142 prudenter

127 4156 331 4231 induentur.
