2678 4794
128 374 216 431 cue.
233 373 347 430 xum.
397 367 616 427 nnmerum
635 366 922 428 rnnonnrrcm.
1130 359 1206 426 585

132 556 211 630 sive
227 554 287 629 hio
303 550 485 628 sarmium
513 549 701 649 quendam
717 550 788 625 sibi
803 548 1016 624 formaverit
1032 548 1148 646 inque
1162 570 1209 651 eo

132 666 292 754 latuerit,
309 667 385 740 sive
397 665 526 740 vesieae
543 662 697 737 limriter
713 662 906 738 adhaeserit
920 685 1018 762 mgre
1034 661 1209 760 detegen-

131 779 212 866 dus,
235 781 311 854 sive
327 789 472 853 tuntum
492 774 654 876 ehimrgi
671 777 895 877 explorantis
911 786 1053 851 tautum
1069 773 1209 873 effuge·

132 893 191 978 rit,
209 893 286 966 sive
297 892 448 964 demum
463 889 563 985 prius
580 913 682 987 asper
698 901 737 963 et
753 889 961 988 angulosus,
979 888 1080 962 laevis
1096 899 1209 985 atque

128 1004 312 1077 rotundus
327 1002 455 1086 faetus,
481 1000 650 1086 vesicam,
679 1000 848 1075 nonnihil
865 1001 1015 1077 fortasse
1031 1008 1209 1100 perpetua

128 1114 208 1212 ejus
225 1115 392 1188 frictione
408 1112 614 1199 mllentem,
641 1114 763 1188 minus
778 1113 921 1189 laeserit.

180 1248 307 1301 unci„
333 1225 474 1299 Medici
503 1249 612 1323 porro
627 1249 712 1300 eum
732 1225 927 1300 denatura
943 1236 983 1301 et
998 1225 1139 1300 viribus
1154 1234 1209 1300 tn·

127 1337 221 1413 lium
232 1338 480 1413 remediorum
493 1338 614 1436 primo
626 1336 832 1412 ratiocinari
844 1337 1057 1437 inciperent,
1068 1340 1114 1411 in
1127 1337 1210 1436 plu·

129 1451 243 1525 rimos
259 1459 298 1524 et
313 1475 443 1549 graves
468 1474 604 1524 errores
620 1449 842 1536 inciderunt,
867 1473 981 1549 seque
997 1451 1210 1525 confusione

127 1561 228 1637 haud
244 1562 350 1637 facile
366 1561 597 1662 expedienda
613 1563 901 1661 implicuerunt;
927 1563 1031 1660 quod
1048 1563 1211 1660 profecto

126 1673 181 1747 nil
197 1676 347 1762 mirum,
372 1699 460 1750 curn
490 1700 576 1749 vern
598 1673 709 1750 caleis
739 1675 844 1758 vivae,
869 1685 983 1774 utque
998 1674 1083 1747 ideo
1100 1672 1212 1747 alouli

125 1787 286 1872 mustioi,
300 1797 432 1861 natura
444 1800 536 1862 tunc
549 1787 726 1885 temporis
738 1787 895 1861 minime
906 1785 1094 1861 inteueeu
1107 1795 1210 1860 esset

125 1897 230 1984 Quin
248 1907 287 1970 et
303 1911 500 1995 postquam
529 1896 786 1996 pulcherrimis
802 1898 889 1973 olari
906 1898 1054 1975 enemim
1069 1898 1211 1996 experi-

125 2008 262 2081 mentis
278 2007 571 2080 demonstratum
582 2009 722 2095 fuisset,
739 2034 782 2084 ea
793 2033 869 2083 non
880 2011 989 2086 aliam
1002 2011 1052 2085 ob
1064 2035 1211 2085 eausam

125 2142 240 2217 quum
268 2124 351 2191 alirn
378 2141 488 2191 suum
513 2117 648 2203 lixum,
673 2120 732 2190 vel
749 2122 898 2194 aeidum
914 2122 1150 2199 carbunicam
1167 2133 1212 2197 ut

125 2254 228 2305 nuno
238 2238 401 2314 vonumr,
418 2228 628 2326 expulsum,
646 2231 805 2303 onustiori
817 2229 907 2316 fieri,
924 2242 963 2304 et
979 2231 1050 2304 hoe
1064 2234 1211 2306 reddito

125 2343 250 2416 denuo
278 2342 480 2429 mitescere,
505 2339 586 2416 huto
610 2340 722 2415 etiam
748 2351 892 2441 reperta
916 2342 1009 2416 adeo
1037 2342 1210 2441 neglexe-

124 2464 226 2542 runt,
244 2463 288 2528 ut
304 2453 474 2552 plurimis
486 2454 669 2528 institutis
685 2454 950 2552 experimentis
966 2468 1005 2529 et
1020 2454 1213 2529 ratiocina-

123 2567 298 2653 tionibus,
325 2565 479 2640 minime
508 2565 695 2640 dubitasse
711 2567 782 2641 visi
800 2568 874 2640 sint
890 2567 1022 2642 ealoem
1041 2578 1079 2641 et
1097 2567 1209 2641 salem

126 2676 340 2764 anulinum,
366 2701 442 2752 non
459 2678 573 2753 modo
588 2702 682 2776 pura
701 2678 879 2776 nulloque
896 2704 984 2754 cum
1002 2678 1108 2755 acido
1125 2702 1209 2753 eon·

120 2788 263 2886 juncta,
289 2791 353 2864 sed
378 2791 536 2864 caustica
560 2790 693 2877 adhue,
719 2816 784 2890 per
799 2792 1060 2880 ventriculum,
1086 2803 1125 2866 et
1153 2793 1209 2865 in·

126 2902 270 2989 testinn,
293 2913 336 2977 et
352 2926 438 2977 vasa
454 2903 579 2989 lacten,
597 2912 636 2977 et
653 2927 725 2989 oon,
742 2913 780 2978 et
797 2904 1025 3003 pulmonem,
1041 2905 1088 2979 ad
1105 2928 1211 2979 renes

123 3038 201 3088 esse
217 3028 453 3114 perventura,
475 3026 516 3091 et
540 3041 627 3090 eum
646 3018 751 3090 urina
767 3025 903 3090 secreta
920 3019 1035 3116 inque
1051 3017 1208 3091 vesicam

125 3125 255 3214 delata,
271 3127 450 3203 ouleulum
469 3128 520 3201 ibi
538 3139 825 3202 commorantem
844 3152 919 3203 non
937 3129 1042 3204 aliter
1058 3130 1208 3203 oomrni-

125 3246 274 3324 nutura,
308 3262 421 3336 quem
452 3241 482 3313 si
511 3253 617 3315 extro
642 3265 775 3340 oorpus
804 3240 970 3338 ejusdem
999 3241 1208 3340 fragmento

125 3372 218 3447 pura
234 3357 274 3421 et
290 3349 429 3423 sincera
443 3350 561 3427 affusa
574 3362 707 3427 essent.

178 3483 322 3539 nncnr.
348 3461 464 3537 Ratio
480 3473 607 3537 autem
624 3464 733 3564 plane
749 3463 858 3539 docet
885 3463 955 3538 hoc
983 3462 1208 3563 impossibile
1290 3486 1293 3491 ·

124 3597 212 3661 esse,
236 3584 276 3648 et
304 3598 445 3672 nupera
471 3575 643 3673 quaedam
672 3577 926 3675 experimenta
954 3578 1206 3663 ostenderunt,

124 3710 247 3784 neque
259 3684 372 3762 olenii
384 3688 488 3773 mite,
501 3688 672 3787 quamvis
684 3712 822 3787 purum
836 3698 875 3762 et
886 3713 1017 3787 parurn
1031 3689 1206 3774 dilutum,

123 3820 248 3896 neque
263 3824 396 3898 aquarn
421 3799 537 3886 caleis,
563 3823 687 3900 neque
712 3798 825 3876 ulculi
851 3803 1065 3888 mustioum,
1090 3800 1207 3872 urinae

126 3912 264 3984 renenti
278 3912 367 3986 satis
378 3909 480 4011 lorge
494 3911 662 4000 admista,
685 3914 855 4012 quamvis
872 3938 994 4014 neque
1011 3911 1206 3986 ventriculi

124 4043 251 4120 neque
278 4025 464 4122 pulmonis
480 4024 576 4099 vires
592 4034 744 4123 experte
761 4036 891 4112 essent,
916 4025 1121 4124 fragmenta
1137 4023 1206 4097 eal-

123 4131 290 4207 culorum
308 4135 368 4210 vel
385 4137 586 4212 minimum
604 4137 864 4212 comminuere.
915 4136 975 4211 Ea
998 4136 1114 4236 igitur
1143 4159 1206 4209 ex·

124 4245 327 4345 perimente
344 4260 382 4326 et
397 4251 669 4328 observationes
697 4248 772 4325 sola
799 4249 978 4353 perpendi
1006 4244 1204 4335 merentur,
