2678 4794
99 391 188 446 car.
206 389 329 445 xxxv.
380 383 602 442 mensumn
620 385 909 445 annoanrrca.
1105 374 1180 452 487

99 568 221 642 veluti
237 561 490 668 ipecacuuada
506 571 572 638 aut
584 563 721 640 tortris
731 558 1171 666 castimonii'bicquoque

98 680 329 756 annumerari
346 687 511 778 possunt.
623 672 631 687 '

149 815 336 868 mccccxr.
362 791 519 865 Acriora
534 788 655 865 adhuc
671 799 770 879 sunt,
798 789 975 867 rhamnus
1003 789 1172 868 catharti-

96 929 172 993 eus,
198 905 403 979 helleborus
425 904 541 1002 niger,
566 915 752 977 veratrum
769 902 907 993 album,
931 905 1098 980 cucumis
1113 927 1171 978 co·

95 1016 291 1117 locynthis,
309 1013 552 1090 convolvolus
568 1014 800 1104 scammonia,
828 1015 1048 1093 owmordicu
1064 1014 1172 1091 elate-

95 1129 202 1215 rium,
223 1125 510 1227 gummirest'ua
534 1125 810 1226 stabgoitidis
827 1128 1047 1230 Cartbagiae,
1071 1141 1111 1204 et
1127 1126 1173 1201 si·
1282 1123 1287 1131 ’

95 1241 200 1313 milia
215 1241 310 1312 bene
325 1238 454 1327 multa,
472 1262 557 1336 quae
572 1239 641 1312 vix
655 1263 750 1338 opus
760 1251 815 1314 est
826 1265 1021 1317 recensere
1070 1241 1171 1316 Cum

95 1351 153 1424 his
170 1375 321 1449 quoque
338 1350 480 1424 acribus
495 1350 784 1451 'medicamentis
799 1375 848 1425 ex
863 1352 984 1429 herbis
999 1354 1173 1452 desump-

96 1463 145 1537 tis
162 1462 394 1536 annumerari
412 1462 549 1536 debent
566 1462 743 1537 nonnulla
760 1487 809 1537 ex
825 1464 993 1553 metallis,
1021 1474 1175 1566 argento

95 1576 184 1649 vivo
217 1575 428 1675 praesertim,
467 1584 505 1649 et
539 1575 659 1663 stibio,
701 1586 836 1674 parata.
911 1576 1007 1652 Haec
1038 1579 1173 1666 omnia,

92 1689 265 1786 quamvis
282 1685 484 1760 admodum
510 1686 648 1784 exigua
672 1688 881 1786 quantitate
897 1698 1095 1788 assumpta,
1118 1691 1174 1764 in·

93 1801 227 1874 testina
245 1799 387 1873 fortiter
417 1799 573 1886 irritant,
598 1797 801 1900 alvumque
827 1801 937 1890 cient,
963 1826 1058 1900 saepe
1087 1824 1176 1876 cum

94 1912 268 2011 gravibus
284 1911 516 1998 torminibus,
534 1933 603 1985 nec
614 1934 696 1986 raro
711 1936 800 1987 cum
819 1912 1174 2012 vehementelvomi·

96 2032 139 2098 tu
158 2026 490 2121 (mcecnxxx111);
515 2023 643 2120 pulsus
653 2048 805 2124 quoque
821 2050 917 2126 saepe
933 2025 1119 2114 festinant,
1136 2033 1176 2101 et

92 2159 225 2235 corpus
241 2128 340 2209 haud
357 2157 489 2232 parum
506 2134 733 2222 calefaciunt,
758 2146 797 2210 et
820 2139 1006 2213 interdum
1032 2140 1174 2213 mirum

91 2249 132 2322 iu
152 2248 304 2322 modum
323 2244 549 2331 convellunt,
574 2254 614 2318 et
629 2246 815 2320 intestinis
844 2250 1037 2347 imprimis,
1061 2249 1174 2347 parti·

93 2359 239 2459 busque
263 2359 406 2444 vicinis,
431 2379 701 2455 nonnunquam
731 2357 926 2456 insigniter
951 2370 1098 2445 nocent,
1122 2361 1175 2433 ita

91 2481 137 2546 ut
155 2471 272 2546 multa
289 2494 418 2544 eorum
436 2468 537 2543 haud
553 2469 741 2543 immerito
750 2469 832 2568 jam
849 2469 909 2543 vel
925 2494 1006 2544 raro
1022 2471 1173 2569 prescri-
1304 2490 1309 2501 ·

94 2584 241 2669 bantur,
267 2581 326 2657 vel
342 2581 491 2679 penitus
519 2581 774 2656 obsoleverint.
830 2582 907 2656 Nec
933 2582 1053 2657 verbis
1079 2605 1173 2680 opus

91 2706 160 2782 est,
186 2703 231 2769 ut
247 2694 368 2768 omnis
386 2692 549 2767 medicus
565 2694 650 2766 satis
667 2695 861 2792 perspiciat
889 2704 1030 2793 quanta
1058 2692 1097 2766 in
1129 2692 1173 2767 iis

91 2806 311 2881 adhibendis
327 2804 524 2905 prudentia
541 2829 635 2905 opus
652 2807 710 2892 sit,
728 2805 919 2902 siquando,
937 2815 1094 2904 urgente
1109 2827 1173 2879 ne-

89 2920 260 2996 cessitate
276 2918 410 3017 aliqua,
436 2918 483 2991 ad
510 2915 596 2991 talia
625 2917 893 2992 medicamenta
909 2917 1109 3018 confugere
1132 2940 1171 2992 o·
1311 2944 1314 2951 ·

94 3043 248 3132 portent.

142 3166 352 3219 mccccxn.
371 3142 541 3218 Effectus
558 3142 731 3218 salutares
744 3143 1098 3218 medicamentorum
1115 3167 1171 3218 oa-

91 3257 333 3333 tbarticorum
351 3255 571 3355 multiplices
588 3269 698 3341 sunt3
723 3267 762 3329 et
775 3280 822 3329 ex
834 3254 889 3328 his
902 3256 997 3330 bene
1006 3277 1171 3354 perspec-

91 3370 140 3443 tis
157 3391 285 3442 eorum
303 3391 391 3441 usus
408 3369 446 3439 in
465 3369 571 3442 variis
589 3368 725 3441 morbis
741 3366 847 3441 facile
862 3365 1103 3465 intelligetur.

143 3500 368 3556 mccccxnr.
395 3478 585 3576 Imprimis
601 3480 717 3576 igitur
734 3479 920 3565 intestina,
936 3487 975 3551 et
991 3477 1171 3576 quodam·

91 3592 206 3667 modo
222 3588 471 3664 ventriculum
490 3591 624 3687 ipsum,
642 3590 766 3663 subito
781 3599 820 3665 et
836 3590 1030 3664 efficaciter
1046 3590 1171 3663 exina-

91 3705 226 3789 niunt;
252 3702 339 3776 hinc
354 3700 463 3799 plane
480 3698 596 3787 utilia,
620 3724 708 3775 eum
738 3700 825 3788 haec,
850 3701 910 3776 vel
927 3704 1044 3776 nimio
1059 3723 1171 3775 onere

91 3826 253 3916 gravata,
271 3813 331 3886 vel
348 3813 543 3886 acrioribus
560 3811 684 3899 rebus,
696 3811 774 3886 sive
790 3813 948 3910 putridis
965 3813 1042 3887 sive
1057 3806 1169 3885 acidis

91 3928 288 4012 alimentis,
314 3927 391 4000 sive
408 3935 564 4000 stercore
579 3923 684 4009 duro,
710 3923 788 3996 sive
812 3925 1023 4022 corporibus
1049 3931 1169 3996 extra·
1252 3922 1255 3929 '

90 4041 180 4127 neis‚
206 4039 283 4112 sive
300 4037 445 4113 calculis
463 4037 501 4111 in
528 4036 614 4134 ipsis
630 4034 806 4123 formatis,
831 4036 908 4111 sive
924 4034 1112 4108 vermibus
1127 4034 1169 4106 in

89 4152 179 4250 ipsis
196 4151 341 4248 genitis,
366 4149 449 4224 laesa
466 4158 504 4222 et
522 4149 661 4222 irritata
688 4146 846 4234 fuerint;
872 4146 1079 4244 cujusmodi
1105 4143 1169 4217 ali-

93 4263 189 4365 quid
207 4261 354 4337 subesse
371 4261 545 4364 suspicari
571 4259 659 4336 licet
687 4260 734 4336 ab
761 4259 836 4338 alvi
861 4257 1010 4347 duritia,
1033 4255 1172 4332 ventris
