2678 4794
133 392 221 447 cnr.
239 392 337 445 xxx.
447 387 667 444 nnmerum
685 390 974 445 runonnrrcm.
1137 379 1209 454 395

126 566 330 666 myristicoe
354 565 555 653 omsclotae,
585 567 716 640 iisdem
742 566 881 640 viribus
906 567 945 639 in
971 590 1120 664 corpore
1144 566 1212 640 hu.

127 704 242 754 mano
257 679 395 777 pollent
421 703 463 753 ac
480 679 745 753 medicamenta
768 679 846 776 ipsa
863 677 965 752 unde
987 678 1210 765 derivantur,

129 793 194 865 sed
219 815 315 889 saepe
340 791 441 865 haud
465 815 596 890 parurn
621 792 795 889 gratiores
822 800 920 876 sunt,
958 799 996 863 ct
1025 791 1072 862 ad
1101 814 1212 865 usum

123 903 313 976 medicum
331 902 463 976 melius
480 903 784 987 accommodatae3
813 902 949 976 scilicet
966 926 1051 999 quae
1068 903 1210 1001 copiam

125 1037 201 1088 non
220 1014 396 1111 exiguam
414 1013 484 1087 olei
501 1014 687 1087 aromatici
705 1016 743 1087 in
762 1038 800 1087 se
813 1013 971 1088 solutam
988 1015 1211 1100 contineant,

125 1125 167 1198 in
196 1150 273 1223 quo
289 1126 345 1199 vis
378 1125 571 1198 stimulans
589 1128 751 1223 (Mcxcr)
770 1127 930 1200 maxime
947 1127 1053 1212 inest,
1083 1151 1212 1224 quam·

126 1237 184 1310 vis
200 1237 270 1310 hoc
286 1236 410 1310 oleum
429 1238 589 1335 plurima
599 1263 695 1335 aqua
708 1237 766 1311 vel
778 1237 848 1311 alio
865 1238 1020 1312 humore
1037 1236 1212 1324 dilutum,

126 1357 319 1446 utcunque
336 1374 401 1422 sua
418 1359 550 1423 natura
566 1375 656 1436 acre,
681 1350 772 1424 adeo
790 1350 967 1438 mitescat,
992 1360 1037 1425 ut
1052 1348 1157 1423 facile
1174 1361 1213 1422 et

125 1468 214 1533 tuto
229 1460 363 1534 hauriri
380 1463 505 1559 possit.

121 1624 130 1631 -
178 1594 349 1647 mcxcrn.
376 1573 469 1647 Olea
486 1575 638 1650 demum
656 1574 854 1648 aromatica
880 1574 958 1671 ipsa
975 1575 1122 1662 sincera,
1147 1598 1213 1672 per

124 1683 202 1757 vim
228 1684 353 1758 caloris
379 1686 521 1773 educta,
548 1686 769 1759 validissima
795 1685 1026 1759 stimulantis
1051 1685 1213 1759 remedia
1302 1698 1309 1728 ¹

123 1794 234 1882 fiunt,
260 1796 325 1869 sed
349 1796 569 1897 plerumque
593 1799 686 1873 adeo
702 1797 818 1871 calida
842 1808 881 1871 et
911 1799 1004 1871 acria
1022 1809 1065 1873 ut
1082 1823 1212 1895 parum

125 1908 276 2008 aegrotis
292 1908 523 1983 conveniant.

178 2043 347 2095 nexem.
375 2021 528 2095 Naturae
554 2045 628 2095 non
647 2022 811 2098 multum
829 2023 876 2097 ab
893 2022 949 2095 his
965 2021 1095 2096 alicnae
1124 2033 1212 2096 sunt

125 2131 394 2207 medicamenta
409 2133 471 2206 illa
488 2159 573 2232 quae
590 2144 768 2207 vorantur
797 2133 953 2207 balsama
973 2134 1031 2207 vel
1062 2135 1212 2216 resinoe3

126 2242 244 2318 veluti
270 2245 388 2318 resina
412 2245 553 2344 liquida
587 2246 668 2344 pini
692 2240 894 2329 balsameae,
929 2244 1048 2316 resina
1071 2245 1213 2341 liquida

130 2355 341 2456 Copotferoe
356 2356 557 2443 officinalis,
574 2354 779 2454 Myrooeyli
788 2353 982 2453 peroifera'
998 2355 1213 2440 balsamum,

134 2465 337 2567 Toloiseroe
370 2469 521 2542 balsami
555 2468 768 2555 balsamum,
803 2466 1060 2545 terebinthinae
1093 2471 1213 2554 varia,

182 2712 327 2768 mcxcv.
352 2693 445 2768 Post
473 2694 550 2766 haec
572 2694 765 2767 memorari
794 2692 931 2766 debent
949 2691 1214 2767 medicamenta

128 2801 288 2901 plurima
316 2806 554 2889 stimulantis,
583 2830 670 2905 quae
692 2805 812 2903 ¹vulgo
838 2804 1127 2903 gummi-resinae
1151 2829 1214 2878 vo·

128 2929 269 3001 cantur,
287 2918 384 2991 succi
402 2918 538 2991 scilicet
555 2917 784 3014 quarundam
803 2916 954 3015 frugum
972 2917 1110 3014 proprii
1127 2917 1215 3014 spis-

128 3028 208 3114 sati,
238 3053 332 3126 quos
359 3028 431 3101 illae
448 3029 507 3103 vel
534 3040 665 3128 sponte
681 3028 858 3115 fundunt,
887 3028 946 3102 vel
973 3029 1109 3126 largius
1126 3053 1215 3127 prae·

128 3138 218 3212 bent
249 3140 279 3212 si
310 3141 442 3214 idoneo
469 3153 636 3240 tempore
665 3153 815 3242 punctae
831 3141 889 3215 vel
916 3142 1039 3216 incisae
1055 3140 1214 3214 fuerint:

129 3251 337 3348 cujusmodi
355 3253 525 3351 exempla
542 3264 639 3339 sunt,
663 3253 779 3328 ferula
796 3278 884 3329 osso
900 3253 1040 3336 foetida,
1068 3254 1215 3349 gummi

127 3365 412 3450 ammoniacum,
442 3366 721 3459 gummi-resina
748 3364 907 3439 bubonis
923 3363 1080 3462 galbani,
1106 3387 1214 3461 gann-

126 3474 313 3548 mi·resina
331 3478 513 3573 sagapeni,
531 3477 809 3575 gummi-resina
826 3472 1093 3573 stobrgmitidic
1120 3500 1215 3550 coto-

126 3581 319 3683 bogioidin
335 3590 615 3685 gummi-resina
630 3588 725 3662 aloes
742 3589 951 3688 perfoliatae‚
980 3590 1044 3661 &c
1067 3613 1152 3685 quae
1167 3589 1219 3662 ad
1298 3579 1306 3597 ⁵

127 3698 398 3775 stimulandum
417 3701 475 3775 vel
493 3703 614 3774 totum
634 3725 775 3798 corpus,
805 3700 866 3773 vel
891 3709 1011 3797 partes
1038 3701 1216 3797 quasdam

127 3834 204 3908 prae
221 3814 372 3899 caeteris,
391 3839 487 3912 saepe
504 3812 799 3912 praescribuntur.

143 3966 146 3972 =
176 3945 351 3999 nrcxcvr.
379 3926 519 4009 Omnes
544 3927 696 4000 demum
722 3923 844 3999 herbae
872 3948 1014 4010 amarae,
1044 3923 1215 4022 quamvis

127 4038 353 4133 caeteroquin
380 4039 465 4111 satis
491 4039 611 4120 mites,
638 4035 779 4133 aliquid
796 4032 937 4109 stimuli
954 4036 993 4108 in
1012 4033 1214 4119 schabest,

126 4158 314 4245 quantum
340 4150 476 4224 scilicet
501 4166 557 4224 sat
581 4150 692 4223 fuerit
719 4147 766 4221 ad
796 4159 916 4246 partes
943 4146 1120 4244 quasdam
1139 4170 1213 4217 cor·-

127 4260 225 4361 poris
243 4258 468 4337 delicatiores
483 4274 522 4338 et
539 4262 747 4340 mobiliores
763 4259 982 4345 afficiendas,
1008 4257 1069 4332 vel
1094 4256 1212 4344 forsan
1254 4286 1256 4291 ’
