2678 4794
141 392 224 449 cAl’.
240 393 275 447 x.
431 388 649 448 rmmclrffi
666 384 953 450 mmmm.
1160 388 1208 466 85

137 1186 219 1263 Cir.
234 1185 411 1262 x-De
425 1183 593 1262 censibus
614 1181 680 1283 qui
703 1179 885 1256 dicuntur
900 1182 1051 1278 interiit,
1080 1216 1205 1272 memo.

179 1299 248 1388 ric,
262 1294 722 1401 imaginatccncjmiicio:
747 1317 944 1396 eorumque
959 1303 1203 1408 parictctibcc

182 1419 215 1487 et
229 1411 341 1488 vitiis.

593 1788 729 1805 ——Q

592 1810 731 1834 ἡ

131 2152 303 2211 cccxxn.
344 2091 555 2216 Pamin
577 2137 658 2237 jam
674 2138 873 2239 descriptos
902 2161 1038 2227 census,
1067 2163 1132 2215 seu
1148 2139 1199 2216 fa·
1286 2155 1288 2158 ’

129 2243 282 2335 artures,
300 2245 418 2321 homo
434 2258 472 2322 et
487 2247 575 2324 alios
590 2251 773 2350 possiden
800 2253 868 2350 qui
883 2250 967 2324 ideo
982 2253 1119 2325 interni
1135 2272 1203 2326 vc·

129 2367 260 2446 cuntur,
275 2357 383 2458 quod
399 2359 477 2435 sine
492 2360 666 2460 impulsu,
683 2362 744 2437 vel
759 2386 830 2461 ope
845 2372 1009 2449 extema,
1026 2363 1100 2435 suis
1116 2361 1200 2437 fun·

129 2477 261 2566 gantur
285 2470 523 2558 muneribus;
549 2482 588 2545 et
615 2495 751 2572 organa
779 2495 865 2569 quae
889 2473 933 2544 iis
955 2472 1118 2544 maxime
1144 2473 1200 2547 in-

129 2582 298 2670 serviunt,
330 2583 484 2671 interna,
517 2582 652 2672 abdita,
681 2583 842 2658 externis
869 2581 978 2658 rebus
1010 2583 1199 2672 inaccessa,

125 2695 274 2793 propriis
290 2696 431 2771 viribus
446 2707 567 2796 agant.
815 2712 820 2721 '

166 2828 370 2883 cccxxm.
395 2807 589 2908 Perceptio
605 2833 645 2887 rc
666 2818 818 2884 externa
846 2808 1014 2897 excitata,
1041 2832 1106 2884 sua
1135 2831 1198 2885 na·

125 2926 201 2994 truc
215 2920 337 3020 fugax
353 2931 392 2996 et
407 2922 578 3019 peritura,
594 2923 697 2998 brevi
713 2921 870 2997 desinit:
899 2921 1003 3021 quod
1020 2922 1049 2996 si
1066 2922 1198 2996 eadem

123 3050 174 3104 icc
188 3055 329 3132 organo
355 3033 478 3109 denuo
504 3034 652 3109 admota
667 3035 792 3124 fuerit,
819 3057 893 3109 non
913 3034 1023 3109 modo
1047 3057 1196 3133 percep·

125 3140 257 3221 tionem
274 3156 438 3232 renovat,
468 3147 532 3219 sed
560 3145 673 3221 homo
700 3145 811 3221 simul
827 3146 973 3244 pristini
1000 3169 1115 3244 quem
1132 3146 1195 3219 ha·
1335 3226 1337 3231 .

125 3250 204 3327 buit
218 3279 342 3331 sensus
357 3257 623 3333 reminiscitur:
654 3260 770 3344 novit,
796 3256 941 3343 scilicet,
970 3256 1196 3332 secundem

126 3375 224 3441 antea
239 3367 417 3445 habuisse.

169 3503 361 3557 cccxxrv.
392 3483 486 3558 Haec
510 3482 629 3581 prima
653 3489 691 3555 et
718 3479 983 3579 simplicissima
1007 3481 1195 3558 memoriae

128 3593 250 3687 speeies
279 3595 410 3693 primae
426 3597 526 3669 aetati
555 3593 748 3692 contingit,
774 3594 916 3691 quippe
937 3616 1049 3691 quam
1074 3591 1194 3668 infans

89 3774 92 3785 ,
129 3708 296 3780 remestris
312 3709 491 3794 ostendat.
516 3708 610 3782 dum
638 3714 806 3803 parentes
831 3714 898 3778 aut
926 3704 1108 3780 nutricem
1131 3728 1193 3801 ag-

131 3818 242 3904 roseit,
266 3821 415 3918 ignotos
441 3820 609 3895 homines
633 3816 800 3891 declinat.
852 3815 947 3890 Haec
963 3816 1115 3891 facultas
1139 3839 1193 3887 re·

130 3928 274 4005 circatio
299 3941 464 4020 vocatur,
490 3931 735 4005 distinctionis
763 3951 880 4015 causa,
904 3941 943 4003 et
967 3928 1192 4027 principium

131 4038 456 4118 &fundamentum
473 4043 694 4142 perfectioris
710 4042 899 4115 memoriae
913 4040 1063 4115 videtur
1079 4060 1165 4112 esse.

170 4173 333 4229 cccxxv,
372 4156 475 4244 Quin
514 4165 552 4230 et
588 4154 681 4229 nihil
705 4154 857 4227 omnino
880 4150 928 4227 ad
952 4173 1087 4249 organa
1111 4166 1191 4218 sen·

131 4280 225 4339 cuum
242 4276 480 4343 externorum
495 4267 664 4365 admotc,⁶
677 4266 854 4365 nullaque
866 4263 1024 4360 juvante
1038 4266 1190 4333 externa
