2678 4794
137 332 228 419 can.
245 360 297 417 av.
417 359 637 418 nmnrcrnn
655 361 941 421 cuaonnarcn.
1156 355 1205 437 49
1267 339 1268 343 ‘

129 537 345 615 auscultant.
397 537 504 626 Quin
532 548 570 614 et
596 549 742 640 tempus
772 551 839 629 est,
856 566 933 641 quo
962 542 1130 633 tenebrae,
1159 547 1203 621 si·

128 650 293 739 lentium,
332 650 528 750 omnisque
559 652 712 727 demum
754 678 879 729 sensus
912 655 1089 744 absentia,
1131 658 1204 733 sola

126 762 277 863 placent.
317 820 321 827 .
1138 819 1140 824 .

169 897 263 950 ccx.
287 874 355 948 Sui
371 872 488 973 igitur
502 884 602 962 sunt,
617 885 657 951 et
672 876 823 973 quidem
842 877 928 952 satis
946 879 1052 968 arcti,
1068 878 1147 954 limi

125 985 376 1087 voluptatibus
401 1008 597 1071 sensuum3
626 989 766 1087 quippe
790 1014 875 1087 quae
898 1014 1021 1088 neque
1036 991 1204 1068 multum

126 1099 258 1200 augeri,
274 1122 399 1197 neque
415 1098 524 1172 nimia
540 1122 635 1197 saepe
650 1102 778 1198 repeti,
807 1125 929 1200 neque
954 1102 1019 1177 diu
1047 1103 1202 1200 produci

126 1221 187 1284 aut
211 1210 420 1285 continuari
445 1209 606 1309 possint:
641 1214 746 1309 quasi
770 1214 848 1310 ipsa
873 1214 1015 1288 Natura
1039 1214 1109 1299 hoo
1126 1240 1202 1290 mo-

127 1319 175 1394 do
190 1333 364 1408 moneret,
387 1344 464 1396 non
488 1322 572 1397 solis
595 1321 861 1421 voluptatibus,
886 1323 1014 1398 saltem
1039 1349 1115 1399 non
1131 1326 1201 1400 hu·

123 1429 291 1530 jusmodi
305 1431 563 1533 voluptatibus,
588 1432 773 1508 hominem
801 1458 878 1509 esse
894 1445 1047 1510 natum:
1072 1461 1200 1512 omnes

127 1544 225 1618 enim
240 1545 349 1620 nimis
364 1546 481 1623 cultas
496 1546 652 1645 languor
668 1555 734 1622 aut
749 1546 936 1621 fastidium
949 1548 1199 1647 abrumpunt;

124 1655 316 1733 nonnullas
331 1658 485 1757 insignis
504 1659 666 1733 molestia
681 1669 748 1732 aut
763 1657 866 1732 dolor
890 1658 1041 1733 tandem
1063 1659 1200 1757 excipi·

124 1778 199 1844 ant
250 1768 308 1845 Et
323 1769 501 1868 profecto,
524 1784 570 1845 ut
584 1771 755 1869 voluptas
770 1773 809 1845 in
826 1770 1032 1845 molestiam
1048 1781 1115 1844 aut
1136 1771 1200 1844 do·

123 1876 230 1955 iorem
248 1891 329 1956 tam
344 1881 449 1957 facile
466 1884 604 1972 transit,
621 1885 682 1970 sic,
700 1882 777 1981 pari
794 1882 868 1956 sere
884 1883 1035 1971 ratione,
1055 1881 1201 1969 doloris,

105 1991 247 2083 ,olem
263 1994 405 2092 magni,
434 1995 584 2073 cessatio
599 1995 731 2082 subita,
756 1995 976 2070 incredibilis
1000 1993 1200 2092 aliquando

126 2103 289 2204 voluptas
304 2115 374 2195 est,
390 2106 508 2204 qualis
523 2107 709 2194 nimirum,
734 2108 764 2181 si
780 2108 922 2182 minore
936 2119 1004 2182 ant
1018 2107 1090 2181 alio
1106 2130 1197 2205 quo-

126 2216 175 2289 ris
189 2216 313 2316 pretio
339 2218 485 2291 emendi
511 2217 659 2293 facultas
684 2228 787 2306 esset,
812 2230 909 2294 certe
930 2245 1005 2293 non
1031 2219 1197 2292 deessent

126 2341 314 2425 emptores.
380 2328 562 2428 Voluptas
586 2339 625 2404 et
649 2330 763 2416 dolor,
798 2339 842 2403 ut
866 2331 1017 2428 pulchra
1043 2331 1198 2404 Socratis

127 2434 247 2512 fabula
269 2439 386 2528 docet,
423 2465 558 2516 sorores
583 2442 746 2525 fuerunt,
771 2451 962 2536 utcunque
996 2438 1198 2521 dissimiles,

105 2610 109 2615 .
129 2546 378 2650 diversamque
394 2562 526 2626 sortem
545 2565 727 2650 expertae;
751 2549 864 2622 altera
879 2550 1057 2622 nirnirum
1073 2557 1200 2646 optata

128 2669 163 2734 et
177 2670 281 2758 grata
295 2663 474 2750 omnibus,
498 2663 612 2737 altera
636 2661 770 2760 pariter
794 2661 932 2747 invisa3
958 2683 1049 2758 quas
1073 2670 1199 2733 tamen

127 2768 272 2872 Jupiter
287 2774 339 2848 ita
355 2776 516 2861 sociavit,
540 2784 580 2848 et
596 2784 673 2849 tam
690 2771 932 2847 indissolubili
948 2771 1097 2847 vinculo
1113 2793 1198 2845 con·

126 2880 258 2979 junxit,
276 2896 323 2961 ut
338 2888 508 2984 quamvis
524 2898 654 2961 natura
669 2886 874 2973 contrarias,
891 2895 930 2958 et
945 2884 1087 2959 diverse
1099 2906 1202 2981 spec«

128 3005 249 3084 tantas,
288 2999 503 3096 quicunque
530 2997 740 3072 alterutram
766 2997 1008 3096 amplectitur,
1045 2995 1196 3071 alteram

129 3107 240 3182 trahat
256 3107 377 3182 simul.

173 3241 289 3293 caan..
307 3219 450 3318 Magna
473 3230 599 3295 autem
623 3221 690 3294 hac
714 3220 761 3294 de
784 3246 825 3294 re
849 3223 954 3293 inter
977 3219 1093 3294 varias
1118 3241 1196 3290 sen-

130 3327 235 3404 tiendi
274 3328 476 3418 faearltates,
510 3333 700 3431 variasque
727 3356 818 3430 quas
855 3332 945 3404 dant
979 3330 1197 3428 voluptates,

128 3439 330 3516 differentia
346 3440 566 3517 observatur.
616 3443 798 3530 Quaedam
815 3444 917 3518 brevi
933 3440 1118 3528 fatiscunt,
1134 3464 1198 3513 ne·

129 3560 194 3649 que
208 3578 266 3627 res
282 3576 377 3652 quas
406 3553 552 3640 debent,
580 3553 816 3653 distinguunt
841 3555 945 3640 bene,
971 3576 1093 3651 neque
1121 3579 1197 3627 am·

130 3662 216 3760 plius
232 3664 467 3740 delectantur
494 3667 602 3740 rebus
630 3667 716 3764 ipsis
733 3691 824 3765 quas
841 3666 925 3739 satis
950 3665 1198 3763 distinguunt,

131 3785 160 3848 et
185 3802 270 3875 quae
296 3777 420 3876 primo
449 3777 664 3875 gratissimae
680 3777 844 3861 fuerant;
879 3776 959 3850 aliae
986 3776 1129 3851 diutius
1151 3773 1199 3847 ad

134 3907 188 3961 sua
202 3912 361 3964 munera
376 3887 511 3976 valent,
538 3900 577 3963 et
593 3889 707 3987 magis
734 3888 908 3962 diuturna
935 3886 1111 3962 fruuntur
1137 3909 1201 3957 vo-

134 3991 272 4097 luptate.
327 4001 389 4075 Sic
404 4000 557 4077 olfactus
573 4012 612 4076 et
627 4012 759 4101 gustus
775 3999 849 4074 sere
865 4000 967 4073 brevi
996 4000 1200 4082 satiantur3

135 4110 270 4190 auditus
288 4112 432 4190 tardius
443 4141 464 4209 ;Ι
481 4113 580 4189 visua
593 4112 763 4187 omnium
779 4122 1014 4186 externorum
1028 4124 1202 4183 sensuum

651 4247 678 4299 ι)
