2678 4794
126 417 213 475 cnr.
231 415 316 471 xm.
400 408 619 468 uxmcrnar
638 410 926 466 raxoaxrrcm
1130 391 1203 472 ⁵67

125 619 251 683 nuere,
277 613 477 689 earumque
493 589 779 664 interdumsvice
795 585 1068 687 quodammodo
1083 586 1202 686 fungi,

126 708 311 782 videntur.
362 705 598 801 Quapropter
607 704 653 776 ab
665 702 737 776 isto
749 699 922 801 periculo,
939 700 1073 773 idoneo
1082 699 1204 773 victus

124 843 259 919 genere
275 827 312 891 et
328 816 417 890 vitae
433 815 631 912 proposito,
657 813 813 913 aliisque
836 835 1109 910 nonnunquam
1127 808 1204 885 exiss

128 929 380 1004 nanitionibus
398 928 528 1023 (siquae
544 950 636 1024 opus
653 927 753 1024 sint),
771 925 898 999 sedulo
915 924 1122 999 cavendum
1138 934 1203 997 est.

173 1063 351 1117 mncxru
383 1037 612 1114 Vesicotoria
628 1049 754 1111 autem
770 1038 872 1137 quod
889 1039 1024 1110 attinet
1049 1061 1117 1135 pro
1142 1036 1204 1109 sti-

124 1153 352 1230 mulantibus
369 1151 539 1225 remediis
564 1150 783 1238 adhibenda,
808 1151 979 1248 quamvis
1010 1148 1128 1223 multa
1156 1148 1205 1221 de

125 1267 204 1341 aliis
231 1264 440 1340 istiusmodi
469 1263 640 1337 remediis
663 1263 745 1360 jam
775 1261 876 1359 (Cap.
896 1270 1013 1361 xxx.)
1042 1262 1141 1335 dicta
1156 1260 1204 1334 ad

124 1380 203 1453 baec
219 1398 369 1476 quoque
386 1376 605 1475 pertineant,
631 1384 758 1448 tamen
774 1373 893 1447 multa
913 1374 1034 1449 adbuc
1049 1371 1204 1447 dicenda
1263 1380 1264 1383 ’

125 1503 325 1589 supersunt
341 1490 388 1562 de
405 1511 534 1562 eorum
562 1486 889 1574 administratione,
915 1510 997 1586 quae
1013 1486 1073 1560 hic
1089 1510 1203 1584 quam

125 1602 311 1676 levissime
326 1603 491 1701 tetigisse
509 1600 675 1675 sufficiat.

176 1737 336 1788 nocxrr.
367 1713 576 1801 Nonnullis,
592 1713 642 1788 ob
659 1711 878 1813 singularem
898 1712 1056 1811 corporis
1072 1712 1205 1786 consti-

124 1827 319 1913 tutionem,
346 1849 441 1925 pene
457 1825 699 1899 intolerabilia
716 1836 817 1915 sunt,
846 1849 983 1926 eosque
999 1826 1206 1924 plurimum
1267 1813 1271 1823 ’

126 1948 166 2010 et
181 1941 338 2035 pessime
364 1939 510 2010 irritant
536 1948 576 2010 et
603 1937 831 2026 calefaciunt,
857 1950 896 2012 et
912 1940 1024 2026 sitim,
1050 1950 1088 2012 et
1104 1961 1207 2034 mag·

126 2072 220 2121 num
240 2047 413 2132 dolorem,
439 2058 478 2121 et
493 2057 679 2135 tremores,
704 2060 743 2121 et
771 2051 926 2125 demum
953 2049 1207 2124 convulsiones

126 2160 303 2233 excitant.
371 2159 601 2256 Plerumque
642 2158 795 2246 flaccidi,
836 2162 1017 2256 pituitosi‚
1058 2160 1206 2258 torpidi,

128 2296 240 2371 quarn
252 2270 360 2356 firmi,
378 2270 472 2356 sicci,
489 2280 604 2368 atque
619 2270 783 2358 mobiles,
800 2270 959 2344 infantes
975 2295 1089 2368 quarn
1106 2271 1207 2344 adul·

128 2386 171 2471 ti,
196 2384 360 2456 foeminae
387 2407 498 2479 quam
516 2382 596 2468 viri,
621 2382 837 2481 frigidarum
867 2407 977 2479 quarn
1008 2382 1208 2455 calidarum

129 2496 323 2596 regionum
342 2493 480 2582 incolae,
506 2492 726 2569 versicoloria
743 2495 875 2568 melius
893 2496 1095 2592 patiuntur.

181 2631 353 2683 mucxvr.
381 2608 464 2705 Ipsa
482 2631 595 2706 quam
613 2607 778 2681 excitant
794 2606 1037 2681 inflammatio
1054 2607 1129 2680 suis
1145 2605 1208 2678 ali-

130 2721 279 2819 quando
295 2719 464 2820 periculis
481 2744 556 2792 non
582 2730 689 2807 caret,
715 2719 851 2794 scilicet
876 2744 961 2818 quae
989 2720 1028 2793 in
1058 2717 1208 2818 quibus-

131 2834 218 2906 dam
234 2833 375 2907 casibus
391 2831 562 2906 facillime
586 2832 625 2905 in
655 2857 890 2931 gangraenam
908 2833 1064 2917 desinit;
1090 2832 1209 2907 veluti

128 2946 169 3018 in
196 2944 358 3019 febribus
382 2944 552 3043 putridis,
578 2954 616 3018 et
646 2944 813 3044 hydrope
839 2946 1030 3030 intercute,
1056 2955 1095 3018 et
1123 2967 1211 3017 sane

129 3081 398 3157 nonnunquam
415 3059 454 3130 in
472 3054 638 3157 paralysi.
689 3057 862 3131 Artubus
880 3081 967 3129 vero
988 3056 1209 3154 hydropicis,
1275 3133 1279 3144 .

131 3178 170 3243 et
186 3169 321 3241 morbis
338 3169 496 3266 putridis
512 3167 772 3256 laborantibus,
797 3169 864 3242 vix
882 3192 1048 3266 unquam
1065 3169 1210 3266 imponi

131 3278 289 3362 debent3
328 3290 367 3352 et
395 3289 495 3367 artus
523 3281 712 3378 paralytici
743 3281 880 3378 quibus
908 3280 1080 3377 imposita
1110 3288 1208 3365 sunt,

131 3392 341 3488 frequenter
357 3399 396 3462 et
412 3390 539 3462 sedulo
556 3403 642 3464 sunt
659 3392 884 3490 explorandi.

182 3525 373 3576 Mncxvu.
399 3500 487 3575 Non
505 3503 705 3576 minimum
730 3516 826 3579 certe
851 3529 978 3579 eorum
1006 3506 1209 3578 incommo-

131 3617 224 3690 dum
242 3624 308 3700 est,
326 3612 427 3711 quod
445 3615 688 3712 stranguriam
707 3640 802 3715 saepe
822 3618 1113 3692 molestissimam
1130 3627 1209 3689 tam

131 3729 342 3826 frequenter
355 3724 527 3796 excitant.
579 3725 674 3797 Haec
691 3726 729 3799 in
746 3727 881 3802 adultis
897 3729 1079 3828 frequens
1096 3730 1134 3799 in
1153 3728 1208 3798 in-

133 3840 295 3913 fantibus
312 3836 502 3923 rarissima,
531 3837 716 3935 particulis
733 3838 956 3936 quibusdam
975 3840 1103 3915 meroes
1119 3838 1211 3913 veri·

132 3951 264 4026 calorii
275 3976 341 4049 per
351 3961 475 4023 cutem
490 3949 528 4021 in
542 3950 759 4047 sanguinem
774 3955 980 4052 assumptis,
997 3950 1091 4025 etad
1104 3973 1220 4026 renes-

133 4074 172 4136 et
200 4063 356 4135 vesicam
384 4062 523 4149 delatis,
548 4062 657 4160 plane
685 4064 879 4138 tribuenda
907 4076 973 4151 est,
998 4073 1038 4136 et
1053 4062 1208 4136 minime
1249 4098 1252 4111 ·

134 4177 194 4263 (ut
210 4174 358 4271 quidam
375 4175 522 4272 volunt)
541 4175 734 4250 irritationi
760 4177 874 4277 ipsius
900 4177 995 4252 cutis
1021 4199 1107 4249 curn
1137 4173 1208 4249 illis

134 4286 297 4386 partibus
321 4287 611 4366 communicatae.
661 4288 814 4367 Accidit
841 4288 1005 4367 maxime
1029 4285 1209 4388 siquando
