<?xml version="1.0" encoding="UTF-8"?>
<!DOCTYPE html PUBLIC "-//W3C//DTD XHTML 1.0 Transitional//EN"
    "http://www.w3.org/TR/xhtml1/DTD/xhtml1-transitional.dtd">
<html xmlns="http://www.w3.org/1999/xhtml" xml:lang="en" lang="en">
 <head>
  <title>
</title>
<meta http-equiv="Content-Type" content="text/html;charset=utf-8" />
  <meta name='ocr-system' content='tesseract 3.04.00' />
  <meta name='ocr-capabilities' content='ocr_page ocr_carea ocr_par ocr_line ocrx_word'/>
</head>
<body>
  <div class='ocr_page' id='page_1' title='image "./conspectusmedic01greggoog_0357.png"; bbox 0 0 2678 4794; ppageno 0'>
   <div class='ocr_carea' id='block_1_1' title="bbox 211 289 1288 369">
    <p class='ocr_par' dir='ltr' id='par_1_1' title="bbox 211 289 1288 369">
     <span class='ocr_line' id='line_1_1' title="bbox 211 289 1288 369; baseline -0.003 0"><span class='ocrx_word' id='word_1_1' title='bbox 211 289 285 369; x_wconf 75' lang='grc'><strong>306</strong></span> <span class='ocrx_word' id='word_1_2' title='bbox 603 307 849 368; x_wconf 75' lang='lat' dir='ltr'><strong>consencrns</strong></span> <span class='ocrx_word' id='word_1_3' title='bbox 1088 313 1174 368; x_wconf 67' lang='grc' dir='ltr'><strong>ωε</strong></span> <span class='ocrx_word' id='word_1_4' title='bbox 1191 310 1288 366; x_wconf 81' lang='lat' dir='ltr'><strong>xxv</strong></span> 
     </span>
    </p>
   </div>
   <div class='ocr_carea' id='block_1_2' title="bbox 210 482 1293 810">
    <p class='ocr_par' dir='ltr' id='par_1_2' title="bbox 210 482 1293 810">
     <span class='ocr_line' id='line_1_2' title="bbox 212 482 1291 584; baseline -0.001 -23"><span class='ocrx_word' id='word_1_5' title='bbox 212 483 328 575; x_wconf 87' lang='lat' dir='ltr'><strong>desse,</strong></span> <span class='ocrx_word' id='word_1_6' title='bbox 352 496 391 562; x_wconf 93' lang='lat' dir='ltr'><strong>et</strong></span> <span class='ocrx_word' id='word_1_7' title='bbox 417 507 513 584; x_wconf 72' lang='lat' dir='ltr'><strong>sepe</strong></span> <span class='ocrx_word' id='word_1_8' title='bbox 536 482 700 559; x_wconf 89' lang='lat' dir='ltr'><strong>multum</strong></span> <span class='ocrx_word' id='word_1_9' title='bbox 727 507 869 572; x_wconf 88' lang='lat' dir='ltr'><strong>nocere,</strong></span> <span class='ocrx_word' id='word_1_10' title='bbox 900 484 1061 584; x_wconf 69' lang='lat' dir='ltr'><strong>gravatis</strong></span> <span class='ocrx_word' id='word_1_11' title='bbox 1086 487 1224 565; x_wconf 81' lang='lat' dir='ltr'><strong>scilicet</strong></span> <span class='ocrx_word' id='word_1_12' title='bbox 1252 495 1291 560; x_wconf 82' lang='lat' dir='ltr'><strong>et</strong></span> 
     </span>
     <span class='ocr_line' id='line_1_3' title="bbox 210 568 1291 694; baseline -0.002 -20"><span class='ocrx_word' id='word_1_13' title='bbox 210 596 360 674; x_wconf 81' lang='lat' dir='ltr'><strong>irritatis</strong></span> <span class='ocrx_word' id='word_1_14' title='bbox 375 592 577 672; x_wconf 87' lang='lat' dir='ltr'><strong>ventriculo</strong></span> <span class='ocrx_word' id='word_1_15' title='bbox 592 603 631 670; x_wconf 89' lang='lat' dir='ltr'><strong>et</strong></span> <span class='ocrx_word' id='word_1_16' title='bbox 653 596 837 671; x_wconf 82' lang='lat' dir='ltr'><strong>intestinis</strong></span> <span class='ocrx_word' id='word_1_17' title='bbox 865 596 1024 694; x_wconf 81' lang='lat' dir='ltr'><strong>plurimo</strong></span> <span class='ocrx_word' id='word_1_18' title='bbox 1040 568 1195 673; x_wconf 73' lang='lat' dir='ltr'><strong>materiis</strong></span> <span class='ocrx_word' id='word_1_19' title='bbox 1209 623 1291 674; x_wconf 86' lang='lat' dir='ltr'><strong>cor·</strong></span> 
     </span>
     <span class='ocr_line' id='line_1_4' title="bbox 211 707 1293 810; baseline -0.002 -24"><span class='ocrx_word' id='word_1_20' title='bbox 211 719 331 810; x_wconf 85' lang='lat' dir='ltr'><strong>rupto,</strong></span> <span class='ocrx_word' id='word_1_21' title='bbox 355 720 394 784; x_wconf 95' lang='lat' dir='ltr'><strong>et</strong></span> <span class='ocrx_word' id='word_1_22' title='bbox 416 708 499 795; x_wconf 84' lang='lat' dir='ltr'><strong>scri,</strong></span> <span class='ocrx_word' id='word_1_23' title='bbox 530 715 570 781; x_wconf 88' lang='lat' dir='ltr'><strong>et</strong></span> <span class='ocrx_word' id='word_1_24' title='bbox 593 707 762 805; x_wconf 83' lang='lat' dir='ltr'><strong>putrida;</strong></span> <span class='ocrx_word' id='word_1_25' title='bbox 800 731 887 782; x_wconf 80' lang='lat' dir='ltr'><strong>nrm</strong></span> <span class='ocrx_word' id='word_1_26' title='bbox 911 732 1042 807; x_wconf 82' lang='lat' dir='ltr'><strong>purum</strong></span> <span class='ocrx_word' id='word_1_27' title='bbox 1066 711 1223 784; x_wconf 90' lang='lat' dir='ltr'><strong>omnino</strong></span> <span class='ocrx_word' id='word_1_28' title='bbox 1251 711 1293 783; x_wconf 93' lang='lat' dir='ltr'><strong>in</strong></span> 
     </span>
    </p>
   </div>
   <div class='ocr_carea' id='block_1_3' title="bbox 120 819 1293 4386">
    <p class='ocr_par' dir='ltr' id='par_1_3' title="bbox 200 819 1293 2257">
     <span class='ocr_line' id='line_1_5' title="bbox 210 819 1292 919; baseline -0.001 -23"><span class='ocrx_word' id='word_1_29' title='bbox 210 821 343 898; x_wconf 79' lang='lat' dir='ltr'><strong>talibus</strong></span> <span class='ocrx_word' id='word_1_30' title='bbox 359 819 494 895; x_wconf 80' lang='lat' dir='ltr'><strong>morbis</strong></span> <span class='ocrx_word' id='word_1_31' title='bbox 509 819 730 894; x_wconf 86' lang='lat' dir='ltr'><strong>nutrimenti</strong></span> <span class='ocrx_word' id='word_1_32' title='bbox 746 842 796 892; x_wconf 87' lang='lat' dir='ltr'><strong>ex</strong></span> <span class='ocrx_word' id='word_1_33' title='bbox 806 819 851 892; x_wconf 89' lang='lat' dir='ltr'><strong>iis</strong></span> <span class='ocrx_word' id='word_1_34' title='bbox 861 819 1088 893; x_wconf 87' lang='lat' dir='ltr'><strong>resorbetur&#39;</strong></span> <span class='ocrx_word' id='word_1_35' title='bbox 1078 843 1118 892; x_wconf 86' lang='lat' dir='ltr'><strong>rn</strong></span> <span class='ocrx_word' id='word_1_36' title='bbox 1134 822 1292 919; x_wconf 83' lang='lat' dir='ltr'><strong>sangui-</strong></span> 
     </span>
     <span class='ocr_line' id='line_1_6' title="bbox 209 921 1293 1029; baseline -0.001 -22"><span class='ocrx_word' id='word_1_37' title='bbox 209 955 297 1007; x_wconf 89' lang='lat' dir='ltr'><strong>nem</strong></span> <span class='ocrx_word' id='word_1_38' title='bbox 313 921 357 1008; x_wconf 83' lang='lat' dir='ltr'><strong>nt</strong></span> <span class='ocrx_word' id='word_1_39' title='bbox 372 930 477 1005; x_wconf 89' lang='lat' dir='ltr'><strong>decet</strong></span> <span class='ocrx_word' id='word_1_40' title='bbox 492 928 691 1018; x_wconf 81' lang='lat' dir='ltr'><strong>deferendi,</strong></span> <span class='ocrx_word' id='word_1_41' title='bbox 716 939 756 1003; x_wconf 89' lang='lat' dir='ltr'><strong>et</strong></span> <span class='ocrx_word' id='word_1_42' title='bbox 783 928 868 1004; x_wconf 83' lang='lat' dir='ltr'><strong>ideo</strong></span> <span class='ocrx_word' id='word_1_43' title='bbox 883 929 1003 1004; x_wconf 90' lang='lat' dir='ltr'><strong>multo</strong></span> <span class='ocrx_word' id='word_1_44' title='bbox 1018 931 1100 1029; x_wconf 91' lang='lat' dir='ltr'><strong>plus</strong></span> <span class='ocrx_word' id='word_1_45' title='bbox 1117 933 1293 1007; x_wconf 86' lang='lat' dir='ltr'><strong>stercoris</strong></span> 
     </span>
     <span class='ocr_line' id='line_1_7' title="bbox 208 1040 1289 1142; baseline 0 -24"><span class='ocrx_word' id='word_1_46' title='bbox 208 1067 322 1142; x_wconf 77' lang='lat' dir='ltr'><strong>quam</strong></span> <span class='ocrx_word' id='word_1_47' title='bbox 337 1042 377 1114; x_wconf 91' lang='lat' dir='ltr'><strong>in</strong></span> <span class='ocrx_word' id='word_1_48' title='bbox 393 1042 489 1116; x_wconf 83' lang='lat' dir='ltr'><strong>sanis</strong></span> <span class='ocrx_word' id='word_1_49' title='bbox 505 1065 554 1115; x_wconf 85' lang='lat' dir='ltr'><strong>ex</strong></span> <span class='ocrx_word' id='word_1_50' title='bbox 570 1041 700 1116; x_wconf 82' lang='lat' dir='ltr'><strong>erdem</strong></span> <span class='ocrx_word' id='word_1_51' title='bbox 729 1041 801 1116; x_wconf 90' lang='lat' dir='ltr'><strong>cibi</strong></span> <span class='ocrx_word' id='word_1_52' title='bbox 821 1042 1028 1139; x_wconf 78' lang='lat' dir='ltr'><strong>quantitate</strong></span> <span class='ocrx_word' id='word_1_53' title='bbox 1043 1040 1083 1115; x_wconf 93' lang='lat' dir='ltr'><strong>in</strong></span> <span class='ocrx_word' id='word_1_54' title='bbox 1098 1042 1289 1118; x_wconf 76' lang='lat' dir='ltr'><strong>intestinis</strong></span> 
     </span>
     <span class='ocr_line' id='line_1_8' title="bbox 206 1151 1288 1253; baseline 0 -24"><span class='ocrx_word' id='word_1_55' title='bbox 206 1153 429 1253; x_wconf 78' lang='lat' dir='ltr'><strong>congeritur,</strong></span> <span class='ocrx_word' id='word_1_56' title='bbox 454 1151 610 1251; x_wconf 86' lang='lat' dir='ltr'><strong>ejusque</strong></span> <span class='ocrx_word' id='word_1_57' title='bbox 637 1151 803 1227; x_wconf 89' lang='lat' dir='ltr'><strong>multum</strong></span> <span class='ocrx_word' id='word_1_58' title='bbox 818 1153 1003 1251; x_wconf 85' lang='lat' dir='ltr'><strong>connpti;</strong></span> <span class='ocrx_word' id='word_1_59' title='bbox 1027 1153 1232 1251; x_wconf 85' lang='lat' dir='ltr'><strong>praesertim</strong></span> <span class='ocrx_word' id='word_1_60' title='bbox 1258 1154 1288 1229; x_wconf 93' lang='lat' dir='ltr'><strong>si</strong></span> 
     </span>
     <span class='ocr_line' id='line_1_9' title="bbox 205 1261 1289 1364; baseline -0.004 -24"><span class='ocrx_word' id='word_1_61' title='bbox 205 1263 322 1353; x_wconf 79' lang='lat' dir='ltr'><strong>sirus,</strong></span> <span class='ocrx_word' id='word_1_62' title='bbox 346 1274 391 1339; x_wconf 91' lang='lat' dir='ltr'><strong>ut</strong></span> <span class='ocrx_word' id='word_1_63' title='bbox 405 1264 482 1338; x_wconf 81' lang='lat' dir='ltr'><strong>fere</strong></span> <span class='ocrx_word' id='word_1_64' title='bbox 497 1263 640 1352; x_wconf 83' lang='lat' dir='ltr'><strong>accidit,</strong></span> <span class='ocrx_word' id='word_1_65' title='bbox 664 1262 730 1338; x_wconf 92' lang='lat' dir='ltr'><strong>diu</strong></span> <span class='ocrx_word' id='word_1_66' title='bbox 746 1264 891 1338; x_wconf 80' lang='lat' dir='ltr'><strong>astricta</strong></span> <span class='ocrx_word' id='word_1_67' title='bbox 906 1261 1039 1350; x_wconf 88' lang='lat' dir='ltr'><strong>fuerit;</strong></span> <span class='ocrx_word' id='word_1_68' title='bbox 1065 1263 1165 1337; x_wconf 89' lang='lat' dir='ltr'><strong>unde</strong></span> <span class='ocrx_word' id='word_1_69' title='bbox 1189 1288 1289 1364; x_wconf 85' lang='lat' dir='ltr'><strong>saepe</strong></span> 
     </span>
     <span class='ocr_line' id='line_1_10' title="bbox 206 1374 1286 1476; baseline 0 -25"><span class='ocrx_word' id='word_1_70' title='bbox 206 1375 304 1451; x_wconf 79' lang='lat' dir='ltr'><strong>color</strong></span> <span class='ocrx_word' id='word_1_71' title='bbox 319 1385 461 1466; x_wconf 83' lang='lat' dir='ltr'><strong>auctus,</strong></span> <span class='ocrx_word' id='word_1_72' title='bbox 485 1383 637 1476; x_wconf 86' lang='lat' dir='ltr'><strong>propter</strong></span> <span class='ocrx_word' id='word_1_73' title='bbox 651 1375 812 1449; x_wconf 88' lang='lat' dir='ltr'><strong>nimium</strong></span> <span class='ocrx_word' id='word_1_74' title='bbox 836 1374 1029 1450; x_wconf 89' lang='lat' dir='ltr'><strong>stimulum</strong></span> <span class='ocrx_word' id='word_1_75' title='bbox 1045 1377 1187 1475; x_wconf 82' lang='lat' dir='ltr'><strong>corpori</strong></span> <span class='ocrx_word' id='word_1_76' title='bbox 1205 1375 1286 1475; x_wconf 80' lang='lat' dir='ltr'><strong>jam</strong></span> 
     </span>
     <span class='ocr_line' id='line_1_11' title="bbox 205 1486 1287 1588; baseline -0.001 -24"><span class='ocrx_word' id='word_1_77' title='bbox 205 1498 340 1588; x_wconf 82' lang='lat' dir='ltr'><strong>praeter</strong></span> <span class='ocrx_word' id='word_1_78' title='bbox 355 1499 525 1563; x_wconf 83' lang='lat' dir='ltr'><strong>naturam</strong></span> <span class='ocrx_word' id='word_1_79' title='bbox 538 1486 671 1562; x_wconf 79' lang='lat' dir='ltr'><strong>calenti</strong></span> <span class='ocrx_word' id='word_1_80' title='bbox 680 1486 885 1575; x_wconf 81' lang='lat' dir='ltr'><strong>admotum,</strong></span> <span class='ocrx_word' id='word_1_81' title='bbox 901 1497 941 1563; x_wconf 90' lang='lat' dir='ltr'><strong>et</strong></span> <span class='ocrx_word' id='word_1_82' title='bbox 955 1487 1146 1562; x_wconf 80' lang='lat' dir='ltr'><strong>infirmitas</strong></span> <span class='ocrx_word' id='word_1_83' title='bbox 1158 1512 1287 1588; x_wconf 75' lang='lat' dir='ltr'><strong>suges</strong></span> 
     </span>
     <span class='ocr_line' id='line_1_12' title="bbox 205 1598 1287 1699; baseline 0 -24"><span class='ocrx_word' id='word_1_84' title='bbox 205 1623 303 1690; x_wconf 88' lang='lat' dir='ltr'><strong>cens,</strong></span> <span class='ocrx_word' id='word_1_85' title='bbox 327 1610 366 1676; x_wconf 94' lang='lat' dir='ltr'><strong>et</strong></span> <span class='ocrx_word' id='word_1_86' title='bbox 394 1600 559 1675; x_wconf 77' lang='lat' dir='ltr'><strong>anxietas</strong></span> <span class='ocrx_word' id='word_1_87' title='bbox 587 1598 851 1697; x_wconf 80' lang='lat' dir='ltr'><strong>ingravescens,</strong></span> <span class='ocrx_word' id='word_1_88' title='bbox 876 1607 915 1673; x_wconf 90' lang='lat' dir='ltr'><strong>et</strong></span> <span class='ocrx_word' id='word_1_89' title='bbox 944 1598 1048 1674; x_wconf 91' lang='lat' dir='ltr'><strong>dolor</strong></span> <span class='ocrx_word' id='word_1_90' title='bbox 1078 1599 1219 1699; x_wconf 82' lang='lat' dir='ltr'><strong>ospitis,</strong></span> <span class='ocrx_word' id='word_1_91' title='bbox 1248 1610 1287 1675; x_wconf 88' lang='lat' dir='ltr'><strong>et</strong></span> 
     </span>
     <span class='ocr_line' id='line_1_13' title="bbox 206 1710 1287 1801; baseline 0.002 -15"><span class='ocrx_word' id='word_1_92' title='bbox 206 1711 297 1801; x_wconf 79' lang='lat' dir='ltr'><strong>sitis,</strong></span> <span class='ocrx_word' id='word_1_93' title='bbox 321 1722 361 1788; x_wconf 91' lang='lat' dir='ltr'><strong>et</strong></span> <span class='ocrx_word' id='word_1_94' title='bbox 375 1734 519 1798; x_wconf 81' lang='lat' dir='ltr'><strong>nauseo,</strong></span> <span class='ocrx_word' id='word_1_95' title='bbox 535 1720 574 1786; x_wconf 94' lang='lat' dir='ltr'><strong>et</strong></span> <span class='ocrx_word' id='word_1_96' title='bbox 589 1711 763 1797; x_wconf 83' lang='lat' dir='ltr'><strong>vomitus,</strong></span> <span class='ocrx_word' id='word_1_97' title='bbox 791 1720 831 1784; x_wconf 95' lang='lat' dir='ltr'><strong>et</strong></span> <span class='ocrx_word' id='word_1_98' title='bbox 846 1710 1017 1799; x_wconf 83' lang='lat' dir='ltr'><strong>tormina,</strong></span> <span class='ocrx_word' id='word_1_99' title='bbox 1033 1720 1072 1785; x_wconf 89' lang='lat' dir='ltr'><strong>et</strong></span> <span class='ocrx_word' id='word_1_100' title='bbox 1088 1710 1190 1787; x_wconf 85' lang='lat' dir='ltr'><strong>haud</strong></span> <span class='ocrx_word' id='word_1_101' title='bbox 1204 1736 1287 1788; x_wconf 86' lang='lat' dir='ltr'><strong>raro</strong></span> 
     </span>
     <span class='ocr_line' id='line_1_14' title="bbox 204 1819 1286 1925; baseline -0.003 -26"><span class='ocrx_word' id='word_1_102' title='bbox 204 1823 337 1925; x_wconf 82' lang='lat' dir='ltr'><strong>ingens</strong></span> <span class='ocrx_word' id='word_1_103' title='bbox 352 1824 425 1899; x_wconf 82' lang='lat' dir='ltr'><strong>alvi</strong></span> <span class='ocrx_word' id='word_1_104' title='bbox 441 1822 567 1898; x_wconf 86' lang='lat' dir='ltr'><strong>fluxus</strong></span> <span class='ocrx_word' id='word_1_105' title='bbox 592 1819 807 1897; x_wconf 81' lang='lat' dir='ltr'><strong>difficillime</strong></span> <span class='ocrx_word' id='word_1_106' title='bbox 830 1821 1033 1906; x_wconf 88' lang='lat' dir='ltr'><strong>sistendus;</strong></span> <span class='ocrx_word' id='word_1_107' title='bbox 1047 1847 1144 1921; x_wconf 83' lang='lat' dir='ltr'><strong>·qnae</strong></span> <span class='ocrx_word' id='word_1_108' title='bbox 1160 1824 1286 1898; x_wconf 85' lang='lat' dir='ltr'><strong>omnis</strong></span> 
     </span>
     <span class='ocr_line' id='line_1_15' title="bbox 203 1935 1285 2034; baseline 0.003 -27"><span class='ocrx_word' id='word_1_109' title='bbox 203 1944 245 2007; x_wconf 92' lang='lat' dir='ltr'><strong>et</strong></span> <span class='ocrx_word' id='word_1_110' title='bbox 268 1935 519 2009; x_wconf 85' lang='lat' dir='ltr'><strong>molestissima</strong></span> <span class='ocrx_word' id='word_1_111' title='bbox 542 1956 641 2032; x_wconf 73' lang='lat' dir='ltr'><strong>egro</strong></span> <span class='ocrx_word' id='word_1_112' title='bbox 665 1942 767 2022; x_wconf 90' lang='lat' dir='ltr'><strong>sunt,</strong></span> <span class='ocrx_word' id='word_1_113' title='bbox 794 1955 955 2031; x_wconf 89' lang='lat' dir='ltr'><strong>eumque</strong></span> <span class='ocrx_word' id='word_1_114' title='bbox 980 1935 1185 2009; x_wconf 90' lang='lat' dir='ltr'><strong>miserrime</strong></span> <span class='ocrx_word' id='word_1_115' title='bbox 1207 1936 1285 2034; x_wconf 82' lang='lat' dir='ltr'><strong>sgi-</strong></span> 
     </span>
     <span class='ocr_line' id='line_1_16' title="bbox 202 2045 1284 2147; baseline 0.005 -30"><span class='ocrx_word' id='word_1_116' title='bbox 202 2050 295 2131; x_wconf 84' lang='lat' dir='ltr'><strong>trurt,</strong></span> <span class='ocrx_word' id='word_1_117' title='bbox 320 2054 359 2120; x_wconf 90' lang='lat' dir='ltr'><strong>et</strong></span> <span class='ocrx_word' id='word_1_118' title='bbox 374 2068 499 2119; x_wconf 83' lang='lat' dir='ltr'><strong>revera</strong></span> <span class='ocrx_word' id='word_1_119' title='bbox 527 2068 594 2119; x_wconf 82' lang='lat' dir='ltr'><strong>sna</strong></span> <span class='ocrx_word' id='word_1_120' title='bbox 608 2053 739 2119; x_wconf 83' lang='lat' dir='ltr'><strong>natura</strong></span> <span class='ocrx_word' id='word_1_121' title='bbox 768 2045 969 2143; x_wconf 81' lang='lat' dir='ltr'><strong>perniciosa</strong></span> <span class='ocrx_word' id='word_1_122' title='bbox 992 2055 1091 2134; x_wconf 88' lang='lat' dir='ltr'><strong>sunt,</strong></span> <span class='ocrx_word' id='word_1_123' title='bbox 1120 2055 1161 2120; x_wconf 94' lang='lat' dir='ltr'><strong>et</strong></span> <span class='ocrx_word' id='word_1_124' title='bbox 1184 2070 1284 2147; x_wconf 77' lang='lat' dir='ltr'><strong>qure-</strong></span> 
     </span>
     <span class='ocr_line' id='line_1_17' title="bbox 200 2152 793 2257; baseline 0.002 -26"><span class='ocrx_word' id='word_1_125' title='bbox 200 2152 289 2231; x_wconf 78' lang='lat' dir='ltr'><strong>dsm</strong></span> <span class='ocrx_word' id='word_1_126' title='bbox 305 2180 355 2231; x_wconf 87' lang='lat' dir='ltr'><strong>ex</strong></span> <span class='ocrx_word' id='word_1_127' title='bbox 369 2158 416 2231; x_wconf 88' lang='lat' dir='ltr'><strong>iis</strong></span> <span class='ocrx_word' id='word_1_128' title='bbox 434 2156 540 2232; x_wconf 78' lang='lat' dir='ltr'><strong>valde</strong></span> <span class='ocrx_word' id='word_1_129' title='bbox 556 2156 767 2257; x_wconf 65' lang='lat' dir='ltr'><strong>perinuosa„</strong></span> <span class='ocrx_word' id='word_1_130' title='bbox 790 2178 793 2185; x_wconf 77' lang='grc'><strong>“</strong></span> 
     </span>
    </p>

    <p class='ocr_par' dir='ltr' id='par_1_4' title="bbox 120 2267 1287 4386">
     <span class='ocr_line' id='line_1_18' title="bbox 252 2267 1284 2368; baseline 0.002 -22"><span class='ocrx_word' id='word_1_131' title='bbox 252 2289 542 2346; x_wconf 78' lang='lat' dir='ltr'><strong>nccccnxxxu.</strong></span> <span class='ocrx_word' id='word_1_132' title='bbox 569 2267 685 2345; x_wconf 89' lang='lat' dir='ltr'><strong>Cibus</strong></span> <span class='ocrx_word' id='word_1_133' title='bbox 701 2269 818 2368; x_wconf 82' lang='lat' dir='ltr'><strong>igitur</strong></span> <span class='ocrx_word' id='word_1_134' title='bbox 840 2269 957 2345; x_wconf 83' lang='lat' dir='ltr'><strong>scutis</strong></span> <span class='ocrx_word' id='word_1_135' title='bbox 973 2269 1109 2345; x_wconf 80' lang='lat' dir='ltr'><strong>morbis</strong></span> <span class='ocrx_word' id='word_1_136' title='bbox 1133 2270 1284 2348; x_wconf 77' lang='lat' dir='ltr'><strong>demm-</strong></span> 
     </span>
     <span class='ocr_line' id='line_1_19' title="bbox 201 2378 1284 2484; baseline 0.006 -29"><span class='ocrx_word' id='word_1_137' title='bbox 201 2378 377 2456; x_wconf 87' lang='lat' dir='ltr'><strong>bentibus</strong></span> <span class='ocrx_word' id='word_1_138' title='bbox 409 2405 523 2481; x_wconf 82' lang='lat' dir='ltr'><strong>quam</strong></span> <span class='ocrx_word' id='word_1_139' title='bbox 560 2380 768 2481; x_wconf 78' lang='lat' dir='ltr'><strong>parcissime</strong></span> <span class='ocrx_word' id='word_1_140' title='bbox 805 2381 948 2457; x_wconf 79' lang='lat' dir='ltr'><strong>dandus</strong></span> <span class='ocrx_word' id='word_1_141' title='bbox 976 2392 1051 2458; x_wconf 88' lang='lat' dir='ltr'><strong>est:</strong></span> <span class='ocrx_word' id='word_1_142' title='bbox 1094 2390 1134 2457; x_wconf 90' lang='lat' dir='ltr'><strong>et</strong></span> <span class='ocrx_word' id='word_1_143' title='bbox 1158 2385 1284 2484; x_wconf 83' lang='lat' dir='ltr'><strong>potins</strong></span> 
     </span>
     <span class='ocr_line' id='line_1_20' title="bbox 201 2493 1284 2597; baseline 0.002 -29"><span class='ocrx_word' id='word_1_144' title='bbox 201 2493 458 2569; x_wconf 89' lang='lat' dir='ltr'><strong>concedendus</strong></span> <span class='ocrx_word' id='word_1_145' title='bbox 481 2494 695 2595; x_wconf 89' lang='lat' dir='ltr'><strong>petentibus</strong></span> <span class='ocrx_word' id='word_1_146' title='bbox 731 2516 846 2594; x_wconf 80' lang='lat' dir='ltr'><strong>quarn</strong></span> <span class='ocrx_word' id='word_1_147' title='bbox 882 2494 1121 2592; x_wconf 83' lang='lat' dir='ltr'><strong>imperandus</strong></span> <span class='ocrx_word' id='word_1_148' title='bbox 1148 2520 1284 2597; x_wconf 82' lang='lat' dir='ltr'><strong>repug-</strong></span> 
     </span>
     <span class='ocr_line' id='line_1_21' title="bbox 171 2605 1284 2707; baseline 0.001 -24"><span class='ocrx_word' id='word_1_149' title='bbox 171 2606 397 2693; x_wconf 77' lang='lat' dir='ltr'><strong>.nsntibus;</strong></span> <span class='ocrx_word' id='word_1_150' title='bbox 426 2607 605 2707; x_wconf 84' lang='lat' dir='ltr'><strong>quoniam</strong></span> <span class='ocrx_word' id='word_1_151' title='bbox 629 2606 698 2682; x_wconf 86' lang='lat' dir='ltr'><strong>hac</strong></span> <span class='ocrx_word' id='word_1_152' title='bbox 713 2606 761 2681; x_wconf 91' lang='lat' dir='ltr'><strong>de</strong></span> <span class='ocrx_word' id='word_1_153' title='bbox 784 2631 824 2682; x_wconf 91' lang='lat' dir='ltr'><strong>re</strong></span> <span class='ocrx_word' id='word_1_154' title='bbox 840 2605 923 2706; x_wconf 90' lang='lat' dir='ltr'><strong>plus</strong></span> <span class='ocrx_word' id='word_1_155' title='bbox 947 2606 1023 2681; x_wconf 83' lang='lat' dir='ltr'><strong>fere</strong></span> <span class='ocrx_word' id='word_1_156' title='bbox 1047 2607 1204 2707; x_wconf 78' lang='lat' dir='ltr'><strong>periurii</strong></span> <span class='ocrx_word' id='word_1_157' title='bbox 1227 2619 1284 2684; x_wconf 85' lang='lat' dir='ltr'><strong>est</strong></span> 
     </span>
     <span class='ocr_line' id='line_1_22' title="bbox 199 2715 1285 2815; baseline 0.008 -27"><span class='ocrx_word' id='word_1_158' title='bbox 199 2715 242 2788; x_wconf 94' lang='lat' dir='ltr'><strong>in</strong></span> <span class='ocrx_word' id='word_1_159' title='bbox 257 2740 407 2793; x_wconf 90' lang='lat' dir='ltr'><strong>excessu</strong></span> <span class='ocrx_word' id='word_1_160' title='bbox 425 2741 540 2815; x_wconf 85' lang='lat' dir='ltr'><strong>quam</strong></span> <span class='ocrx_word' id='word_1_161' title='bbox 564 2717 603 2792; x_wconf 91' lang='lat' dir='ltr'><strong>in</strong></span> <span class='ocrx_word' id='word_1_162' title='bbox 622 2717 788 2805; x_wconf 67' lang='lat' dir='ltr'><strong>«resecem</strong></span> <span class='ocrx_word' id='word_1_163' title='bbox 813 2728 944 2794; x_wconf 85' lang='lat' dir='ltr'><strong>nsturs</strong></span> <span class='ocrx_word' id='word_1_164' title='bbox 971 2718 1074 2794; x_wconf 87' lang='lat' dir='ltr'><strong>enim</strong></span> <span class='ocrx_word' id='word_1_165' title='bbox 1088 2720 1129 2793; x_wconf 92' lang='lat' dir='ltr'><strong>in</strong></span> <span class='ocrx_word' id='word_1_166' title='bbox 1146 2720 1285 2797; x_wconf 76' lang='lat' dir='ltr'><strong>talibus</strong></span> 
     </span>
     <span class='ocr_line' id='line_1_23' title="bbox 199 2822 1287 2918; baseline 0.009 -20"><span class='ocrx_word' id='word_1_167' title='bbox 199 2827 338 2902; x_wconf 87' lang='lat' dir='ltr'><strong>morbis</strong></span> <span class='ocrx_word' id='word_1_168' title='bbox 359 2822 587 2904; x_wconf 59' lang='lat' dir='ltr'><strong>‘tenuissimo</strong></span> <span class='ocrx_word' id='word_1_169' title='bbox 610 2830 714 2904; x_wconf 87' lang='lat' dir='ltr'><strong>victu</strong></span> <span class='ocrx_word' id='word_1_170' title='bbox 739 2838 913 2905; x_wconf 78' lang='lat' dir='ltr'><strong>contento</strong></span> <span class='ocrx_word' id='word_1_171' title='bbox 936 2841 1003 2918; x_wconf 87' lang='lat' dir='ltr'><strong>est,</strong></span> <span class='ocrx_word' id='word_1_172' title='bbox 1040 2841 1079 2907; x_wconf 91' lang='lat' dir='ltr'><strong>et</strong></span> <span class='ocrx_word' id='word_1_173' title='bbox 1106 2829 1287 2908; x_wconf 79' lang='lat' dir='ltr'><strong>solidiore</strong></span> 
     </span>
     <span class='ocr_line' id='line_1_24' title="bbox 199 2934 1286 3041; baseline 0.01 -31"><span class='ocrx_word' id='word_1_174' title='bbox 199 2934 305 3010; x_wconf 74' lang='lat' dir='ltr'><strong>facire</strong></span> <span class='ocrx_word' id='word_1_175' title='bbox 328 2939 560 3037; x_wconf 87' lang='lat' dir='ltr'><strong>opprimitur,</strong></span> <span class='ocrx_word' id='word_1_176' title='bbox 593 2949 632 3013; x_wconf 92' lang='lat' dir='ltr'><strong>et</strong></span> <span class='ocrx_word' id='word_1_177' title='bbox 655 2961 753 3038; x_wconf 84' lang='lat' dir='ltr'><strong>saepe</strong></span> <span class='ocrx_word' id='word_1_178' title='bbox 776 2939 868 3015; x_wconf 88' lang='lat' dir='ltr'><strong>nihil</strong></span> <span class='ocrx_word' id='word_1_179' title='bbox 893 2940 968 3015; x_wconf 80' lang='lat' dir='ltr'><strong>fere</strong></span> <span class='ocrx_word' id='word_1_180' title='bbox 992 2950 1120 3041; x_wconf 82' lang='lat' dir='ltr'><strong>proeter</strong></span> <span class='ocrx_word' id='word_1_181' title='bbox 1142 2949 1286 3038; x_wconf 88' lang='lat' dir='ltr'><strong>potum</strong></span> 
     </span>
     <span class='ocr_line' id='line_1_25' title="bbox 120 3046 1283 3146; baseline 0.009 -26"><span class='ocrx_word' id='word_1_182' title='bbox 120 3101 123 3110; x_wconf 43' lang='lat'>1</span> <span class='ocrx_word' id='word_1_183' title='bbox 200 3046 379 3122; x_wconf 91' lang='lat' dir='ltr'><strong>idoneum</strong></span> <span class='ocrx_word' id='word_1_184' title='bbox 403 3051 568 3146; x_wconf 85' lang='lat' dir='ltr'><strong>requirit.</strong></span> <span class='ocrx_word' id='word_1_185' title='bbox 625 3047 714 3125; x_wconf 89' lang='lat' dir='ltr'><strong>Non</strong></span> <span class='ocrx_word' id='word_1_186' title='bbox 738 3060 864 3126; x_wconf 80' lang='lat' dir='ltr'><strong>tamen</strong></span> <span class='ocrx_word' id='word_1_187' title='bbox 888 3053 1023 3128; x_wconf 88' lang='lat' dir='ltr'><strong>idcirco</strong></span> <span class='ocrx_word' id='word_1_188' title='bbox 1044 3052 1147 3129; x_wconf 89' lang='lat' dir='ltr'><strong>cibus</strong></span> <span class='ocrx_word' id='word_1_189' title='bbox 1169 3050 1283 3130; x_wconf 86' lang='lat' dir='ltr'><strong>febri·</strong></span> 
     </span>
     <span class='ocr_line' id='line_1_26' title="bbox 199 3156 1282 3260; baseline 0.008 -28"><span class='ocrx_word' id='word_1_190' title='bbox 199 3156 410 3248; x_wconf 76' lang='lat' dir='ltr'><strong>nitentibus,</strong></span> <span class='ocrx_word' id='word_1_191' title='bbox 447 3158 509 3235; x_wconf 88' lang='lat' dir='ltr'><strong>vel</strong></span> <span class='ocrx_word' id='word_1_192' title='bbox 531 3162 578 3237; x_wconf 82' lang='lat' dir='ltr'><strong>ab</strong></span> <span class='ocrx_word' id='word_1_193' title='bbox 602 3162 682 3260; x_wconf 85' lang='lat' dir='ltr'><strong>ipso</strong></span> <span class='ocrx_word' id='word_1_194' title='bbox 705 3162 823 3238; x_wconf 91' lang='lat' dir='ltr'><strong>morbi</strong></span> <span class='ocrx_word' id='word_1_195' title='bbox 847 3165 966 3254; x_wconf 89' lang='lat' dir='ltr'><strong>initio,</strong></span> <span class='ocrx_word' id='word_1_196' title='bbox 995 3164 1147 3240; x_wconf 90' lang='lat' dir='ltr'><strong>omnino</strong></span> <span class='ocrx_word' id='word_1_197' title='bbox 1171 3164 1282 3242; x_wconf 83' lang='lat' dir='ltr'><strong>dene·</strong></span> 
     </span>
     <span class='ocr_line' id='line_1_27' title="bbox 198 3269 1278 3378; baseline 0.008 -33"><span class='ocrx_word' id='word_1_198' title='bbox 198 3269 344 3370; x_wconf 86' lang='lat' dir='ltr'><strong>gnudus</strong></span> <span class='ocrx_word' id='word_1_199' title='bbox 368 3282 433 3361; x_wconf 90' lang='lat' dir='ltr'><strong>est,</strong></span> <span class='ocrx_word' id='word_1_200' title='bbox 468 3274 668 3370; x_wconf 87' lang='lat' dir='ltr'><strong>praesertim</strong></span> <span class='ocrx_word' id='word_1_201' title='bbox 706 3274 737 3349; x_wconf 89' lang='lat' dir='ltr'><strong>si</strong></span> <span class='ocrx_word' id='word_1_202' title='bbox 769 3298 866 3375; x_wconf 83' lang='lat' dir='ltr'><strong>aeger</strong></span> <span class='ocrx_word' id='word_1_203' title='bbox 890 3279 1094 3377; x_wconf 84' lang='lat' dir='ltr'><strong>quiequam</strong></span> <span class='ocrx_word' id='word_1_204' title='bbox 1117 3279 1278 3378; x_wconf 72' lang='lat' dir='ltr'><strong>appetits</strong></span> 
     </span>
     <span class='ocr_line' id='line_1_28' title="bbox 199 3383 1279 3487; baseline 0.008 -31"><span class='ocrx_word' id='word_1_205' title='bbox 199 3383 264 3456; x_wconf 90' lang='lat' dir='ltr'><strong>sed</strong></span> <span class='ocrx_word' id='word_1_206' title='bbox 280 3385 399 3483; x_wconf 83' lang='lat' dir='ltr'><strong>magis</strong></span> <span class='ocrx_word' id='word_1_207' title='bbox 414 3383 537 3459; x_wconf 83' lang='lat' dir='ltr'><strong>sdbuc</strong></span> <span class='ocrx_word' id='word_1_208' title='bbox 560 3410 680 3484; x_wconf 90' lang='lat' dir='ltr'><strong>quum</strong></span> <span class='ocrx_word' id='word_1_209' title='bbox 697 3386 836 3462; x_wconf 84' lang='lat' dir='ltr'><strong>malum</strong></span> <span class='ocrx_word' id='word_1_210' title='bbox 856 3387 935 3487; x_wconf 84' lang='lat' dir='ltr'><strong>jam</strong></span> <span class='ocrx_word' id='word_1_211' title='bbox 961 3389 1196 3479; x_wconf 80' lang='lat' dir='ltr'><strong>inveteravit,</strong></span> <span class='ocrx_word' id='word_1_212' title='bbox 1219 3386 1279 3464; x_wconf 83' lang='lat' dir='ltr'><strong>sli-</strong></span> 
     </span>
     <span class='ocr_line' id='line_1_29' title="bbox 197 3496 1279 3589; baseline 0.009 -23"><span class='ocrx_word' id='word_1_213' title='bbox 197 3503 381 3589; x_wconf 86' lang='lat' dir='ltr'><strong>quantum</strong></span> <span class='ocrx_word' id='word_1_214' title='bbox 407 3496 532 3571; x_wconf 91' lang='lat' dir='ltr'><strong>idonei</strong></span> <span class='ocrx_word' id='word_1_215' title='bbox 555 3497 629 3573; x_wconf 86' lang='lat' dir='ltr'><strong>cibi</strong></span> <span class='ocrx_word' id='word_1_216' title='bbox 652 3500 848 3587; x_wconf 87' lang='lat' dir='ltr'><strong>convenit;</strong></span> <span class='ocrx_word' id='word_1_217' title='bbox 876 3508 968 3575; x_wconf 90' lang='lat' dir='ltr'><strong>tunc</strong></span> <span class='ocrx_word' id='word_1_218' title='bbox 991 3501 1092 3576; x_wconf 85' lang='lat' dir='ltr'><strong>enirn</strong></span> <span class='ocrx_word' id='word_1_219' title='bbox 1118 3511 1160 3577; x_wconf 89' lang='lat' dir='ltr'><strong>et</strong></span> <span class='ocrx_word' id='word_1_220' title='bbox 1186 3500 1279 3575; x_wconf 82' lang='lat' dir='ltr'><strong>vires</strong></span> 
     </span>
     <span class='ocr_line' id='line_1_30' title="bbox 196 3602 1279 3712; baseline 0.012 -36"><span class='ocrx_word' id='word_1_221' title='bbox 196 3602 364 3679; x_wconf 90' lang='lat' dir='ltr'><strong>multum</strong></span> <span class='ocrx_word' id='word_1_222' title='bbox 387 3606 630 3698; x_wconf 80' lang='lat' dir='ltr'><strong>collabuntur,</strong></span> <span class='ocrx_word' id='word_1_223' title='bbox 663 3623 703 3689; x_wconf 90' lang='lat' dir='ltr'><strong>et</strong></span> <span class='ocrx_word' id='word_1_224' title='bbox 737 3635 868 3712; x_wconf 88' lang='lat' dir='ltr'><strong>corpus</strong></span> <span class='ocrx_word' id='word_1_225' title='bbox 892 3613 1030 3689; x_wconf 91' lang='lat' dir='ltr'><strong>mirum</strong></span> <span class='ocrx_word' id='word_1_226' title='bbox 1055 3613 1097 3688; x_wconf 91' lang='lat' dir='ltr'><strong>in</strong></span> <span class='ocrx_word' id='word_1_227' title='bbox 1122 3611 1279 3689; x_wconf 86' lang='lat' dir='ltr'><strong>modum</strong></span> 
     </span>
     <span class='ocr_line' id='line_1_31' title="bbox 195 3717 1278 3826; baseline 0.01 -37"><span class='ocrx_word' id='word_1_228' title='bbox 195 3717 395 3806; x_wconf 80' lang='lat' dir='ltr'><strong>marcescit,</strong></span> <span class='ocrx_word' id='word_1_229' title='bbox 424 3730 463 3795; x_wconf 94' lang='lat' dir='ltr'><strong>et</strong></span> <span class='ocrx_word' id='word_1_230' title='bbox 479 3745 575 3822; x_wconf 84' lang='lat' dir='ltr'><strong>saepe</strong></span> <span class='ocrx_word' id='word_1_231' title='bbox 591 3722 774 3813; x_wconf 87' lang='lat' dir='ltr'><strong>humores,</strong></span> <span class='ocrx_word' id='word_1_232' title='bbox 790 3736 837 3800; x_wconf 93' lang='lat' dir='ltr'><strong>ut</strong></span> <span class='ocrx_word' id='word_1_233' title='bbox 852 3724 1011 3814; x_wconf 83' lang='lat' dir='ltr'><strong>videtur,</strong></span> <span class='ocrx_word' id='word_1_234' title='bbox 1027 3725 1197 3803; x_wconf 90' lang='lat' dir='ltr'><strong>multum</strong></span> <span class='ocrx_word' id='word_1_235' title='bbox 1212 3748 1278 3826; x_wconf 90' lang='lat' dir='ltr'><strong>pn·</strong></span> 
     </span>
     <span class='ocr_line' id='line_1_32' title="bbox 195 3831 1276 3938; baseline 0.009 -36"><span class='ocrx_word' id='word_1_236' title='bbox 195 3832 370 3904; x_wconf 88' lang='lat' dir='ltr'><strong>trescunt</strong></span> <span class='ocrx_word' id='word_1_237' title='bbox 420 3831 514 3917; x_wconf 90' lang='lat' dir='ltr'><strong>Cibo</strong></span> <span class='ocrx_word' id='word_1_238' title='bbox 529 3834 646 3935; x_wconf 86' lang='lat' dir='ltr'><strong>igitur</strong></span> <span class='ocrx_word' id='word_1_239' title='bbox 661 3836 701 3910; x_wconf 91' lang='lat' dir='ltr'><strong>iu</strong></span> <span class='ocrx_word' id='word_1_240' title='bbox 717 3836 787 3911; x_wconf 87' lang='lat' dir='ltr'><strong>hoc</strong></span> <span class='ocrx_word' id='word_1_241' title='bbox 803 3846 902 3913; x_wconf 87' lang='lat' dir='ltr'><strong>stntu</strong></span> <span class='ocrx_word' id='word_1_242' title='bbox 918 3837 1027 3938; x_wconf 80' lang='lat' dir='ltr'><strong>plane</strong></span> <span class='ocrx_word' id='word_1_243' title='bbox 1043 3862 1140 3937; x_wconf 87' lang='lat' dir='ltr'><strong>opus</strong></span> <span class='ocrx_word' id='word_1_244' title='bbox 1156 3835 1276 3922; x_wconf 79' lang='lat' dir='ltr'><strong>iirerit.</strong></span> 
     </span>
     <span class='ocr_line' id='line_1_33' title="bbox 193 3938 1275 4049; baseline 0.008 -36"><span class='ocrx_word' id='word_1_245' title='bbox 193 3938 273 4035; x_wconf 91' lang='lat' dir='ltr'><strong>qui,</strong></span> <span class='ocrx_word' id='word_1_246' title='bbox 297 3940 503 4019; x_wconf 89' lang='lat' dir='ltr'><strong>dummodo</strong></span> <span class='ocrx_word' id='word_1_247' title='bbox 519 3957 563 4020; x_wconf 93' lang='lat' dir='ltr'><strong>ut</strong></span> <span class='ocrx_word' id='word_1_248' title='bbox 591 3947 697 4024; x_wconf 91' lang='lat' dir='ltr'><strong>decet</strong></span> <span class='ocrx_word' id='word_1_249' title='bbox 712 3958 908 4023; x_wconf 89' lang='lat' dir='ltr'><strong>concoctns</strong></span> <span class='ocrx_word' id='word_1_250' title='bbox 934 3948 993 4037; x_wconf 89' lang='lat' dir='ltr'><strong>sit,</strong></span> <span class='ocrx_word' id='word_1_251' title='bbox 1017 3951 1210 4049; x_wconf 90' lang='lat' dir='ltr'><strong>optimum</strong></span> <span class='ocrx_word' id='word_1_252' title='bbox 1224 3968 1275 4022; x_wconf 87' lang='lat' dir='ltr'><strong>re·</strong></span> 
     </span>
     <span class='ocr_line' id='line_1_34' title="bbox 191 4049 1274 4160; baseline 0.014 -35"><span class='ocrx_word' id='word_1_253' title='bbox 191 4049 361 4127; x_wconf 87' lang='lat' dir='ltr'><strong>medinm</strong></span> <span class='ocrx_word' id='word_1_254' title='bbox 376 4053 453 4143; x_wconf 87' lang='lat' dir='ltr'><strong>fiet,</strong></span> <span class='ocrx_word' id='word_1_255' title='bbox 466 4065 505 4130; x_wconf 88' lang='lat' dir='ltr'><strong>et</strong></span> <span class='ocrx_word' id='word_1_256' title='bbox 520 4080 652 4158; x_wconf 92' lang='lat' dir='ltr'><strong>corpus</strong></span> <span class='ocrx_word' id='word_1_257' title='bbox 668 4058 780 4134; x_wconf 90' lang='lat' dir='ltr'><strong>simul</strong></span> <span class='ocrx_word' id='word_1_258' title='bbox 796 4060 936 4135; x_wconf 89' lang='lat' dir='ltr'><strong>reficiet</strong></span> <span class='ocrx_word' id='word_1_259' title='bbox 950 4060 1112 4160; x_wconf 73' lang='lat' dir='ltr'><strong>oletque,</strong></span> <span class='ocrx_word' id='word_1_260' title='bbox 1128 4071 1169 4139; x_wconf 89' lang='lat' dir='ltr'><strong>et</strong></span> <span class='ocrx_word' id='word_1_261' title='bbox 1186 4061 1274 4139; x_wconf 71' lang='lat' dir='ltr'><strong>vim</strong></span> 
     </span>
     <span class='ocr_line' id='line_1_35' title="bbox 189 4163 1273 4271; baseline 0.006 -32"><span class='ocrx_word' id='word_1_262' title='bbox 189 4163 396 4253; x_wconf 85' lang='lat' dir='ltr'><strong>sustinebit,</strong></span> <span class='ocrx_word' id='word_1_263' title='bbox 421 4176 460 4240; x_wconf 88' lang='lat' dir='ltr'><strong>et</strong></span> <span class='ocrx_word' id='word_1_264' title='bbox 484 4169 673 4266; x_wconf 82' lang='lat' dir='ltr'><strong>putridam</strong></span> <span class='ocrx_word' id='word_1_265' title='bbox 696 4171 970 4271; x_wconf 87' lang='lat' dir='ltr'><strong>corruptionem</strong></span> <span class='ocrx_word' id='word_1_266' title='bbox 995 4170 1217 4267; x_wconf 87' lang='lat' dir='ltr'><strong>humorum,</strong></span> <span class='ocrx_word' id='word_1_267' title='bbox 1232 4169 1273 4245; x_wconf 89' lang='lat' dir='ltr'><strong>si·</strong></span> 
     </span>
     <span class='ocr_line' id='line_1_36' title="bbox 191 4274 878 4386; baseline 0.013 -34"><span class='ocrx_word' id='word_1_268' title='bbox 191 4297 269 4377; x_wconf 81' lang='lat' dir='ltr'><strong>qus</strong></span> <span class='ocrx_word' id='word_1_269' title='bbox 284 4274 406 4367; x_wconf 75' lang='lat' dir='ltr'><strong>brerit,</strong></span> <span class='ocrx_word' id='word_1_270' title='bbox 422 4302 536 4385; x_wconf 81' lang='lat' dir='ltr'><strong>quern</strong></span> <span class='ocrx_word' id='word_1_271' title='bbox 553 4279 694 4381; x_wconf 89' lang='lat' dir='ltr'><strong>optime</strong></span> <span class='ocrx_word' id='word_1_272' title='bbox 709 4283 878 4386; x_wconf 83' lang='lat' dir='ltr'><strong>corriget</strong></span> 
     </span>
    </p>
   </div>
   <div class='ocr_carea' id='block_1_4' title="bbox 0 0 1344 4794">
    <p class='ocr_par' dir='ltr' id='par_1_5' title="bbox 0 0 1344 4794">
     <span class='ocr_line' id='line_1_37' title="bbox 0 0 1344 4794; baseline 0 6"><span class='ocrx_word' id='word_1_273' title='bbox 0 0 1344 4794; x_wconf 95' lang='lat' dir='ltr'><strong> </strong></span> 
     </span>
    </p>
   </div>
  </div>
 </body>
</html>
