2694 4792
132 375 219 429 car.
237 369 342 427 xxn.
436 366 656 424 aramenta
674 370 960 429 rnnonsrrcar.
1133 356 1206 431 261

77 557 80 562 ’
132 547 378 636 mobilissimo,
402 547 706 647 praestantissimo,
734 549 837 648 quod
860 549 900 622 in
932 549 1053 624 nervis
1085 548 1202 626 inesse

133 663 269 762 opinati
285 669 381 737 sunt.
432 660 550 735 Simili
576 659 653 737 fere
669 660 785 736 modo
800 660 927 740 herbas
942 661 1075 736 nutriri
1091 659 1203 736 multi

133 777 337 872 opinantur,
353 773 521 871 quamvis
531 795 617 848 sane
628 774 793 851 nondum
811 773 924 848 dehis
939 774 1033 848 bene
1049 781 1203 862 constet,

131 887 322 986 multaque
338 886 462 984 potius
477 883 673 960 ostendant
697 909 758 961 eas
773 884 883 986 longe
899 885 1040 960 diversa
1063 887 1205 960 ratione

129 1023 238 1075 suum
255 998 527 1073 nutrimentum
544 996 713 1095 accipere.
755 997 889 1096 Neque
904 996 1068 1097 profecto
1083 997 1204 1071 hacte-

129 1134 198 1185 nus
231 1110 410 1197 constitit,
433 1109 621 1185 cerebrum
639 1108 759 1185 ullum
787 1133 968 1185 secernere
998 1109 1203 1198 humorem,

128 1237 194 1299 aut
210 1222 371 1297 fluidum
387 1219 507 1295 ullum
524 1221 563 1293 in
580 1220 701 1295 nervis
718 1221 844 1309 inesse,
872 1232 938 1296 aut
953 1230 1068 1296 tenue
1080 1230 1119 1296 et
1134 1245 1204 1320 pu·

128 1357 215 1408 rum
243 1333 376 1432 gluten
404 1356 470 1431 per
496 1355 558 1407 eos
583 1329 779 1431 percolari;
803 1355 889 1405 nam
917 1355 1038 1430 neque
1056 1342 1206 1410 tument

132 1444 248 1543 ligati,
266 1468 388 1543 neque
404 1444 493 1519 secti
520 1443 641 1519 ullum
658 1443 852 1517 humorem
874 1441 1059 1531 fundunt;
1084 1469 1224 1544 neque·

132 1557 405 1633 subtilissimam
421 1581 558 1645 auram,
575 1555 723 1656 qualem
740 1556 856 1629 inesse
871 1555 916 1630 iis
929 1579 1048 1656 nuper
1063 1566 1101 1632 et
1116 1557 1206 1632 olim

131 1670 259 1768 opinio
274 1668 357 1758 fuit,
375 1669 485 1744 talem
503 1670 709 1757 humorem,
731 1692 827 1767 aqua
843 1667 971 1743 saltem
987 1671 1206 1757 crassiorem,

129 1781 330 1880 propellere
354 1806 478 1881 posse;
506 1805 629 1882 neque
657 1781 812 1857 demum
841 1780 1112 1855 nutrimentum
1140 1799 1210 1877 per

128 1917 259 1969 nervos
277 1894 376 1981 fieri3
401 1919 486 1970 nam
503 1919 630 1983 ovum,
646 1904 685 1969 et
694 1893 884 1995 plcreenta,
914 1901 954 1966 et
969 1890 1069 1968 funis
1086 1890 1205 1966 umbi·

129 2003 201 2091 lici,
231 2006 309 2079 sine
325 2007 445 2080 nervis
461 2008 679 2081 nutriuntur
695 2017 734 2080 et
749 2015 926 2093 crescunt,
942 2014 982 2079 et
997 2003 1111 2080 foetus
1128 2003 1208 2078 sine

130 2116 249 2214 capite
266 2116 343 2191 nati
363 2129 449 2191 sunt
465 2119 551 2192 satis
566 2118 660 2191 bene
675 2119 763 2205 aliti,
793 2130 832 2193 et
847 2118 886 2193 in
902 2118 1120 2193 animalibus
1144 2116 1207 2191 fri·

128 2227 208 2326 gidi
226 2229 425 2327 sanguinis,
453 2229 542 2302 vitae
557 2229 679 2303 multo
694 2254 806 2328 quam
825 2229 937 2305 homo
953 2232 1206 2316 tenacioribus,

130 2348 241 2425 artus,
258 2349 349 2438 puta
365 2363 447 2412 crus
464 2349 502 2412 et
518 2339 648 2425 femur,
666 2341 759 2413 bene
775 2338 895 2428 alitur,
916 2364 1039 2438 neque
1055 2364 1207 2415 marces·

131 2450 192 2534 cit,
222 2460 320 2523 secto
337 2473 470 2549 magno
499 2451 566 2547 qui
594 2474 681 2524 eum
707 2451 785 2524 adit
810 2474 933 2524 nervo
983 2450 1118 2547 Neque
1145 2450 1207 2522 de-

132 2584 238 2634 mum
264 2560 396 2636 melius
424 2560 645 2659 intelligitur
670 2586 747 2659 quo
762 2573 870 2661 pacto
898 2584 963 2660 per
978 2583 1119 2648 nervos,
1143 2585 1208 2660 po

131 2673 206 2746 tius
233 2696 344 2770 quam
358 2689 360 2692 ·
372 2697 438 2772 per
453 2673 609 2760 arterias,
639 2697 704 2747 sua
720 2674 873 2779 singulis
889 2672 1034 2772 organis
1058 2672 1209 2746 materia

131 2786 346 2880 (nccchv)
364 2809 429 2859 sua
445 2784 598 2883 singulis
615 2783 747 2859 fabrica
763 2786 920 2862 daretur.
979 2842 982 2847 -

178 2919 383 2972 ncccxmx.
420 2897 627 2995 Utcunque
651 2896 729 2972 haec
766 2922 805 2971 se
828 2921 884 2972 res
909 2897 1087 2984 habuerit,
1116 2895 1208 2977 scite

130 3033 273 3108 semper
289 3008 448 3107 juvabit,
474 3010 747 3084 nutrimentum
772 3008 935 3083 multum
952 3009 1060 3097 affici,
1088 3017 1129 3083 et
1144 3004 1208 3083 vel

130 3123 338 3220 promoveri
353 3121 413 3196 vel
439 3122 621 3221 impediri,
645 3145 722 3197 non
739 3121 851 3195 modo
877 3130 975 3197 statu
1000 3130 1040 3195 et
1062 3120 1206 3194 actione

130 3234 344 3308 arteriamm
360 3257 642 3334 nervorumque,
667 3234 731 3309 sed
747 3232 916 3333 plurimis
932 3231 1011 3306 aliis
1034 3231 1142 3305 rebus
1158 3229 1207 3303 de

130 3344 267 3443 quibus
292 3346 423 3421 melius
458 3357 608 3420 constat.
682 3345 883 3422 Obstructa
906 3343 970 3421 vel
1004 3341 1208 3417 imminuto

130 3458 319 3557 sanguinis
331 3482 396 3554 per
407 3459 574 3532 arteriam
584 3467 703 3546 motu,
731 3468 831 3533 artus
855 3481 968 3556 quern
982 3454 1059 3529 haec
1070 3452 1205 3540 adibat,

128 3571 249 3670 friget,
276 3579 408 3669 torpet,
433 3580 471 3643 et
487 3569 597 3644 simul
613 3570 810 3657 marcescit,
836 3570 954 3644 donec
977 3576 1101 3641 motus
1125 3587 1227 3640 san·.

128 3684 253 3783 guinis
270 3680 329 3755 vel
346 3705 411 3780 per
437 3680 558 3755 solitas
574 3680 650 3756 vias
666 3681 889 3768 restituatur,
916 3678 975 3755 vel
991 3702 1056 3777 per
1081 3699 1206 3763 novas,

129 3795 247 3870 forsan
273 3819 339 3894 per
372 3819 490 3868 ramos
526 3794 846 3878 communicantes,
881 3816 972 3890 quas
996 3790 1099 3864 brevi
1135 3786 1206 3862 sibi

130 3905 243 4004 legit:
272 3907 471 4005 aliquando
487 3914 611 3980 tamen
627 3915 739 3993 artus,
763 3915 846 4005 post
862 3905 972 3979 talem
989 3899 1206 3977 obstructio-

133 4038 230 4103 nem,
245 4042 436 4118 nunquam
455 4029 500 4095 ut
515 4028 622 4095 antea
633 4029 775 4092 torosus
787 4017 841 4091 lit.
878 4016 1206 4113 Plurimoquoque

134 4127 296 4204 detracto
312 4134 499 4230 sanguine,
517 4141 639 4207 totum
657 4154 787 4230 corpus
805 4130 997 4206 marcescit

184 4261 321 4317 necet.
347 4245 449 4344 Saepe
473 4269 624 4344 quoque
647 4268 670 4321 a
693 4243 858 4346 paralysi,
883 4240 944 4317 vel
966 4231 1126 4339 generali
1147 4225 1208 4304 Vel
