2678 4794
133 269 205 344 336
550 282 801 345 consuamus
983 289 1070 345 cnr.
1087 283 1206 344 xxrr.

132 463 228 541 bene
244 465 447 553 intellectis,
464 462 546 539 saus
562 459 795 562 perspicuum
811 461 891 538 erit.
943 464 1014 552 Sic,
1044 476 1090 542 ut
1107 462 1213 540 cibus

131 581 257 655 tenuis
273 591 312 655 et
326 598 492 679 aqrrosus,
508 584 619 674 potus
635 574 746 648 nimis
760 572 896 675 largus,
910 575 999 649 vitae
1013 601 1135 675 genus
1153 578 1213 676 ig·

131 713 272 768 navum
289 705 327 767 et
342 688 598 775 sedentariam,
618 695 658 761 et
673 685 812 762 nimius
826 696 893 762 aut
908 687 1018 765 nimis
1034 699 1212 761 constans

132 804 229 879 mlor
244 801 380 902 oorpori
392 799 575 886 admotus,
587 799 698 874 variis
713 797 831 875 modis
841 822 967 874 omnes
978 799 1109 874 solidas
1125 799 1213 896 ejus

130 927 251 1015 partes
265 915 418 988 solvunt
429 920 469 986 et
484 910 624 999 laxant,
652 909 758 1010 saule
773 911 962 998 constabit,
981 910 1212 985 eontrarium

129 1028 218 1102 vitae
231 1037 270 1101 et
285 1025 404 1099 vietus
421 1047 550 1123 genus,
576 1034 614 1097 et
642 1023 844 1123 plurimam
860 1024 1017 1123 eorporis
1033 1022 1213 1097 exercita-

129 1140 279 1225 tionem,
304 1145 342 1210 et
367 1136 495 1211 cibum
519 1137 658 1212 siccum
683 1149 723 1210 et
746 1136 986 1223 nutrientem,
1012 1144 1050 1209 et
1074 1145 1212 1233 potum

128 1272 290 1348 paruum,
316 1258 356 1322 et
370 1248 489 1350 fn'fflrs
506 1249 658 1324 demum
683 1272 768 1323 cum
791 1247 990 1347 pmdentia
1005 1247 1211 1333 admotum,

126 1359 195 1433 ista
226 1360 323 1435 mala
355 1372 560 1438 correctura
588 1384 674 1449 esse,
707 1370 748 1436 et
765 1360 909 1459 justam
933 1373 973 1435 et
997 1357 1209 1434 naturalem

126 1468 342 1549 firmitatem
358 1475 621 1574 aegrotantium
632 1473 844 1572 corporibus
860 1470 1110 1547 efficacissime
1125 1483 1211 1545 oon·

128 1582 329 1687 eiliaturaf
357 1585 491 1685 Neque
507 1585 560 1659 rei
576 1608 691 1684 quam
715 1585 809 1659 ratio
833 1585 927 1659 adeo
949 1583 1059 1684 plane
1084 1583 1210 1659 dourit

127 1696 341 1775 adversatur
356 1698 596 1798 experientia,
625 1695 692 1772 sed
708 1697 862 1771 eandem
880 1699 960 1771 sine
981 1698 1098 1773 dubio
1114 1718 1209 1772 oom-

127 1810 258 1908 probat
279 1821 392 1911 atque
408 1808 608 1885 confirmat.
659 1806 725 1881 De
749 1806 965 1907 hujusmodi
983 1833 1072 1884 vem
1096 1833 1210 1901 reme·

125 1918 196 1995 diis
211 1923 329 1997 fusius
344 1931 470 2020 postea
485 1919 686 1995 dicendum
702 1921 784 2009 erit,
805 1944 926 2019 quum
944 1922 992 1996 de
1008 1922 1209 1998 roboranti-

125 2030 194 2104 bus
210 2055 328 2105 sermo
339 2032 428 2117 en't3
453 2032 632 2131 quoniam
645 2054 723 2107 non
738 2032 848 2108 modo
860 2044 981 2133 partes
998 2044 1209 2110 nostrmum

122 2161 328 2240 oorpmum,
345 2166 441 2241 quoe,
458 2143 705 2220 distinotionis
722 2169 843 2234 eausa,
861 2157 1020 2221 mortuae
1030 2159 1210 2223 vocantur

124 2251 283 2346 (Lxxvr,
309 2264 349 2330 et
364 2263 493 2356 seqq.),
522 2256 702 2346 afficiunt,
726 2281 859 2335 verum
884 2259 997 2333 etiarn
1026 2259 1068 2333 in
1083 2256 1208 2336 solidis

125 2363 222 2442 vivis
238 2367 337 2459 (cxx,
353 2378 392 2442 et
409 2376 525 2468 seqq.)
546 2393 681 2470 magna
699 2371 739 2446 vi
755 2371 907 2470 pollent,
933 2393 1145 2473 eorumque
1158 2370 1210 2449 vi·

124 2503 265 2578 goren,
290 2482 402 2557 simul
417 2506 506 2558 eum
523 2481 699 2559 firmitate
723 2483 878 2559 aliarum
894 2485 1072 2584 partium,
1098 2483 1208 2585 pluri·

129 2610 234 2668 mum
252 2604 405 2693 augent.

177 2727 330 2781 numu.
357 2707 528 2784 Effectus
556 2710 700 2807 primus
724 2718 763 2783 et
788 2708 1081 2808 simplicissimus
1095 2731 1208 2785 reme·

127 2813 273 2888 diorum
291 2817 578 2916 astringentium
600 2830 666 2908 est,
691 2830 811 2918 partes
840 2821 972 2896 solidas
1000 2831 1205 2897 nostrornm
1241 2823 1245 2833 '

127 2943 319 3023 corporum
341 2925 511 3017 firmare,
548 2928 710 3014 densare,
746 2930 937 3019 indurare;
976 2932 1088 3034 idque
1119 2929 1204 3006 satit

126 3046 225 3109 oerte
240 3046 279 3110 et
295 3036 491 3112 effioaaiter
506 3040 548 3138 in
564 3040 609 3113 iis
625 3038 792 3138 partibus
808 3041 945 3139 quibus
961 3045 1129 3144 proxime
1144 3040 1206 3119 ad·

126 3157 335 3235 moventur,
360 3148 425 3222 sed
444 3147 564 3224 multo
581 3152 702 3226 minus
718 3151 913 3230 efficaciter
928 3157 968 3231 in
997 3157 1077 3234 aliis
1092 3167 1133 3234 et
1155 3180 1207 3232 re·

126 3260 239 3336 motis
263 3260 439 3361 partibus,
464 3274 531 3336 aut
559 3261 714 3338 demum
730 3265 770 3338 in
788 3266 961 3343 universo
976 3292 1141 3371 comare,
1165 3269 1208 3345 si·

127 3374 278 3470 quando
303 3374 372 3449 hoc
396 3384 532 3474 praeter
546 3384 716 3450 naturam
741 3386 867 3454 totum
885 3379 1051 3457 solutum
1078 3382 1206 3468 fueriti

125 3487 295 3582 quamvis
323 3486 526 3561 admodum
552 3487 752 3567 verisimile
779 3493 838 3579 sit,
864 3492 984 3568 multa
1011 3518 1144 3571 eorum
1170 3496 1206 3570 in

126 3597 343 3694 sanguinem
361 3620 493 3697 parurn
507 3611 666 3689 mutata,
682 3603 920 3705 pristinisque
930 3607 1072 3683 viribus
1089 3608 1207 3684 adhue

125 3705 300 3807 pollentia
316 3711 504 3810 recipiet
529 3712 614 3789 ideo
638 3722 762 3790 totum
787 3740 919 3816 oorpus
935 3721 1148 3818 pervadere,
1172 3727 1207 3795 et

126 3816 300 3895 effectum
318 3822 357 3896 in
375 3846 419 3898 eo
435 3848 551 3924 quam
564 3828 728 3901 maxime
742 3829 950 3928 generalem
968 3830 1113 3910 habere.

175 3952 306 4011 umas
320 3935 454 4035 Neque
471 3940 557 4013 sane
580 3947 646 4014 ant
671 3939 756 4013 solae
784 3941 887 4016 fibrae
915 3943 1205 4043 simplicissime,

127 4054 194 4122 aut
225 4047 371 4121 minuta
403 4058 552 4124 tantum
586 4048 785 4126 solidarum
820 4055 981 4152 partium
1015 4057 1203 4143 elementa,

125 4156 396 4259 qualiacunque
412 4158 646 4239 hac-suerint
670 4163 790 4265 (novt
815 4166 880 4242 aad
896 4166 969 4245 tela
984 4191 1139 4271 quoque
1154 4192 1202 4246 re·
