2678 4794
115 371 202 426 cnr.
220 365 357 424 xxxii.
428 363 649 418 mnmcmar
668 364 956 421 unuonnmcm.
1119 356 1192 430 439

115 559 155 622 et
178 543 445 621 administratio
472 540 576 616 facile
602 541 876 639 intelligentur3
902 552 942 617 et
967 542 1077 617 simul
1106 567 1191 619 con·

113 660 236 744 stabit,
253 683 295 731 ea
311 679 384 730 non
403 654 516 729 modo
532 654 570 726 in
588 653 749 752 generali
766 653 966 729 humorum
984 657 1191 745 acrimonia,

114 771 368 846 verumetiam
387 768 426 841 in
443 766 618 841 morbosis
630 765 855 866 singularum
871 769 1111 843 secretionum
1126 777 1192 842 aut

111 884 366 957 excretionum
392 879 608 965 acrimoniis,
634 890 673 953 et
689 881 727 952 in
746 880 855 953 variis
872 880 1026 955 demum
1055 880 1215 953 morbis.

112 993 307 1069 ventriculi
325 1004 364 1066 et
383 990 651 1078 intestinorum,
669 1001 708 1064 et
720 993 881 1090 partium
895 1017 980 1090 quae
997 994 1112 1066 uriuae
1127 1015 1192 1065 ex·

112 1107 317 1192 oernenda,
334 1103 394 1177 vel
408 1126 493 1201 quae
505 1102 650 1200 spiritui
662 1103 878 1192 inserviunt,
894 1103 1096 1203 plurimum
1115 1126 1192 1179 esse

112 1219 315 1317 profutura.

164 1350 320 1404 mecon.
347 1327 445 1401 Sunt
471 1335 595 1398 tamen
611 1325 817 1400 acrimoniae
833 1329 1004 1425 quaedam
1020 1327 1191 1427 speciales

111 1452 152 1516 et
168 1440 341 1525 delinitae,
366 1462 523 1538 quarum
550 1450 692 1512 naturae
708 1439 793 1512 satis
809 1442 967 1536 cognitae
982 1453 1095 1539 atque
1110 1464 1190 1540 per·

112 1563 247 1650 spectae
263 1565 361 1637 sunt,
378 1573 537 1649 quaeque
549 1549 634 1631 ideo
646 1551 812 1649 specialia
824 1550 985 1626 remedia
996 1555 1191 1652 requirunt

62 1727 65 1732 .
111 1661 314 1738 ethabent
429 1742 431 1746 ,

161 1798 333 1851 Meceni
360 1775 442 1849 Has
464 1776 562 1849 iuter
585 1777 781 1852 acrimonia
797 1778 899 1858 acida
915 1801 1059 1877 semper
1075 1802 1191 1852 annu-

67 1927 70 1931 *
111 1898 284 1974 meratur,
300 1913 394 1986 quae,
411 1888 582 1985 quamvis
599 1889 770 1987 sanguini
788 1889 962 1977 humano,
980 1903 1019 1965 et
1036 1891 1192 1989 quidem

112 2002 221 2074 variis
250 2000 467 2075 humoribus
496 2003 641 2075 secretis
670 2002 851 2075 rarissime
879 2002 1019 2077 accidat
1046 2005 1193 2101 (nxnr),

114 2123 237 2186 tamen
255 2114 294 2184 in
312 2110 518 2185 ventriculo
547 2111 673 2185 saltem
691 2122 730 2184 et
745 2113 940 2200 intestinis,
966 2124 1004 2188 et
1020 2116 1107 2188 satis
1122 2113 1191 2188 fre·

113 2237 273 2323 quenter
297 2237 335 2299 et
360 2224 445 2298 satis
463 2222 654 2296 manifeste
669 2223 894 2310 observatur,
918 2234 957 2297 et
973 2225 1191 2314 multorum,

109 2360 235 2434 neque
252 2360 337 2410 sane
353 2335 504 2423 levium,
521 2334 736 2408 morborum
752 2335 856 2432 origo
873 2345 911 2407 et
928 2359 1035 2408 causa
1051 2338 1189 2412 existit.

111 2448 295 2523 Remedia
312 2473 400 2522 vero
416 2473 501 2546 quae
516 2447 614 2520 illam
632 2445 692 2519 vel
709 2456 845 2533 arcent,
871 2445 928 2518 vel
958 2445 1108 2534 tollunt,
1129 2447 1190 2521 vel

110 2562 312 2658 corrigunt,
333 2559 528 2636 Antocida
544 2571 642 2635 recte
657 2568 845 2633 vocantur.

162 2666 327 2748 saccom.
360 2674 532 2747 Primum
548 2673 646 2747 inter
660 2669 839 2746 antatido
855 2672 1125 2746 medicamenta
1139 2669 1191 2744 lo-

111 2809 195 2860 cum
214 2787 347 2859 merito
363 2795 544 2884 occupant
573 2784 662 2860 sales
689 2782 843 2859 olcalini
867 2797 907 2859 et
932 2795 1039 2858 terrae
1065 2781 1191 2859 absor-

111 2896 246 2986 bentes,
271 2923 355 2972 cum
375 2923 460 2996 quae
478 2908 656 2973 vocantur
671 2897 840 2985 caloanae,
865 2898 983 2973 veluti
999 2897 1091 2984 calx,
1108 2922 1191 2973 cor·

111 3008 228 3087 bonas
243 3011 358 3098 calcis,
388 3021 492 3085 testae
517 3035 673 3088 ovorum
700 3011 961 3110 variorumque
983 3010 1191 3109 oonclylio

112 3148 208 3209 rum,
246 3136 328 3198 tum
355 3149 506 3222 quoque
534 3148 609 3198 non
637 3125 805 3211 calcariae,
843 3124 961 3198 veluti
984 3122 1191 3223 magnesia,

69 3272 73 3277 ·
113 3245 209 3309 terra
217 3236 430 3322 aluminosa,
447 3261 527 3310 ossa
536 3237 751 3312 animalium
768 3235 971 3320 calcinato:
997 3261 1082 3334 quae
1097 3234 1190 3309 scili-

112 3359 253 3434 seties,
279 3360 323 3423 ut
348 3350 525 3447 principia
553 3349 710 3425 claemica
739 3351 885 3436 docent,
910 3359 949 3422 et
976 3346 1192 3447 quotidiana

111 3462 339 3557 experientia
351 3462 435 3534 satis
446 3454 681 3548 demonstrat,
698 3463 777 3536 vim
795 3460 986 3560 specialem
1000 3469 1189 3534 etcertum

111 3572 260 3661 babent,
285 3597 426 3647 acorem
444 3596 593 3645 omnem
612 3574 828 3648 absorbendi
844 3584 884 3649 et
899 3572 1116 3672 corrigendi.

162 3709 308 3763 mcccv.
327 3686 435 3758 Vires
452 3697 577 3759 autem
590 3685 700 3783 longe
712 3687 866 3760 diversae
878 3686 1031 3785 singulis
1044 3685 1191 3758 illarum

110 3823 235 3873 rerum
251 3799 496 3897 contingunt3
522 3799 572 3871 sic
589 3797 678 3873 sales
700 3798 864 3886 ubolini,
890 3810 996 3874 terrae
1020 3796 1190 3884 aluno,

110 3922 225 4008 atque
241 3909 448 4009 rrmgnesia,
474 3910 696 3992 validissima
721 3914 989 3989 medicamenta
1004 3909 1190 4009 repertun.

111 4036 184 4113 tur,
210 4027 261 4098 ita
278 4038 322 4099 ut
338 4026 478 4122 reliqua
494 4024 569 4097 fere
585 4024 832 4123 negligantur.

163 4161 325 4213 mcccvr.
342 4138 768 4236 Haecquoquelmcccv)
780 4138 879 4213 baud
888 4163 1017 4238 pamm
1028 4141 1191 4228 interest,

109 4276 188 4329 nou
205 4251 318 4326 modo
335 4251 434 4350 quod
447 4250 494 4326 ad
508 4252 601 4329 vires
610 4275 693 4327 suas
705 4250 913 4343 animun,
931 4275 1061 4330 verum
1077 4254 1190 4330 etiam
1229 4254 1233 4266 '
