2678 4794
149 392 359 452 car.xx1.
467 392 688 452 Mamcmra
706 394 993 459 aunonensem.
1156 390 1229 469 88⁹

149 595 269 648 novos
284 581 323 647 et
333 568 488 647 minime
502 572 695 661 naturales,
712 574 776 649 sed
789 599 884 676 saepe
895 579 1111 654 necessarios
1122 589 1161 654 et
1177 607 1231 660 aa·

148 687 364 763 lubern‘moa
380 694 505 762 motus
533 685 634 763 indis
651 686 827 764 efficiunt.
878 690 966 766 Hoc
989 691 1230 773 fundamento

145 801 282 876 nititur
306 799 574 874 administratio
591 799 797 876 multorum
825 804 1072 880 remediorum
1098 829 1229 882 evaeu-

143 913 304 1001 antium‚
321 911 438 988 veluti
449 938 535 1012 quae
546 913 729 989 vomitum
731 915 973 1004 „·autalvum
991 928 1061 992 aut·
1073 920 1228 1007 urinam

143 1037 211 1102 aut
228 1026 414 1113 sudorem,
431 1036 498 1101 aut
514 1027 678 1116 salivam,
704 1030 768 1103 &c
787 1039 951 1116 movent,
975 1030 1079 1128 quod
1103 1040 1229 1106 tamen

144 1137 206 1214 hie
221 1139 399 1214 indicasse
415 1150 471 1213 sat
487 1138 609 1228 fuerit,
634 1140 775 1241 quippe
791 1141 990 1241 dequibus
1007 1143 1228 1264 nominatim

147 1259 275 1349 postea
290 1252 480 1350 agendum
497 1252 554 1326 sit.

195 1383 419 1439 rrcnxxvrr.
436 1362 524 1436 Pari
552 1386 703 1462 quoque
718 1365 859 1440 ratione
881 1364 1095 1463 hujusmodi
1110 1388 1228 1442 reme-

141 1472 206 1547 dia
222 1472 321 1549 haud
349 1500 429 1550 raro
457 1474 746 1574 praescribuutur
773 1489 812 1551 et
828 1477 976 1576 egregie
1003 1488 1159 1577 prosunt
1178 1479 1227 1557 ad

142 1586 366 1662 mutandum
396 1598 435 1661 ct
458 1589 561 1687 quasi
587 1587 825 1687 dirigendum
854 1589 1041 1688 sanguinis
1066 1614 1225 1670 cursum,

141 1697 324 1796 siquando
340 1699 400 1773 hic
416 1709 547 1797 praeter
575 1709 744 1776 naturam
761 1710 881 1800 partes
907 1701 1082 1799 quasdam
1099 1726 1225 1777 versus

139 1821 273 1886 auctus
297 1809 429 1897 fircrit3
453 1812 556 1910 quod
581 1812 736 1886 minime
760 1835 883 1887 rarum
901 1822 967 1889 aut
991 1813 1074 1890 leve
1089 1815 1225 1889 vitiam

137 1933 207 1997 eat
257 1921 432 1998 Excitata
447 1934 570 1998 autem
588 1925 749 2023 pervim
765 1924 1010 2001 remediorum
1034 1925 1225 2002 stimulau-

139 2034 240 2109 tium
256 2035 403 2109 actione
417 2037 628 2111 arteriarum
646 2037 759 2134 partia
775 2037 951 2135 cujusvis,
978 2037 1062 2137 plur
1078 2039 1225 2137 sangui-

138 2145 199 2220 nis
214 2146 262 2221 ad
278 2171 357 2221 earn
375 2149 573 2222 necessario
589 2147 788 2237 derivatur,
817 2159 856 2222 et
872 2152 996 2225 miuus
1025 2152 1142 2250 igitur
1157 2175 1225 2251 pro

137 2267 218 2333 rata
242 2267 346 2357 parte
369 2259 416 2333 ad
441 2259 528 2333 alias
553 2259 739 2345 deferturr
774 2260 876 2335 unde
899 2285 995 2358 saepe
1019 2262 1224 2338 multarum

133 2369 375 2447 affectionum
393 2370 559 2446 levamen
577 2370 758 2460 subitum,
774 2380 814 2446 et
830 2371 980 2469 quidem
997 2382 1130 2470 praeter
1144 2398 1223 2449 om·

134 2507 224 2559 nem
242 2507 344 2582 spem
361 2496 400 2558 et
415 2483 540 2571 fidem,
558 2484 628 2557 nisr
616 2482 737 2557 adeo
752 2482 990 2558 manifestum
1003 2494 1107 2571 esset,
1120 2508 1222 2583 mag-

136 2618 235 2670 num
249 2605 362 2693 atque
380 2596 556 2670 durabile.

189 2728 422 2783 racaxxvrrr.
441 2708 547 2795 Quin
564 2715 603 2782 et
619 2707 780 2782 remedia
796 2706 1024 2783 stimulantis
1040 2732 1136 2808 aaepe
1149 2709 1220 2784 uti-

133 2819 526 2920 lissimareperiuntur,
552 2820 740 2896 interdum
769 2820 922 2896 omnino
947 2822 1155 2909 necessaria,
1179 2823 1220 2896 in

131 2955 272 3032 magua
295 2932 485 3010 debilitate
513 2935 676 3034 partium
693 2932 996 3019 musculosarurn,
1019 2935 1219 3032 praesertim

131 3069 293 3145 quarum
319 3047 478 3121 actiones
502 3072 524 3121 a
547 3047 742 3123 voluntate
775 3055 900 3121 nostra
935 3069 1011 3122 non
1040 3048 1220 3146 pendent,

131 3158 197 3233 sed
223 3157 272 3231 ad
297 3159 412 3232 vitam
447 3167 486 3232 et
522 3160 717 3235 sanitatem
747 3159 1032 3234 conservandam
1064 3161 1219 3236 omnino

130 3270 333 3345 necessaria
349 3279 447 3357 sunt,
471 3269 591 3344 veluti
606 3272 735 3359 cordis,
760 3283 799 3346 et
824 3273 1051 3359 arteriarum,
1075 3283 1114 3347 et
1129 3297 1218 3346 ven·

130 3379 267 3456 triculi.
315 3383 412 3457 Sunt
427 3382 581 3481 quidem
597 3384 760 3458 remedia
776 3383 1005 3459 stimulantia
1019 3406 1106 3483 quoe
1121 3382 1217 3458 vires

120 3494 253 3570 cordia
282 3505 321 3568 et
349 3496 565 3569 arteriarum
581 3495 673 3568 adeo
698 3504 870 3595 potenter
884 3497 1060 3584 excitant,
1082 3507 1120 3571 et
1136 3494 1216 3571 refl-

125 3606 247 3695 ciunt,
272 3617 312 3681 et
327 3615 477 3706 augent,
502 3615 638 3682 utnon
655 3607 841 3682 immerito
856 3607 957 3685 aliud
974 3617 1012 3683 et
1034 3608 1217 3708 peculiare

126 3743 279 3806 nomen,
304 3721 473 3794 omnium
500 3718 575 3792 fere
591 3719 820 3794 medicorum
848 3741 1038 3809 conaemu,
1068 3720 1216 3795 sibimet

125 3842 237 3906 nacta
253 3832 340 3918 sint,
357 3841 396 3906 et
411 3828 587 3905 cardiaco
606 3839 795 3905 vocentur.
829 3829 956 3906 Multa
971 3856 1124 3932 quoque
1138 3851 1216 3902 me·

126 3945 340 4020 dicamenta
366 3942 594 4031 stimulantis
622 3943 669 4017 ad
699 3941 909 4016 excitandas
934 3953 1000 4019 aut
1028 3939 1215 4040 augendas

128 4056 173 4148 (si
191 4056 289 4130 forte
306 4054 518 4156 defecerint)
535 4052 733 4130 ventriculi
751 4053 845 4127 vires
871 4062 910 4128 et
933 4055 1115 4129 actionem
1133 4048 1214 4125 vul·

125 4193 177 4269 go
206 4168 504 4266 praescribuntur,
530 4177 568 4242 et
597 4190 693 4266 saepe
721 4189 805 4239 curn
832 4165 970 4264 insigni
993 4174 1032 4237 et
1055 4157 1214 4237 durabili

125 4279 348 4356 beneficio„
371 4279 468 4354 Haec
490 4280 576 4354 ideo
599 4303 621 4354 a
646 4277 775 4354 multis
790 4274 1008 4356 machiota
1023 4277 1211 4348 vomatur.
