2678 4794
152 356 239 415 ΟΠ.
256 354 374 414 xvut
452 354 671 425 crumelum?
690 357 974 418 THEORE'I'ICAE.
1146 357 1215 425 183

224 1145 321 1222 Cor.
338 1143 610 1221 XVlII.-De
625 1145 849 1223 concoctione
865 1146 1117 1229 alimentorum

568 1517 708 1559 ἶ

137 1880 261 1937 mcxv.
287 1822 467 1945 Consus
490 1864 598 1941 variis
623 1866 840 1949 actionibus,
874 1876 957 1939 tum
986 1865 1213 1953 animalibus,

133 1982 224 2048 tum
239 1974 422 2062 vitalibus,
438 1974 540 2049 brevi
556 1976 782 2066 exhauritur,
804 1978 928 2052 fluidis
943 1978 1118 2053 nimirum
1136 2002 1214 2076 par·

136 2084 242 2161 tibus
257 2085 450 2185 dissipatis,
466 2087 588 2162 solidis
603 2090 748 2176 attritis,
765 2099 803 2164 et
820 2092 986 2188 utrisque
1001 2091 1148 2165 forsitan
1167 2088 1214 2163 ad

125 2197 371 2295 putredinem
390 2210 519 2297 sponte
535 2202 770 2299 vergentibus
786 2202 854 2292 (vr,
872 2210 1065 2300 nxxxrx).

186 2331 326 2385 ncxvl.
356 2311 557 2385 Monemur
572 2336 660 2386 vero
676 2322 715 2387 et
730 2314 927 2387 incitamur
948 2314 1213 2411 importunissi-

122 2440 200 2495 mo
215 2423 397 2522 appetitu,
413 2432 452 2496 et
467 2424 662 2523 dirigimur
677 2425 866 2511 instinctu,
883 2448 997 2520 quem
1007 2424 1117 2520 juvat
1129 2449 1214 2521 gus-

123 2542 209 2619 tus,
239 2544 279 2608 et
303 2533 467 2619 olfactus,
501 2543 541 2608 et
569 2533 805 2632 experientia,
834 2534 881 2607 ad
905 2559 960 2607 res
988 2535 1214 2633 ingerendas
1246 2622 1249 2627 ¹

124 2645 264 2743 quales
280 2647 422 2721 idoneae
437 2646 575 2722 fuerint
594 2646 642 2719 ad
657 2646 816 2745 corporis
839 2645 1021 2743 jacturam
1049 2668 1213 2742 reparan-

126 2756 234 2845 dam,
262 2758 416 2858 ejusque
444 2759 716 2857 conuptionem
745 2756 936 2833 arcendam
963 2768 1002 2832 et
1034 2759 1212 2856 corrigen-

127 2868 234 2944 daun

186 3004 341 3058 ncxvn.
367 2983 497 3058 Vacuo
509 2985 588 3082 jam
605 2984 820 3073 ventriculo,
846 2995 884 3058 et
900 3007 1049 3084 corpore
1064 3006 1214 3082 quoque

133 3094 307 3168 nonnihil
334 3096 523 3183 exhausto,
548 3098 678 3185 inedia,
704 3096 892 3196 solitisque
908 3100 996 3173 vitae
1022 3095 1215 3179 laboribus,

139 3226 262 3280 sensus
297 3207 473 3307 ingratus,
509 3234 635 3307 quem·
660 3209 707 3283 ad
730 3209 978 3284 ventriculum
1015 3207 1213 3292 referimus,
1278 3274 1285 3287 .

137 3336 223 3390 cum
239 3319 371 3393 edendi
388 3320 600 3448 cupiditate,
616 3323 744 3409 oritur,
769 3323 889 3420 primo
905 3321 1006 3405 levis,
1036 3317 1213 3417 paulatim
1286 3406 1293 3417 .

137 3422 401 3559 ingravescens,
418 3432 487 3507 nisi
476 3432 637 3506 idoneo
653 3433 736 3507 cibo
752 3442 901 3531 pacatus
917 3430 1039 3516 fuerit,
1063 3429 1215 3503 tandem

136 3538 308 3617 immanis
325 3567 509 3629 evasurus,
534 3554 573 3617 et
589 3543 690 3643 quali
716 3542 820 3618 nullo
837 3543 946 3618 modo
970 3541 1215 3618 resistendum

137 3652 183 3726 art
184 3654 323 3729 -H1c
339 3656 525 3754 appetitus
541 3655 673 3729 Fames
691 3665 850 3730 vocetur
977 3732 980 3737 ,

184 3788 357 3841 nexum.
382 3767 527 3841 Fluidis
553 3778 679 3841 autem
696 3766 859 3865 partibus
884 3765 1049 3841 multum
1066 3763 1215 3861 dissipa-

142 3876 195 3962 tis,
220 3877 281 3951 vel
297 3880 369 3952 acri
387 3879 530 3977 quovis,
557 3879 616 3953 vel
634 3879 716 3953 cibo
733 3887 877 3952 tantum
898 3878 1053 3963 sicciore,
1078 3877 1116 3948 in
1141 3897 1217 3949 cor·

144 4008 207 4081 pus
224 3990 380 4089 ingesto,
404 3990 526 4064 fauces
544 4001 725 4078 arescunt,
748 4015 831 4065 cum
851 4013 959 4065 sensu
977 3985 1175 4088 peculiari
1165 4005 1219 4054 m-

145 4112 253 4192 grato,
271 4112 310 4175 et
328 4104 460 4200 ingens
478 4102 588 4176 simul
606 4102 756 4178 bibendi
773 4102 954 4201 cupiditas
964 4101 1091 4175 oritur
1091 4092 1219 4168 -Hrc

148 4213 326 4308 appetitus
342 4213 431 4291 Sitis
448 4233 608 4290 vocatur
