2678 4794
114 409 201 464 cnr.
218 408 364 463 xxxrv.
415 404 637 463 usurarum
655 406 944 464 rnnonnrrcm.
1118 393 1190 476 469

106 584 274 660 homines
291 584 358 659 hac
374 583 422 659 de
436 607 478 659 m
492 583 745 660 differentiam
761 607 849 674 esse,
866 585 920 661 ita·
935 593 979 662 ut
995 586 1075 664 aliis
1090 586 1189 664 fatil-

106 697 206 786 lime,
239 697 318 772 aliis
345 697 539 799 aegerrime
562 699 729 774 vomitus
758 707 971 786 moncatum
1010 710 1060 788 et,
1085 702 1190 802 quod

108 811 223 910 magis
238 810 378 886 mirum
387 819 456 899 est,
471 809 612 906 leniora
626 810 814 887 interdum
832 811 1190 890 medicamentaeffi-

105 946 188 998 cere
203 924 306 1022 quod
324 947 391 1022 per
405 920 629 999 validissima
643 923 779 999 frustra
794 921 923 999 luisset
940 934 1139 1002 tentatum.

90 1120 96 1132 ,
157 1057 394 1112 mccccxvn.
412 1035 603 1134 Imprimis
614 1036 731 1135 igitur
741 1028 1012 1114 observandum
1025 1047 1092 1127 est,
1108 1061 1188 1116 om·

108 1171 197 1223 nem
221 1157 368 1246 potum,
395 1155 589 1246 utcunque
612 1145 803 1238 blandum,
828 1159 868 1225 et
883 1149 1027 1240 mitem,
1052 1160 1092 1226 et
1106 1174 1189 1253 gra·

109 1272 205 1348 tum,
220 1261 268 1334 ad
283 1258 459 1336 ciendum
476 1259 663 1335 vomitum
681 1259 851 1334 nonnihil
867 1262 1010 1350 valere3
1035 1272 1187 1339 tantum

106 1372 237 1448 saltem
261 1384 306 1447 ut
330 1372 529 1461 vomitum,
554 1370 719 1471 alioquin
736 1370 1009 1463 difficillimum,
1033 1387 1072 1452 et
1087 1374 1187 1453 labo·

102 1485 253 1572 mosum,
276 1494 317 1558 et
342 1484 541 1573 dolentem,
566 1495 605 1559 et
632 1507 797 1585 parcum,
822 1483 883 1558 vel
912 1485 1061 1561 forsitan
1091 1487 1186 1562 nihil

100 1606 235 1695 praeter
249 1598 376 1672 inanes
392 1597 516 1685 nixus,
539 1596 723 1687 futurum,
747 1597 1037 1699 promptiorem,
1050 1597 1186 1676 facilio-

101 1732 190 1797 mm,
216 1718 254 1784 et
282 1710 532 1808 copiosiorem,
568 1709 708 1786 reddat}
770 1710 860 1799 Quo
888 1712 1005 1809 magis
1033 1711 1185 1801 bibitur,

102 1819 198 1895 intra
225 1831 342 1896 certos
366 1821 514 1927 limites,
539 1821 587 1896 de
612 1822 750 1923 quibus
766 1833 893 1928 postea
911 1823 1112 1927 (uccccn)
1129 1823 1187 1897 di·

100 1933 260 2009 cendum
277 1935 358 2022 erit,
383 1958 427 2008 eo
443 1934 550 2009 citior
566 1943 605 2009 et
621 1934 761 2010 facilior
773 1936 961 2020 vomitus;
980 1936 1039 2011 'i'ta
1055 1934 1184 2012 utrix

99 2045 261 2119 dubitari
294 2046 420 2146 possit,
457 2045 720 2121 distentionem
753 2046 951 2122 ventriculi
987 2046 1183 2124 stimulum

98 2158 185 2232 satis
200 2157 366 2233 validum
383 2169 422 2234 et
438 2157 624 2233 efficacem
648 2158 749 2232 fibris
777 2158 857 2254 ejus
879 2160 1097 2235 musculosis
1113 2162 1181 2234 im·

97 2271 242 2370 pertire.
279 2271 504 2346 Hancenim
518 2269 689 2344 omnibus
699 2268 866 2368 partibus
877 2269 1094 2345 musculosis
1104 2272 1182 2346 effi·

96 2382 283 2458 cecissimo
299 2407 376 2458 esse
393 2378 556 2470 stimulo,
582 2379 669 2455 alibi
687 2381 814 2475 (cccv,
831 2390 870 2455 et
885 2387 1002 2479 seqq.)
1022 2380 1100 2478 jam
1118 2381 1180 2456 de·

94 2505 344 2570 monstratum
362 2504 428 2569 est,

145 2627 402 2682 ucccnxvur.
433 2605 554 2680 Pctus
583 2626 672 2678 vero
696 2604 906 2704 promptius
923 2602 1046 2678 adhuc
1061 2606 1180 2679 vomi·

91 2727 179 2792 tum
196 2727 335 2805 movet,
352 2718 383 2790 si
399 2718 478 2817 ipse
494 2716 682 2816 (quamvis
698 2714 820 2791 adhuc
837 2716 1071 2814 mitissimus)
1088 2739 1179 2792 nau·

91 2853 217 2906 seusus
245 2829 367 2903 fuerit.
428 2826 568 2903 Multae
595 2829 773 2903 nimirum
798 2852 871 2916 res,
900 2853 986 2927 quas
1011 2827 1177 2927 alioquin

92 2940 241 3018 nullum
259 2940 456 3016 stimulum
474 2941 622 3029 habent,
646 2940 776 3040 gustui
792 2938 1051 3040 ingratissimis²
1076 2953 1175 3030 sunt,

90 3065 130 3130 et
146 3078 211 3153 per
235 3055 373 3154 saporis
402 3043 471 3129 sui·
489 3054 765 3140 insuavitatem,
789 3062 835 3127 ut
851 3052 1010 3141 videtur,
1035 3053 1175 3128 ventri·

91 3165 220 3241 culum
238 3167 479 3241 vehementer
493 3166 673 3253 afficiunt,
694 3187 790 3265 saepe
806 3165 918 3239 etiam
935 3164 983 3238 ad
999 3188 1174 3240 nauseam

90 3302 210 3377 usque
224 3289 264 3353 et
278 3280 463 3357 vomitum
483 3279 598 3371 (unde
609 3302 745 3352 nomen
760 3276 923 3374 habent),
941 3277 1112 3373 quamvis
1124 3300 1173 3352 ne

89 3390 227 3467 buccea
254 3391 409 3491 quidem
437 3392 491 3465 rei
517 3392 632 3490 ipsius
661 3389 790 3465 fuisset
817 3389 1016 3474 devorata;
1053 3388 1172 3488 magis

88 3527 178 3578 vero
193 3512 232 3578 et
251 3504 396 3589 certius,
422 3504 452 3576 si
469 3527 545 3578 non
562 3503 675 3576 rnodo
700 3510 861 3600 gustatae
877 3500 1026 3589 fuerint,
1052 3500 1114 3574 sed
1131 3501 1172 3574 in

86 3614 338 3692 ventriculum
354 3626 520 3714 receptae.
571 3615 673 3690 Pura
689 3639 785 3714 aqua
809 3614 946 3714 tepida,
967 3627 1048 3713 'qua
1075 3611 1170 3687 nihil

86 3727 258 3803 blandius
275 3727 413 3815 existit,
438 3726 499 3800 vel
516 3726 641 3825 tepida
657 3751 744 3801 cum
761 3726 884 3801 multo
907 3726 1076 3801 saccharo
1103 3734 1170 3799 aut

86 3839 197 3914 melle
213 3840 416 3925 commista,
442 3838 502 3914 vel
519 3838 643 3915 oleum
661 3839 779 3914 viride
795 3849 833 3913 et
850 3839 952 3926 mite,
979 3835 1105 3913 multis
1129 3848 1168 3910 et

84 3952 289 4050 praesertim
314 3953 506 4027 inassuetis
531 3951 601 4029 hoc
629 3950 780 4038 faciunt,
805 3960 844 4026 et
861 3951 963 4026 cibus
979 3948 1040 4024 vel
1055 3958 1167 4048 potus

83 4076 279 4164 corruptus
295 4075 361 4139 aut
377 4066 505 4166 gustui
519 4065 697 4172 ingratus,
721 4075 759 4137 et
777 4062 888 4164 longe
905 4062 1068 4137 maxima
1084 4085 1167 4161 pars

83 4177 439 4252 medicamentomm
466 4203 552 4278 quae
576 4177 617 4252 in
641 4174 787 4251 officina
804 4172 1097 4275 pharmacopola>
1112 4197 1166 4247 re·

83 4288 291 4388 periuntur.
341 4289 526 4367 Nonnulli
551 4290 707 4391 quidem
730 4289 841 4366 aliam
857 4289 906 4364 de
921 4311 1017 4386 aqna
1041 4283 1167 4384 tepida
