<?xml version="1.0" encoding="UTF-8"?>
<!DOCTYPE html PUBLIC "-//W3C//DTD XHTML 1.0 Transitional//EN"
    "http://www.w3.org/TR/xhtml1/DTD/xhtml1-transitional.dtd">
<html xmlns="http://www.w3.org/1999/xhtml" xml:lang="en" lang="en">
 <head>
  <title>
</title>
<meta http-equiv="Content-Type" content="text/html;charset=utf-8" />
  <meta name='ocr-system' content='tesseract 3.04.00' />
  <meta name='ocr-capabilities' content='ocr_page ocr_carea ocr_par ocr_line ocrx_word'/>
</head>
<body>
  <div class='ocr_page' id='page_1' title='image "./conspectusmedic01greggoog_0364.png"; bbox 0 0 2678 4794; ppageno 0'>
   <div class='ocr_carea' id='block_1_1' title="bbox 87 381 1168 450">
    <p class='ocr_par' dir='ltr' id='par_1_1' title="bbox 87 381 1168 450">
     <span class='ocr_line' id='line_1_1' title="bbox 87 381 1168 450; baseline 0.002 -3"><span class='ocrx_word' id='word_1_1' title='bbox 87 391 181 447; x_wconf 73' lang='lat' dir='ltr'>cae.</span> <span class='ocrx_word' id='word_1_2' title='bbox 197 386 295 443; x_wconf 80' lang='lat' dir='ltr'><strong>xxv.</strong></span> <span class='ocrx_word' id='word_1_3' title='bbox 389 383 608 445; x_wconf 76' lang='lat' dir='ltr'>muntcimn</span> <span class='ocrx_word' id='word_1_4' title='bbox 626 387 916 447; x_wconf 74' lang='lat' dir='ltr'>anaonamcm.</span> <span class='ocrx_word' id='word_1_5' title='bbox 1096 381 1168 450; x_wconf 82' lang='lat' dir='ltr'>sla</span> 
     </span>
    </p>
   </div>
   <div class='ocr_carea' id='block_1_2' title="bbox 93 561 1175 1112">
    <p class='ocr_par' dir='ltr' id='par_1_2' title="bbox 93 561 1175 889">
     <span class='ocr_line' id='line_1_2' title="bbox 93 561 1173 667; baseline 0.003 -27"><span class='ocrx_word' id='word_1_6' title='bbox 93 564 295 666; x_wconf 78' lang='lat' dir='ltr'>coagulata,</span> <span class='ocrx_word' id='word_1_7' title='bbox 310 561 473 636; x_wconf 87' lang='lat' dir='ltr'>maxime</span> <span class='ocrx_word' id='word_1_8' title='bbox 482 563 664 652; x_wconf 76' lang='lat' dir='ltr'>convenit,</span> <span class='ocrx_word' id='word_1_9' title='bbox 677 564 813 640; x_wconf 86' lang='lat' dir='ltr'>scilicet</span> <span class='ocrx_word' id='word_1_10' title='bbox 825 567 928 664; x_wconf 90' lang='lat' dir='ltr'>quod</span> <span class='ocrx_word' id='word_1_11' title='bbox 940 567 1173 667; x_wconf 82' lang='lat' dir='ltr'>aliquantum</span> 
     </span>
     <span class='ocr_line' id='line_1_3' title="bbox 98 673 1174 780; baseline 0.002 -26"><span class='ocrx_word' id='word_1_12' title='bbox 98 680 177 766; x_wconf 87' lang='lat' dir='ltr'>alit,</span> <span class='ocrx_word' id='word_1_13' title='bbox 204 689 243 753; x_wconf 89' lang='lat' dir='ltr'>et</span> <span class='ocrx_word' id='word_1_14' title='bbox 257 673 423 751; x_wconf 92' lang='lat' dir='ltr'>multum</span> <span class='ocrx_word' id='word_1_15' title='bbox 438 674 565 764; x_wconf 81' lang='lat' dir='ltr'>reiicit,</span> <span class='ocrx_word' id='word_1_16' title='bbox 593 685 631 751; x_wconf 91' lang='lat' dir='ltr'>et</span> <span class='ocrx_word' id='word_1_17' title='bbox 646 676 747 751; x_wconf 88' lang='lat' dir='ltr'>sitim</span> <span class='ocrx_word' id='word_1_18' title='bbox 763 680 957 777; x_wconf 79' lang='lat' dir='ltr'>temperat,</span> <span class='ocrx_word' id='word_1_19' title='bbox 982 693 1019 755; x_wconf 90' lang='lat' dir='ltr'>et</span> <span class='ocrx_word' id='word_1_20' title='bbox 1043 705 1174 780; x_wconf 86' lang='lat' dir='ltr'>corpus</span> 
     </span>
     <span class='ocr_line' id='line_1_4' title="bbox 95 789 1175 889; baseline 0.003 -24"><span class='ocrx_word' id='word_1_21' title='bbox 95 791 297 889; x_wconf 77' lang='lat' dir='ltr'>refrigerat,</span> <span class='ocrx_word' id='word_1_22' title='bbox 329 797 369 863; x_wconf 91' lang='lat' dir='ltr'>et</span> <span class='ocrx_word' id='word_1_23' title='bbox 399 789 634 887; x_wconf 82' lang='lat' dir='ltr'>putredinem</span> <span class='ocrx_word' id='word_1_24' title='bbox 665 801 774 879; x_wconf 81' lang='lat' dir='ltr'>meet,</span> <span class='ocrx_word' id='word_1_25' title='bbox 813 799 853 865; x_wconf 90' lang='lat' dir='ltr'>et</span> <span class='ocrx_word' id='word_1_26' title='bbox 883 793 1011 869; x_wconf 90' lang='lat' dir='ltr'>alvum</span> <span class='ocrx_word' id='word_1_27' title='bbox 1043 793 1175 868; x_wconf 82' lang='lat' dir='ltr'>leniter</span> 
     </span>
    </p>

    <p class='ocr_par' dir='ltr' id='par_1_3' title="bbox 93 903 1175 1112">
     <span class='ocr_line' id='line_1_5' title="bbox 148 904 893 976; baseline 0.001 0"><span class='ocrx_word' id='word_1_28' title='bbox 148 904 215 976; x_wconf 88' lang='lat' dir='ltr'>vit</span> <span class='ocrx_word' id='word_1_29' title='bbox 890 958 893 966; x_wconf 81' lang='grc'>-</span> 
     </span>
     <span class='ocr_line' id='line_1_6' title="bbox 93 903 1175 1112; baseline 0.003 -22"><span class='ocrx_word' id='word_1_30' title='bbox 93 903 417 1090; x_wconf 73' lang='lat' dir='ltr'>⁸0¹nccccxcvm.</span> <span class='ocrx_word' id='word_1_31' title='bbox 447 1011 562 1100; x_wconf 84' lang='lat' dir='ltr'>Quod</span> <span class='ocrx_word' id='word_1_32' title='bbox 579 1021 712 1112; x_wconf 90' lang='lat' dir='ltr'>potum</span> <span class='ocrx_word' id='word_1_33' title='bbox 728 1039 817 1090; x_wconf 84' lang='lat' dir='ltr'>vem</span> <span class='ocrx_word' id='word_1_34' title='bbox 831 1018 977 1105; x_wconf 80' lang='lat' dir='ltr'><strong>attinet,</strong></span> <span class='ocrx_word' id='word_1_35' title='bbox 1007 1019 1175 1094; x_wconf 89' lang='lat' dir='ltr'>tenuissi-</span> 
     </span>
    </p>
   </div>
   <div class='ocr_carea' id='block_1_3' title="bbox 10 1124 1222 4368">
    <p class='ocr_par' dir='ltr' id='par_1_4' title="bbox 10 1124 1222 3919">
     <span class='ocr_line' id='line_1_7' title="bbox 94 1124 1174 1218; baseline 0.003 -15"><span class='ocrx_word' id='word_1_36' title='bbox 94 1151 181 1203; x_wconf 89' lang='lat' dir='ltr'>mus</span> <span class='ocrx_word' id='word_1_37' title='bbox 204 1126 280 1201; x_wconf 78' lang='lat' dir='ltr'>sese</span> <span class='ocrx_word' id='word_1_38' title='bbox 304 1124 415 1201; x_wconf 89' lang='lat' dir='ltr'>debet</span> <span class='ocrx_word' id='word_1_39' title='bbox 439 1148 517 1199; x_wconf 89' lang='lat' dir='ltr'>esse</span> <span class='ocrx_word' id='word_1_40' title='bbox 540 1127 580 1201; x_wconf 92' lang='lat' dir='ltr'>in</span> <span class='ocrx_word' id='word_1_41' title='bbox 605 1126 743 1202; x_wconf 80' lang='lat' dir='ltr'><strong>morbis</strong></span> <span class='ocrx_word' id='word_1_42' title='bbox 756 1129 885 1216; x_wconf 89' lang='lat' dir='ltr'>acutis,</span> <span class='ocrx_word' id='word_1_43' title='bbox 914 1139 954 1203; x_wconf 92' lang='lat' dir='ltr'>et</span> <span class='ocrx_word' id='word_1_44' title='bbox 969 1129 1174 1218; x_wconf 86' lang='lat' dir='ltr'>subacidus,</span> 
     </span>
     <span class='ocr_line' id='line_1_8' title="bbox 41 1236 1174 1340; baseline 0.001 -25"><span class='ocrx_word' id='word_1_45' title='bbox 41 1258 44 1267; x_wconf 92' lang='grc'><strong><em>·</em></strong></span> <span class='ocrx_word' id='word_1_46' title='bbox 95 1249 139 1315; x_wconf 86' lang='lat' dir='ltr'>et</span> <span class='ocrx_word' id='word_1_47' title='bbox 153 1238 308 1338; x_wconf 79' lang='lat' dir='ltr'>frigidus</span> <span class='ocrx_word' id='word_1_48' title='bbox 324 1236 409 1328; x_wconf 83' lang='lat' dir='ltr'>(nisi</span> <span class='ocrx_word' id='word_1_49' title='bbox 434 1237 474 1310; x_wconf 90' lang='lat' dir='ltr'>in</span> <span class='ocrx_word' id='word_1_50' title='bbox 503 1237 691 1313; x_wconf 79' lang='lat' dir='ltr'>nonnullis</span> <span class='ocrx_word' id='word_1_51' title='bbox 718 1240 806 1315; x_wconf 80' lang='lat' dir='ltr'>raris</span> <span class='ocrx_word' id='word_1_52' title='bbox 822 1240 1012 1340; x_wconf 88' lang='lat' dir='ltr'>exemplis,</span> <span class='ocrx_word' id='word_1_53' title='bbox 1028 1242 1067 1315; x_wconf 94' lang='lat' dir='ltr'>in</span> <span class='ocrx_word' id='word_1_54' title='bbox 1092 1244 1174 1340; x_wconf 90' lang='lat' dir='ltr'>qui·</span> 
     </span>
     <span class='ocr_line' id='line_1_9' title="bbox 96 1349 1222 1451; baseline 0 -24"><span class='ocrx_word' id='word_1_55' title='bbox 96 1352 185 1439; x_wconf 81' lang='lat' dir='ltr'>but,</span> <span class='ocrx_word' id='word_1_56' title='bbox 215 1359 363 1449; x_wconf 78' lang='lat' dir='ltr'>propter</span> <span class='ocrx_word' id='word_1_57' title='bbox 386 1349 618 1425; x_wconf 85' lang='lat' dir='ltr'>affectionem</span> <span class='ocrx_word' id='word_1_58' title='bbox 644 1351 830 1448; x_wconf 87' lang='lat' dir='ltr'>quandam</span> <span class='ocrx_word' id='word_1_59' title='bbox 857 1351 1079 1451; x_wconf 79' lang='lat' dir='ltr'>singularem</span> <span class='ocrx_word' id='word_1_60' title='bbox 1107 1361 1174 1428; x_wconf 89' lang='lat' dir='ltr'>aut</span> <span class='ocrx_word' id='word_1_61' title='bbox 1216 1384 1222 1395; x_wconf 85' lang='lat'><strong>·</strong></span> 
     </span>
     <span class='ocr_line' id='line_1_10' title="bbox 95 1460 1174 1564; baseline 0.002 -25"><span class='ocrx_word' id='word_1_62' title='bbox 95 1460 292 1539; x_wconf 78' lang='lat' dir='ltr'>ventriculi</span> <span class='ocrx_word' id='word_1_63' title='bbox 306 1463 421 1561; x_wconf 82' lang='lat' dir='ltr'>ipsius</span> <span class='ocrx_word' id='word_1_64' title='bbox 438 1473 504 1538; x_wconf 90' lang='lat' dir='ltr'>aut</span> <span class='ocrx_word' id='word_1_65' title='bbox 520 1462 614 1538; x_wconf 87' lang='lat' dir='ltr'>alius</span> <span class='ocrx_word' id='word_1_66' title='bbox 628 1461 792 1560; x_wconf 85' lang='lat' dir='ltr'>cujusvis</span> <span class='ocrx_word' id='word_1_67' title='bbox 808 1465 947 1564; x_wconf 87' lang='lat' dir='ltr'>organi,</span> <span class='ocrx_word' id='word_1_68' title='bbox 976 1464 1092 1564; x_wconf 85' lang='lat' dir='ltr'>frigus</span> <span class='ocrx_word' id='word_1_69' title='bbox 1120 1476 1174 1540; x_wconf 69' lang='lat' dir='ltr'>tn</span> 
     </span>
     <span class='ocr_line' id='line_1_11' title="bbox 93 1574 1175 1675; baseline 0.001 -25"><span class='ocrx_word' id='word_1_70' title='bbox 93 1574 203 1650; x_wconf 87' lang='lat' dir='ltr'>lerari</span> <span class='ocrx_word' id='word_1_71' title='bbox 218 1582 402 1673; x_wconf 78' lang='lat' dir='ltr'>nequeat),</span> <span class='ocrx_word' id='word_1_72' title='bbox 427 1586 466 1650; x_wconf 88' lang='lat' dir='ltr'>et</span> <span class='ocrx_word' id='word_1_73' title='bbox 495 1576 612 1675; x_wconf 88' lang='lat' dir='ltr'>qualis</span> <span class='ocrx_word' id='word_1_74' title='bbox 640 1576 746 1674; x_wconf 77' lang='lat' dir='ltr'>aegiis</span> <span class='ocrx_word' id='word_1_75' title='bbox 773 1574 862 1674; x_wconf 88' lang='lat' dir='ltr'>ipsis</span> <span class='ocrx_word' id='word_1_76' title='bbox 889 1577 989 1651; x_wconf 87' lang='lat' dir='ltr'>haud</span> <span class='ocrx_word' id='word_1_77' title='bbox 1013 1578 1175 1652; x_wconf 88' lang='lat' dir='ltr'>insuavis</span> 
     </span>
     <span class='ocr_line' id='line_1_12' title="bbox 93 1688 1175 1787; baseline 0.001 -24"><span class='ocrx_word' id='word_1_78' title='bbox 93 1689 166 1775; x_wconf 87' lang='lat' dir='ltr'>sit;</span> <span class='ocrx_word' id='word_1_79' title='bbox 184 1699 407 1787; x_wconf 86' lang='lat' dir='ltr'>quapropter</span> <span class='ocrx_word' id='word_1_80' title='bbox 423 1712 615 1787; x_wconf 91' lang='lat' dir='ltr'>nunqnam</span> <span class='ocrx_word' id='word_1_81' title='bbox 629 1688 832 1763; x_wconf 86' lang='lat' dir='ltr'>medicatus</span> <span class='ocrx_word' id='word_1_82' title='bbox 849 1713 926 1763; x_wconf 88' lang='lat' dir='ltr'>esse</span> <span class='ocrx_word' id='word_1_83' title='bbox 943 1688 1063 1777; x_wconf 91' lang='lat' dir='ltr'>debet,</span> <span class='ocrx_word' id='word_1_84' title='bbox 1079 1692 1175 1764; x_wconf 89' lang='lat' dir='ltr'>sicut</span> 
     </span>
     <span class='ocr_line' id='line_1_13' title="bbox 93 1798 1174 1900; baseline -0.001 -25"><span class='ocrx_word' id='word_1_85' title='bbox 93 1798 185 1875; x_wconf 86' lang='lat' dir='ltr'>olim</span> <span class='ocrx_word' id='word_1_86' title='bbox 200 1824 282 1875; x_wconf 85' lang='lat' dir='ltr'>mos</span> <span class='ocrx_word' id='word_1_87' title='bbox 298 1811 386 1889; x_wconf 85' lang='lat' dir='ltr'>erat,</span> <span class='ocrx_word' id='word_1_88' title='bbox 402 1810 441 1874; x_wconf 90' lang='lat' dir='ltr'>et</span> <span class='ocrx_word' id='word_1_89' title='bbox 458 1801 566 1875; x_wconf 85' lang='lat' dir='ltr'>etiam</span> <span class='ocrx_word' id='word_1_90' title='bbox 584 1811 758 1876; x_wconf 86' lang='lat' dir='ltr'>nuncest</span> <span class='ocrx_word' id='word_1_91' title='bbox 773 1801 874 1900; x_wconf 87' lang='lat' dir='ltr'>apud</span> <span class='ocrx_word' id='word_1_92' title='bbox 891 1800 1024 1875; x_wconf 90' lang='lat' dir='ltr'>multas</span> <span class='ocrx_word' id='word_1_93' title='bbox 1035 1809 1174 1900; x_wconf 81' lang='lat' dir='ltr'>gentes.</span> 
     </span>
     <span class='ocr_line' id='line_1_14' title="bbox 93 1911 1175 2012; baseline -0.003 -24"><span class='ocrx_word' id='word_1_94' title='bbox 93 1911 288 2012; x_wconf 81' lang='lat' dir='ltr'>Quinquid</span> <span class='ocrx_word' id='word_1_95' title='bbox 304 1912 564 1987; x_wconf 80' lang='lat' dir='ltr'>medicamenti</span> <span class='ocrx_word' id='word_1_96' title='bbox 580 1914 686 2012; x_wconf 80' lang='lat' dir='ltr'>aegsis</span> <span class='ocrx_word' id='word_1_97' title='bbox 702 1916 908 2003; x_wconf 76' lang='lat' dir='ltr'>conveniat,</span> <span class='ocrx_word' id='word_1_98' title='bbox 933 1914 1042 1988; x_wconf 83' lang='lat' dir='ltr'>detur</span> <span class='ocrx_word' id='word_1_99' title='bbox 1069 1914 1114 1988; x_wconf 88' lang='lat' dir='ltr'>iis</span> <span class='ocrx_word' id='word_1_100' title='bbox 1130 1922 1175 1987; x_wconf 92' lang='lat' dir='ltr'>ut</span> 
     </span>
     <span class='ocr_line' id='line_1_15' title="bbox 91 2022 1176 2125; baseline 0.001 -27"><span class='ocrx_word' id='word_1_101' title='bbox 91 2022 421 2111; x_wconf 86' lang='lat' dir='ltr'>medicamentum,</span> <span class='ocrx_word' id='word_1_102' title='bbox 444 2035 483 2099; x_wconf 90' lang='lat' dir='ltr'>et</span> <span class='ocrx_word' id='word_1_103' title='bbox 507 2024 620 2098; x_wconf 91' lang='lat' dir='ltr'>modo</span> <span class='ocrx_word' id='word_1_104' title='bbox 644 2036 682 2100; x_wconf 91' lang='lat' dir='ltr'>et</span> <span class='ocrx_word' id='word_1_105' title='bbox 705 2025 824 2102; x_wconf 86' lang='lat' dir='ltr'>forma</span> <span class='ocrx_word' id='word_1_106' title='bbox 845 2050 959 2125; x_wconf 89' lang='lat' dir='ltr'>quam</span> <span class='ocrx_word' id='word_1_107' title='bbox 975 2025 1176 2099; x_wconf 91' lang='lat' dir='ltr'>minimum</span> 
     </span>
     <span class='ocr_line' id='line_1_16' title="bbox 95 2135 1177 2234; baseline 0 -24"><span class='ocrx_word' id='word_1_108' title='bbox 95 2135 334 2211; x_wconf 73' lang='lat' dir='ltr'>mansibus:</span> <span class='ocrx_word' id='word_1_109' title='bbox 359 2135 488 2234; x_wconf 86' lang='lat' dir='ltr'>procul</span> <span class='ocrx_word' id='word_1_110' title='bbox 502 2160 590 2210; x_wconf 87' lang='lat' dir='ltr'>vero</span> <span class='ocrx_word' id='word_1_111' title='bbox 618 2136 740 2210; x_wconf 88' lang='lat' dir='ltr'>absint</span> <span class='ocrx_word' id='word_1_112' title='bbox 755 2138 956 2213; x_wconf 84' lang='lat' dir='ltr'>infusiones</span> <span class='ocrx_word' id='word_1_113' title='bbox 972 2148 1011 2212; x_wconf 87' lang='lat' dir='ltr'>et</span> <span class='ocrx_word' id='word_1_114' title='bbox 1027 2137 1177 2211; x_wconf 87' lang='lat' dir='ltr'>decocta</span> 
     </span>
     <span class='ocr_line' id='line_1_17' title="bbox 94 2247 1175 2347; baseline -0.001 -24"><span class='ocrx_word' id='word_1_115' title='bbox 94 2247 451 2323; x_wconf 71' lang='lat' dir='ltr'>medicamentorum</span> <span class='ocrx_word' id='word_1_116' title='bbox 486 2273 553 2347; x_wconf 87' lang='lat' dir='ltr'>pro</span> <span class='ocrx_word' id='word_1_117' title='bbox 590 2257 684 2347; x_wconf 90' lang='lat' dir='ltr'>potu</span> <span class='ocrx_word' id='word_1_118' title='bbox 724 2249 913 2323; x_wconf 88' lang='lat' dir='ltr'>eommuni</span> <span class='ocrx_word' id='word_1_119' title='bbox 956 2249 1175 2346; x_wconf 81' lang='lat' dir='ltr'>usurpanda,</span> 
     </span>
     <span class='ocr_line' id='line_1_18' title="bbox 95 2359 1175 2460; baseline -0.005 -24"><span class='ocrx_word' id='word_1_120' title='bbox 95 2361 240 2460; x_wconf 82' lang='lat' dir='ltr'>quippe</span> <span class='ocrx_word' id='word_1_121' title='bbox 254 2384 342 2460; x_wconf 82' lang='lat' dir='ltr'>quse</span> <span class='ocrx_word' id='word_1_122' title='bbox 357 2362 457 2436; x_wconf 91' lang='lat' dir='ltr'>sitim</span> <span class='ocrx_word' id='word_1_123' title='bbox 474 2361 693 2460; x_wconf 90' lang='lat' dir='ltr'>plerumque</span> <span class='ocrx_word' id='word_1_124' title='bbox 717 2382 791 2434; x_wconf 92' lang='lat' dir='ltr'>non</span> <span class='ocrx_word' id='word_1_125' title='bbox 808 2360 921 2434; x_wconf 89' lang='lat' dir='ltr'>modo</span> <span class='ocrx_word' id='word_1_126' title='bbox 936 2382 1012 2433; x_wconf 91' lang='lat' dir='ltr'>non</span> <span class='ocrx_word' id='word_1_127' title='bbox 1037 2359 1175 2444; x_wconf 84' lang='lat' dir='ltr'>sedant,</span> 
     </span>
     <span class='ocr_line' id='line_1_19' title="bbox 96 2472 1178 2574; baseline -0.003 -27"><span class='ocrx_word' id='word_1_128' title='bbox 96 2472 166 2547; x_wconf 82' lang='lat' dir='ltr'>sed</span> <span class='ocrx_word' id='word_1_129' title='bbox 181 2473 343 2549; x_wconf 90' lang='lat' dir='ltr'>multum</span> <span class='ocrx_word' id='word_1_130' title='bbox 358 2484 509 2574; x_wconf 80' lang='lat' dir='ltr'>augent,</span> <span class='ocrx_word' id='word_1_131' title='bbox 526 2484 563 2547; x_wconf 91' lang='lat' dir='ltr'>et</span> <span class='ocrx_word' id='word_1_132' title='bbox 575 2473 800 2546; x_wconf 79' lang='lat' dir='ltr'>anxietatem</span> <span class='ocrx_word' id='word_1_133' title='bbox 814 2473 1025 2558; x_wconf 86' lang='lat' dir='ltr'>intendunt,</span> <span class='ocrx_word' id='word_1_134' title='bbox 1038 2480 1076 2544; x_wconf 90' lang='lat' dir='ltr'>et</span> <span class='ocrx_word' id='word_1_135' title='bbox 1087 2494 1178 2544; x_wconf 89' lang='lat' dir='ltr'>nau-</span> 
     </span>
     <span class='ocr_line' id='line_1_20' title="bbox 98 2582 1176 2684; baseline -0.005 -26"><span class='ocrx_word' id='word_1_136' title='bbox 98 2607 198 2658; x_wconf 86' lang='lat' dir='ltr'>seam</span> <span class='ocrx_word' id='word_1_137' title='bbox 226 2596 264 2660; x_wconf 90' lang='lat' dir='ltr'>et</span> <span class='ocrx_word' id='word_1_138' title='bbox 279 2587 466 2662; x_wconf 85' lang='lat' dir='ltr'>vomitum</span> <span class='ocrx_word' id='word_1_139' title='bbox 489 2584 688 2684; x_wconf 88' lang='lat' dir='ltr'>aliquando</span> <span class='ocrx_word' id='word_1_140' title='bbox 715 2594 878 2672; x_wconf 88' lang='lat' dir='ltr'>movent,</span> <span class='ocrx_word' id='word_1_141' title='bbox 907 2594 945 2659; x_wconf 90' lang='lat' dir='ltr'>et</span> <span class='ocrx_word' id='word_1_142' title='bbox 960 2583 1057 2657; x_wconf 88' lang='lat' dir='ltr'>vires</span> <span class='ocrx_word' id='word_1_143' title='bbox 1080 2582 1176 2654; x_wconf 87' lang='lat' dir='ltr'>fran-</span> 
     </span>
     <span class='ocr_line' id='line_1_21' title="bbox 97 2694 1178 2795; baseline -0.005 -22"><span class='ocrx_word' id='word_1_144' title='bbox 97 2707 209 2795; x_wconf 81' lang='lat' dir='ltr'>gunt,</span> <span class='ocrx_word' id='word_1_145' title='bbox 232 2705 271 2772; x_wconf 86' lang='lat' dir='ltr'>et</span> <span class='ocrx_word' id='word_1_146' title='bbox 292 2697 366 2772; x_wconf 84' lang='lat' dir='ltr'>alvi</span> <span class='ocrx_word' id='word_1_147' title='bbox 390 2697 539 2773; x_wconf 86' lang='lat' dir='ltr'>fluxum</span> <span class='ocrx_word' id='word_1_148' title='bbox 556 2697 743 2772; x_wconf 87' lang='lat' dir='ltr'>interdum</span> <span class='ocrx_word' id='word_1_149' title='bbox 768 2697 974 2782; x_wconf 87' lang='lat' dir='ltr'>inducunt;</span> <span class='ocrx_word' id='word_1_150' title='bbox 1000 2694 1178 2768; x_wconf 86' lang='lat' dir='ltr'>nimirum</span> 
     </span>
     <span class='ocr_line' id='line_1_22' title="bbox 95 2790 1187 2910; baseline -0.002 -28"><span class='ocrx_word' id='word_1_151' title='bbox 95 2817 165 2883; x_wconf 89' lang='lat' dir='ltr'>aut</span> <span class='ocrx_word' id='word_1_152' title='bbox 182 2819 331 2910; x_wconf 80' lang='lat' dir='ltr'>propter</span> <span class='ocrx_word' id='word_1_153' title='bbox 346 2810 536 2886; x_wconf 86' lang='lat' dir='ltr'>fastidium</span> <span class='ocrx_word' id='word_1_154' title='bbox 563 2810 666 2909; x_wconf 90' lang='lat' dir='ltr'>quod</span> <span class='ocrx_word' id='word_1_155' title='bbox 681 2822 817 2899; x_wconf 88' lang='lat' dir='ltr'>creant,</span> <span class='ocrx_word' id='word_1_156' title='bbox 842 2833 956 2910; x_wconf 79' lang='lat' dir='ltr'>aegros</span> <span class='ocrx_word' id='word_1_157' title='bbox 982 2790 1187 2882; x_wconf 82' lang='lat' dir='ltr'>ebibendo&#39;</span> 
     </span>
     <span class='ocr_line' id='line_1_23' title="bbox 97 2922 1180 3022; baseline -0.004 -26"><span class='ocrx_word' id='word_1_158' title='bbox 97 2928 249 3010; x_wconf 79' lang='lat' dir='ltr'>tenent,</span> <span class='ocrx_word' id='word_1_159' title='bbox 274 2947 394 3021; x_wconf 90' lang='lat' dir='ltr'>quum</span> <span class='ocrx_word' id='word_1_160' title='bbox 419 2932 529 3022; x_wconf 87' lang='lat' dir='ltr'>potus</span> <span class='ocrx_word' id='word_1_161' title='bbox 553 2924 718 3021; x_wconf 85' lang='lat' dir='ltr'>apprime</span> <span class='ocrx_word' id='word_1_162' title='bbox 740 2922 960 2998; x_wconf 85' lang='lat' dir='ltr'>neeessarius</span> <span class='ocrx_word' id='word_1_163' title='bbox 984 2930 1089 3008; x_wconf 89' lang='lat' dir='ltr'>esset,</span> <span class='ocrx_word' id='word_1_164' title='bbox 1113 2926 1180 2994; x_wconf 91' lang='lat' dir='ltr'>aut</span> 
     </span>
     <span class='ocr_line' id='line_1_24' title="bbox 98 3028 1180 3133; baseline -0.003 -26"><span class='ocrx_word' id='word_1_165' title='bbox 98 3031 140 3119; x_wconf 86' lang='lat' dir='ltr'>si,</span> <span class='ocrx_word' id='word_1_166' title='bbox 164 3035 371 3132; x_wconf 82' lang='lat' dir='ltr'>imperante</span> <span class='ocrx_word' id='word_1_167' title='bbox 397 3036 551 3122; x_wconf 87' lang='lat' dir='ltr'>medico,</span> <span class='ocrx_word' id='word_1_168' title='bbox 574 3036 718 3133; x_wconf 87' lang='lat' dir='ltr'>copiose</span> <span class='ocrx_word' id='word_1_169' title='bbox 733 3028 918 3121; x_wconf 83' lang='lat' dir='ltr'>bibantur,</span> <span class='ocrx_word' id='word_1_170' title='bbox 943 3043 1027 3109; x_wconf 90' lang='lat' dir='ltr'>tum</span> <span class='ocrx_word' id='word_1_171' title='bbox 1043 3032 1180 3106; x_wconf 86' lang='lat' dir='ltr'>ventri-</span> 
     </span>
     <span class='ocr_line' id='line_1_25' title="bbox 100 3143 1179 3244; baseline 0.001 -28"><span class='ocrx_word' id='word_1_172' title='bbox 100 3143 185 3218; x_wconf 85' lang='lat' dir='ltr'>culo</span> <span class='ocrx_word' id='word_1_173' title='bbox 194 3144 275 3243; x_wconf 80' lang='lat' dir='ltr'>jam</span> <span class='ocrx_word' id='word_1_174' title='bbox 289 3146 500 3221; x_wconf 85' lang='lat' dir='ltr'>fastidiente</span> <span class='ocrx_word' id='word_1_175' title='bbox 516 3155 554 3220; x_wconf 90' lang='lat' dir='ltr'>et</span> <span class='ocrx_word' id='word_1_176' title='bbox 570 3158 771 3222; x_wconf 89' lang='lat' dir='ltr'>nauseante</span> <span class='ocrx_word' id='word_1_177' title='bbox 786 3171 862 3222; x_wconf 89' lang='lat' dir='ltr'>non</span> <span class='ocrx_word' id='word_1_178' title='bbox 884 3155 1179 3244; x_wconf 84' lang='lat' dir='ltr'>concoquuntur,</span> 
     </span>
     <span class='ocr_line' id='line_1_26' title="bbox 100 3254 1181 3358; baseline 0 -28"><span class='ocrx_word' id='word_1_179' title='bbox 100 3277 223 3354; x_wconf 85' lang='lat' dir='ltr'>neque</span> <span class='ocrx_word' id='word_1_180' title='bbox 237 3283 304 3358; x_wconf 85' lang='lat' dir='ltr'>per</span> <span class='ocrx_word' id='word_1_181' title='bbox 319 3283 406 3333; x_wconf 87' lang='lat' dir='ltr'>vasa</span> <span class='ocrx_word' id='word_1_182' title='bbox 433 3260 653 3334; x_wconf 85' lang='lat' dir='ltr'>resorbentia</span> <span class='ocrx_word' id='word_1_183' title='bbox 683 3259 803 3335; x_wconf 81' lang='lat' dir='ltr'>lactea</span> <span class='ocrx_word' id='word_1_184' title='bbox 819 3283 867 3333; x_wconf 86' lang='lat' dir='ltr'>ex</span> <span class='ocrx_word' id='word_1_185' title='bbox 893 3257 1075 3331; x_wconf 81' lang='lat' dir='ltr'>intestinis</span> <span class='ocrx_word' id='word_1_186' title='bbox 1092 3254 1181 3330; x_wconf 87' lang='lat' dir='ltr'>hau·</span> 
     </span>
     <span class='ocr_line' id='line_1_27' title="bbox 99 3365 1181 3469; baseline -0.002 -28"><span class='ocrx_word' id='word_1_187' title='bbox 99 3365 259 3457; x_wconf 73' lang='lat' dir='ltr'>ciuntur,</span> <span class='ocrx_word' id='word_1_188' title='bbox 277 3370 317 3444; x_wconf 92' lang='lat' dir='ltr'>in</span> <span class='ocrx_word' id='word_1_189' title='bbox 333 3371 549 3469; x_wconf 86' lang='lat' dir='ltr'>sanguinem</span> <span class='ocrx_word' id='word_1_190' title='bbox 568 3370 782 3457; x_wconf 87' lang='lat' dir='ltr'>deferenda;</span> <span class='ocrx_word' id='word_1_191' title='bbox 815 3369 878 3445; x_wconf 86' lang='lat' dir='ltr'>sed</span> <span class='ocrx_word' id='word_1_192' title='bbox 895 3369 974 3442; x_wconf 74' lang='lat' dir='ltr'>haec</span> <span class='ocrx_word' id='word_1_193' title='bbox 989 3377 1029 3440; x_wconf 94' lang='lat' dir='ltr'>et</span> <span class='ocrx_word' id='word_1_194' title='bbox 1045 3366 1181 3441; x_wconf 84' lang='lat' dir='ltr'>ventri-</span> 
     </span>
     <span class='ocr_line' id='line_1_28' title="bbox 96 3477 1182 3571; baseline -0.001 -17"><span class='ocrx_word' id='word_1_195' title='bbox 96 3477 227 3555; x_wconf 80' lang='lat' dir='ltr'>culum</span> <span class='ocrx_word' id='word_1_196' title='bbox 244 3481 463 3571; x_wconf 83' lang='lat' dir='ltr'>distendunt</span> <span class='ocrx_word' id='word_1_197' title='bbox 480 3492 632 3570; x_wconf 85' lang='lat' dir='ltr'>retenta,</span> <span class='ocrx_word' id='word_1_198' title='bbox 661 3483 722 3558; x_wconf 90' lang='lat' dir='ltr'>vel</span> <span class='ocrx_word' id='word_1_199' title='bbox 738 3483 856 3558; x_wconf 79' lang='lat' dir='ltr'>ualere</span> <span class='ocrx_word' id='word_1_200' title='bbox 880 3492 919 3555; x_wconf 91' lang='lat' dir='ltr'>et</span> <span class='ocrx_word' id='word_1_201' title='bbox 934 3481 1090 3555; x_wconf 89' lang='lat' dir='ltr'>humore</span> <span class='ocrx_word' id='word_1_202' title='bbox 1114 3502 1182 3554; x_wconf 90' lang='lat' dir='ltr'>suo</span> 
     </span>
     <span class='ocr_line' id='line_1_29' title="bbox 98 3588 1182 3693; baseline -0.002 -26"><span class='ocrx_word' id='word_1_203' title='bbox 98 3588 237 3680; x_wconf 79' lang='lat' dir='ltr'>laxant,</span> <span class='ocrx_word' id='word_1_204' title='bbox 264 3603 303 3669; x_wconf 90' lang='lat' dir='ltr'>et</span> <span class='ocrx_word' id='word_1_205' title='bbox 319 3594 479 3683; x_wconf 86' lang='lat' dir='ltr'>solvunt,</span> <span class='ocrx_word' id='word_1_206' title='bbox 505 3604 543 3668; x_wconf 93' lang='lat' dir='ltr'>et</span> <span class='ocrx_word' id='word_1_207' title='bbox 557 3593 758 3683; x_wconf 74' lang='lat' dir='ltr'>intimant,</span> <span class='ocrx_word' id='word_1_208' title='bbox 775 3618 979 3693; x_wconf 83' lang='lat' dir='ltr'>eorumque</span> <span class='ocrx_word' id='word_1_209' title='bbox 1000 3594 1085 3668; x_wconf 89' lang='lat' dir='ltr'>ideo</span> <span class='ocrx_word' id='word_1_210' title='bbox 1102 3616 1182 3666; x_wconf 89' lang='lat' dir='ltr'>mu·</span> 
     </span>
     <span class='ocr_line' id='line_1_30' title="bbox 101 3703 1181 3806; baseline -0.001 -29"><span class='ocrx_word' id='word_1_211' title='bbox 101 3725 188 3779; x_wconf 88' lang='lat' dir='ltr'>nera</span> <span class='ocrx_word' id='word_1_212' title='bbox 204 3705 429 3805; x_wconf 89' lang='lat' dir='ltr'>impediunt,</span> <span class='ocrx_word' id='word_1_213' title='bbox 454 3715 493 3781; x_wconf 89' lang='lat' dir='ltr'>et</span> <span class='ocrx_word' id='word_1_214' title='bbox 516 3706 723 3806; x_wconf 82' lang='lat' dir='ltr'>genemlem</span> <span class='ocrx_word' id='word_1_215' title='bbox 740 3707 967 3781; x_wconf 85' lang='lat' dir='ltr'>debilitatem</span> <span class='ocrx_word' id='word_1_216' title='bbox 984 3704 1121 3780; x_wconf 88' lang='lat' dir='ltr'>mirum</span> <span class='ocrx_word' id='word_1_217' title='bbox 1141 3703 1181 3776; x_wconf 92' lang='lat' dir='ltr'>in</span> 
     </span>
     <span class='ocr_line' id='line_1_31' title="bbox 10 3817 424 3919; baseline 0.01 -29"><span class='ocrx_word' id='word_1_218' title='bbox 10 3840 17 3853; x_wconf 90' lang='lat'>·</span> <span class='ocrx_word' id='word_1_219' title='bbox 101 3817 257 3892; x_wconf 85' lang='lat' dir='ltr'>nodum</span> <span class='ocrx_word' id='word_1_220' title='bbox 272 3829 424 3919; x_wconf 85' lang='lat' dir='ltr'>augent.</span> 
     </span>
    </p>

    <p class='ocr_par' dir='ltr' id='par_1_5' title="bbox 98 3925 1183 4368">
     <span class='ocr_line' id='line_1_32' title="bbox 98 3925 1183 4029; baseline -0.006 -24"><span class='ocrx_word' id='word_1_221' title='bbox 98 4012 101 4017; x_wconf 61' lang='grc'><strong>,</strong></span> <span class='ocrx_word' id='word_1_222' title='bbox 146 3952 389 4008; x_wconf 80' lang='lat' dir='ltr'>uccccxmx.</span> <span class='ocrx_word' id='word_1_223' title='bbox 415 3933 535 4007; x_wconf 89' lang='lat' dir='ltr'>Potus</span> <span class='ocrx_word' id='word_1_224' title='bbox 559 3956 647 4007; x_wconf 85' lang='lat' dir='ltr'>vero</span> <span class='ocrx_word' id='word_1_225' title='bbox 671 3939 813 4018; x_wconf 87' lang='lat' dir='ltr'>tenues,</span> <span class='ocrx_word' id='word_1_226' title='bbox 837 3928 1009 4029; x_wconf 85' lang='lat' dir='ltr'>qualibus</span> <span class='ocrx_word' id='word_1_227' title='bbox 1033 3928 1111 4003; x_wconf 88' lang='lat' dir='ltr'>sani</span> <span class='ocrx_word' id='word_1_228' title='bbox 1134 3925 1183 4000; x_wconf 89' lang='lat' dir='ltr'>ad</span> 
     </span>
     <span class='ocr_line' id='line_1_33' title="bbox 104 4042 1183 4142; baseline -0.004 -28"><span class='ocrx_word' id='word_1_229' title='bbox 104 4058 234 4141; x_wconf 79' lang='lat' dir='ltr'>carpus</span> <span class='ocrx_word' id='word_1_230' title='bbox 259 4046 382 4142; x_wconf 89' lang='lat' dir='ltr'>quivis</span> <span class='ocrx_word' id='word_1_231' title='bbox 398 4046 511 4120; x_wconf 89' lang='lat' dir='ltr'>modo</span> <span class='ocrx_word' id='word_1_232' title='bbox 535 4044 653 4120; x_wconf 86' lang='lat' dir='ltr'>calens</span> <span class='ocrx_word' id='word_1_233' title='bbox 677 4042 916 4118; x_wconf 86' lang='lat' dir='ltr'>reficiendum</span> <span class='ocrx_word' id='word_1_234' title='bbox 940 4055 980 4119; x_wconf 87' lang='lat' dir='ltr'>et</span> <span class='ocrx_word' id='word_1_235' title='bbox 1003 4043 1104 4119; x_wconf 89' lang='lat' dir='ltr'>sitim</span> <span class='ocrx_word' id='word_1_236' title='bbox 1128 4061 1183 4111; x_wconf 89' lang='lat' dir='ltr'>re·</span> 
     </span>
     <span class='ocr_line' id='line_1_34' title="bbox 103 4149 1182 4254; baseline -0.005 -27"><span class='ocrx_word' id='word_1_237' title='bbox 103 4153 361 4253; x_wconf 78' lang='lat' dir='ltr'>stinguendam</span> <span class='ocrx_word' id='word_1_238' title='bbox 379 4166 548 4244; x_wconf 86' lang='lat' dir='ltr'>utuntur,</span> <span class='ocrx_word' id='word_1_239' title='bbox 565 4156 854 4232; x_wconf 85' lang='lat' dir='ltr'>febricitantibus</span> <span class='ocrx_word' id='word_1_240' title='bbox 871 4178 1032 4254; x_wconf 90' lang='lat' dir='ltr'>quoque,</span> <span class='ocrx_word' id='word_1_241' title='bbox 1049 4161 1088 4226; x_wconf 89' lang='lat' dir='ltr'>et</span> <span class='ocrx_word' id='word_1_242' title='bbox 1104 4149 1182 4223; x_wconf 88' lang='lat' dir='ltr'>sine</span> 
     </span>
     <span class='ocr_line' id='line_1_35' title="bbox 108 4262 1182 4368; baseline -0.003 -28"><span class='ocrx_word' id='word_1_243' title='bbox 108 4265 277 4357; x_wconf 83' lang='lat' dir='ltr'>periculo,</span> <span class='ocrx_word' id='word_1_244' title='bbox 301 4277 450 4345; x_wconf 88' lang='lat' dir='ltr'>etcum</span> <span class='ocrx_word' id='word_1_245' title='bbox 475 4269 578 4346; x_wconf 91' lang='lat' dir='ltr'>omni</span> <span class='ocrx_word' id='word_1_246' title='bbox 604 4269 801 4346; x_wconf 87' lang='lat' dir='ltr'>commodo</span> <span class='ocrx_word' id='word_1_247' title='bbox 828 4269 932 4368; x_wconf 88' lang='lat' dir='ltr'>quod</span> <span class='ocrx_word' id='word_1_248' title='bbox 957 4292 980 4343; x_wconf 86' lang='lat' dir='ltr'>a</span> <span class='ocrx_word' id='word_1_249' title='bbox 1005 4262 1182 4342; x_wconf 80' lang='lat' dir='ltr'>medicata</span> 
     </span>
    </p>
   </div>
   <div class='ocr_carea' id='block_1_4' title="bbox 0 0 1353 4794">
    <p class='ocr_par' dir='ltr' id='par_1_6' title="bbox 0 0 1353 4794">
     <span class='ocr_line' id='line_1_36' title="bbox 0 0 1353 4794; baseline 0 0"><span class='ocrx_word' id='word_1_250' title='bbox 0 0 1353 4794; x_wconf 95' lang='lat' dir='ltr'> </span> 
     </span>
    </p>
   </div>
  </div>
 </body>
</html>
