2678 4794
145 379 236 436 car.
253 375 365 433 xxrv.
457 375 678 433 uumerus
697 376 983 438 runcanmca.
1152 370 1224 444 296

143 559 216 632 ista
231 556 387 643 demum⁴
396 553 564 644 efficitur,
581 566 620 631 et
631 555 799 634 medendi
810 557 1001 637 cmarilr'um
1013 555 1224 646 absolvitur,

140 694 212 768 ope
227 667 484 751 remediorum.

185 801 435 857 occccnvrn.
453 780 668 858 Plurimum
681 784 846 883 profecto
861 785 959 858 iuter
973 783 1134 858 medicos
1151 782 1223 857 dis-

133 904 314 994 putatum
339 903 407 982 est,
424 894 526 969 unde
542 899 722 972 sumenda
738 907 857 973 essent
874 895 1029 973 mamilio
1044 892 1222 975 nummi.

135 1007 176 1082 si
192 1007 376 1082 medicina
393 1032 539 1106 prorsus
555 1009 718 1107 perfecta
733 1020 839 1098 esset,
863 1009 1110 1107 omniumque
1126 1031 1223 1081 mor·

133 1120 267 1194 borum
285 1142 403 1193 causae
419 1123 600 1219 proximae
617 1124 786 1221 cognitae,
808 1121 1012 1197 secundum
1029 1119 1222 1193 notionem

135 1231 238 1306 illam
254 1231 371 1331 vulgo
387 1234 488 1332 apud
505 1234 666 1310 medicos
682 1247 866 1335 receptam
881 1234 1008 1327 (xnvr,
1026 1238 1160 1329 xnvn)
1173 1229 1222 1304 de

62 1378 79 1395 =
136 1368 245 1419 causa
260 1345 428 1443 proxima
445 1347 575 1434 morbi,
601 1356 639 1420 et
656 1347 817 1420 remedia
842 1346 889 1420 ad
906 1344 1115 1444 quamlibet
1137 1367 1221 1418 mu·

136 1458 312 1531 tationem
329 1457 560 1532 efficiendam
585 1459 720 1533 idonea
744 1459 893 1560 cognita
916 1467 956 1533 et
979 1459 1018 1531 in
1043 1466 1220 1556 promptu

134 1578 265 1657 essent,
290 1580 370 1644 tum
388 1572 624 1670 perspicuum
642 1571 747 1661 foret,
763 1599 785 1647 a
800 1572 970 1671 proxima
986 1594 1103 1658 causa,
1120 1576 1219 1668 post·

130 1677 257 1759 habita
280 1683 520 1757 remotiorum
546 1685 843 1772 consideratione,
881 1685 921 1760 in
947 1685 1051 1759 omni
1088 1682 1219 1757 morbo

131 1792 287 1869 concilio
303 1794 472 1871 credendi
483 1798 664 1874 sumenda
680 1822 767 1887 esse,
778 1798 900 1897 adque
912 1821 994 1872 eam
1011 1796 1086 1871 fere
1101 1793 1218 1871 solam

131 1907 423 2004 respiciendum
449 1909 599 2010 quippe,
624 1936 700 2010 qua
724 1910 880 1998 sublata,
906 1918 984 1984 tcta
1013 1906 1124 1983 simul
1149 1903 1218 1982 tol·

136 2015 273 2097 leretur
287 2021 480 2120 signorum
497 2023 750 2098 morlnsorum
767 2033 920 2098 caterva
941 2104 949 2119 ,
971 2022 1137 2095 Tantum
1153 2041 1216 2092 ve·

133 2152 177 2203 ro
192 2130 293 2208 abeat
318 2143 363 2208 ut
397 2158 453 2208 ars
492 2133 676 2208 salutifera
710 2134 819 2208 talem
846 2135 1023 2208 hactenus
1050 2132 1237 2232 attigerit

128 2242 404 2340 perfectionem,
444 2257 488 2320 ut
511 2271 592 2320 raro
617 2247 664 2320 ad
691 2270 838 2321 causam
862 2246 982 2320 morbi
1007 2247 1216 2343 proximam

130 2354 295 2431 remedia
311 2357 612 2432 accommodandi
629 2356 780 2432 facultas
807 2358 865 2443 sit,
890 2376 1013 2455 neque
1037 2355 1123 2429 alias
1147 2380 1215 2444 res,

129 2474 215 2541 tum
232 2492 356 2557 causas
372 2472 595 2557 remotiores,
621 2480 704 2544 tum
721 2492 874 2568 quoque
902 2469 1007 2567 signa
1023 2467 1216 2564 praesentia

131 2580 356 2671 morborum,
373 2583 562 2683 negligere
578 2580 694 2658 liceat.

178 2714 393 2768 nccccmx.
410 2695 507 2770 Sunt
517 2702 641 2769 tamen
654 2703 814 2794 quatuor
829 2717 886 2767 res
897 2691 1033 2791 quibus
1050 2691 1213 2765 maxime

128 2802 265 2878 nititur
289 2806 470 2880 medicina
495 2805 690 2894 rationalis,
715 2815 753 2881 et
773 2806 885 2893 unde,
909 2805 1079 2879 omnium
1095 2802 1212 2878 medi·

126 2939 257 2991 corum
281 2941 471 3007 consensu,
497 2917 652 2995 seruilio
668 2917 839 2995 cudendi
861 2930 960 2992 recte
981 2917 1114 2991 deduci
1131 2939 1211 3014 pos-

126 3037 236 3102 sunt:
263 3053 381 3106 causae
395 3031 576 3130 imprimis
592 3032 856 3120 remotissimae,
884 3032 968 3128 qu'ae
984 3053 1115 3128 corpus
1132 3037 1212 3101 tan·

128 3148 210 3214 tum
226 3142 356 3216 morbo
371 3151 626 3243 opportunum
642 3143 825 3230 reddunt;
850 3168 968 3218 causae
984 3151 1135 3216 remotae
1147 3164 1211 3214 ex·

129 3249 291 3340 citantes,
309 3279 396 3352 quae
410 3255 553 3355 corpori
565 3255 617 3329 sic
628 3265 838 3355 opportuno
852 3254 1027 3329 existenti
1039 3253 1209 3339 admotae,

126 3363 300 3440 morbum
325 3366 529 3453 inducunt3
557 3391 666 3443 causa
688 3369 868 3466 proxima,
893 3367 1107 3462 ubicunque
1133 3362 1211 3439 haec

125 3476 252 3576 detegi
276 3488 315 3553 et
339 3480 486 3556 definiri
510 3489 644 3579 potest,
674 3504 853 3554 concursu
877 3479 1042 3578 priorum
1067 3473 1209 3562 effecta,

125 3587 278 3689 ipsaque
294 3593 467 3668 morbum
485 3592 670 3683 efficiens3
701 3601 741 3666 et
756 3592 909 3667 demum
927 3588 1072 3690 singula
1088 3585 1208 3662 morbi

125 3700 229 3800 signa
254 3703 314 3777 vel
339 3705 484 3792 indicia,
523 3704 706 3800 variaeque
729 3703 939 3801 egrotantis
968 3701 1208 3784 conditiones,

125 3811 182 3886 vel
207 3817 411 3913 praesentia,
450 3816 511 3890 vel
548 3815 741 3914 praeterita,
779 3812 838 3887 vel
863 3815 975 3889 etiam
999 3814 1135 3900 futura,
1160 3810 1206 3885 si·

126 3926 275 4022 quando
300 3928 413 4026 signis
430 3926 650 4027 quibusdam
675 3924 927 4025 praesentibus,
954 3925 1103 4002 sortasse
1119 3921 1206 3998 satis

127 4031 278 4125 levibus,
303 4039 350 4112 de
374 4040 454 4114 aliis
479 4048 517 4113 et
553 4036 782 4139 gravioribus
812 4061 899 4111 mox
923 4038 1089 4111 venturis
1114 4055 1205 4131 quo·

128 4143 322 4223 dammodo
339 4175 544 4226 monemur.

174 4279 373 4351 Dccccnx.
400 4263 582 4341 Nonnulli
606 4273 742 4354 autem,
766 4284 889 4362 neque
912 4257 1075 4360 profecto
1100 4251 1204 4355 parui
