2678 4794
180 363 252 441 292
613 367 864 429 consracrus
1050 375 1135 427 car.
1154 373 1267 428 xxm.

231 574 466 628 nccccxnvn.
494 549 533 623 N
533 548 629 623 ullus
646 547 746 620 enim
764 555 830 622 aut
847 545 979 621 modus
995 557 1060 620 aut
1079 550 1179 637 ordo,
1197 557 1267 625 aut

183 687 269 739 vera
295 675 336 739 et
361 661 460 738 utilis
486 659 837 733 medicamentorum
871 656 1085 731 facultatum
1111 662 1270 734 seientia

183 776 287 864 foret,
304 777 334 850 si
351 772 510 847 remedia
525 772 714 845 nominata
742 780 856 866 atque
875 769 1041 842 ordinata
1057 782 1185 855 essent,
1218 781 1269 844 ut

183 887 273 962 olim
290 884 389 984 apud
407 881 563 956 medicos
580 881 755 990 solebant,
772 890 811 953 et
827 880 947 955 adhuc
962 880 1061 979 apud
1077 881 1267 979 populum

184 999 300 1075 solent
316 994 508 1081 nominari,
531 993 736 1069 secundum
754 1016 882 1067 eorum
899 991 993 1066 vires
1010 1002 1047 1065 et
1072 992 1271 1067 facultates

184 1106 352 1193 occultas,
379 1130 583 1204 eorumque
604 1131 694 1181 usus
708 1101 748 1179 in
765 1105 873 1179 variis
890 1104 1026 1178 morbis
1051 1104 1270 1200 compositis

183 1219 362 1306 sanandis,
388 1231 455 1294 aut
471 1218 624 1294 demum
651 1216 856 1294 secundum
872 1217 972 1292 varia
987 1240 1122 1316 organa
1138 1240 1270 1314 corpo-

181 1331 241 1418 ris,
267 1331 404 1431 quibus
428 1330 592 1405 maxime
615 1329 795 1429 prodesse,
837 1341 876 1402 et
900 1328 1005 1427 quasi
1034 1327 1152 1401 dicata
1177 1351 1269 1416 esse,

179 1443 411 1518 videbantur.
463 1443 632 1518 Medicos
661 1442 809 1516 tandem
827 1440 940 1514 taedet
964 1449 1003 1513 et
1026 1439 1153 1537 pudet,
1183 1439 1269 1512 diu-

181 1555 256 1630 tius
273 1557 409 1655 garrire
426 1555 473 1628 de
489 1554 658 1628 remediis
674 1552 860 1654 specificis,
885 1561 925 1624 et
941 1549 1268 1650 alexipharmacir,

180 1676 220 1740 et
223 1666 449 1770 sehrffagir,
478 1676 516 1741 et
544 1665 749 1766 cephaliam,
780 1676 817 1738 et
833 1662 1096 1763 ophthalmiam,
1126 1673 1165 1736 et
1181 1689 1267 1737 cor-

181 1777 309 1869 dionis,
337 1791 376 1855 et
400 1777 637 1866 stomachicis,
668 1788 708 1852 et
729 1773 979 1868 restorativhs,
1009 1789 1074 1850 aut
1103 1775 1150 1848 de
1166 1774 1266 1849 onti-

175 1891 384 1989 phthisicis,
413 1903 478 1966 aut
506 1887 826 1990 anti-hydropicis,
852 1898 917 1963 aut
933 1885 1264 1987 orati-paralyticis,

179 2003 249 2075 nisi
281 2027 408 2075 eorum
438 2010 610 2075 naturam
637 2011 676 2076 et
704 2002 861 2075 modurn
888 2024 964 2097 quo
993 2002 1145 2098 prosint,
1171 2024 1265 2099 quo·

181 2111 382 2187 dammodo
398 2111 593 2187 ostendere
609 2125 649 2189 et
665 2112 860 2213 explanare
875 2112 1028 2210 possint.

231 2247 488 2300 nccccxnvnr.
517 2225 650 2324 Neque
674 2224 837 2324 profecto
857 2234 911 2298 sat
928 2225 1072 2298 medico
1088 2232 1142 2297 est
1169 2224 1264 2297 scire

180 2337 351 2436 quaedam
371 2337 533 2411 remedia
544 2337 718 2411 adversus
733 2336 912 2435 quosdam
929 2336 1076 2409 morbos
1093 2333 1263 2433 prodesse

181 2449 305 2537 solere,
330 2449 401 2523 nisi
419 2449 530 2524 simul
547 2449 730 2548 intelligat
746 2473 821 2547 qua
835 2448 974 2522 ratione
991 2447 1030 2520 id
1047 2448 1135 2521 boni
1152 2448 1262 2522 effici-

179 2571 255 2649 ant,
272 2573 311 2636 et
327 2563 477 2636 carinam
494 2560 845 2662 simplicissimorum
863 2559 1081 2646 morborum,
1102 2562 1173 2658 qui
1191 2586 1262 2635 ma·

180 2674 356 2747 bifestum
373 2685 487 2772 atque
504 2674 751 2773 compositum
764 2673 936 2748 morbum
952 2672 1102 2759 faciunt,
1119 2674 1260 2771 potissi·

180 2806 285 2855 mum
302 2795 516 2858 occurrant:
535 2788 591 2858 sin
604 2787 739 2873 minus,
753 2810 879 2859 eorum
894 2786 1004 2860 etiam
1015 2786 1258 2861 remediorum

179 2917 264 2990 quae
282 2895 422 2990 optima
447 2907 534 2969 sunt
566 2922 652 2970 usus
676 2907 714 2968 et
740 2896 1064 2970 administrationis
1089 2897 1258 2986 incertus,

179 3026 301 3101 neque
317 3004 470 3078 diversis
485 3007 602 3105 aegris,
619 3005 723 3079 aliter
734 3015 847 3104 atque
859 3007 963 3081 aliter
979 3032 1016 3081 se
1029 3007 1258 3096 habentibus,

180 3138 246 3187 sua
262 3114 424 3188 remedia
439 3116 713 3190 accommodare
728 3120 878 3216 poterit,
895 3144 1017 3218 neque
1033 3120 1168 3195 idonea
1181 3120 1257 3196 seli-

177 3250 274 3324 gere,
290 3250 414 3326 neque
430 3227 470 3300 in
488 3250 564 3300 uno
580 3229 713 3326 quovis
735 3256 833 3329 aegro
849 3257 935 3331 quae
950 3233 1113 3306 maxime
1130 3235 1257 3310 idonea

178 3348 267 3412 sunt
284 3350 369 3414 tuto
386 3348 425 3413 et
439 3337 634 3414 efficaciter
649 3339 745 3417 dare.
795 3343 894 3418 Nam
905 3347 943 3418 in
961 3345 1256 3420 administrandis

177 3451 349 3525 remediis
360 3450 537 3527 memoria
548 3475 692 3553 semper
702 3465 827 3539 tenere
838 3468 993 3556 oportet,
1010 3481 1086 3531 non
1099 3457 1257 3535 nammis

176 3560 296 3636 morbi
313 3561 446 3653 solum,
471 3586 595 3664 neque
618 3589 704 3643 sane
727 3568 904 3668 generalis
929 3569 1008 3666 ejus
1035 3580 1191 3658 naturae,
1206 3594 1257 3646 ra·

80 3773 84 3779 ¹
177 3670 317 3746 tionem
335 3698 411 3748 esse
428 3674 644 3766 habendam,
667 3681 733 3767 sed
751 3682 885 3759 multas
907 3683 967 3758 vel
992 3683 1258 3759 minutissimas

173 3806 268 3883 saepe
284 3808 343 3859 res
358 3811 436 3863 esse
452 3789 705 3892 respiciendus,
731 3805 813 3871 tum
831 3820 915 3893 quae
938 3793 984 3869 ad
1001 3795 1123 3871 morbi
1148 3793 1257 3894 origi·

172 3918 259 3971 nam
285 3909 324 3972 et
350 3907 484 3989 musas,
509 3914 547 3978 et
563 3903 781 3980 indiciorum
799 3908 1010 3980 varietatem
1029 3918 1067 3982 et
1084 3909 1258 4006 conjunc·

172 4008 325 4097 tionem,
352 4020 437 4085 tum
454 4039 539 4113 quae
555 4016 605 4117 ad
617 4018 706 4117 aegri
724 4026 873 4105 statum
898 4027 937 4094 et
952 4020 1057 4105 vires,
1083 4032 1124 4095 et
1149 4034 1257 4121 pecu·

170 4119 297 4216 liuram
313 4121 466 4199 fortasse
481 4128 639 4226 corporis
655 4130 969 4222 constitutionem,
985 4131 1159 4209 attinent

220 4256 445 4319 cccccxmx.
486 4239 679 4326 Praeterea,
703 4240 734 4315 si
758 4243 917 4317 remedia
939 4242 1110 4320 ordinata
1133 4254 1258 4325 emaus
