2678 4794
133 117 223 175 cnr.
240 112 325 172 xm.
429 104 649 168 umbrorum
667 108 954 171 rnuunurron.
1138 111 1211 187 247

130 295 279 395 proprio
301 312 397 391 soepe
419 289 608 378 vitiantur,
633 312 710 365 non
732 290 811 366 sine
836 292 941 391 gravi
966 291 1207 387 incommodo,

129 417 171 483 et
184 428 320 505 magno
335 400 558 480 valetudinis
570 402 742 501 periculo.

174 538 339 593 uccerx.
365 514 516 589 Vitium
540 514 649 612 plane
673 526 739 602 est,
764 516 955 591 simenses
981 517 1087 594 solita
1101 529 1209 596 aetate

126 654 202 709 uon
226 626 495 727 profluxerint:
533 636 620 701 aetas
654 652 729 727 qua
752 627 886 726 puellae
908 652 1052 705 menses
1077 632 1210 707 habere

124 742 310 841 incipiunt
326 738 444 811 variat
461 736 636 825 multum,
653 738 751 813 salvs
767 740 888 816 adhuc
913 742 1089 829 sanitate3
1115 744 1208 818 scili·

125 864 195 941 oet,
224 850 292 951 qui
309 849 490 929 maturius
506 848 582 923 fere
597 850 769 926 accidunt
786 852 825 925 in
843 853 1054 951 regionibus
1070 854 1206 944 calidis,

126 962 333 1063 puellisque
348 961 442 1035 bene
457 962 583 1059 pastis,
600 972 638 1036 et
653 961 862 1049 luxuriosis,
879 973 918 1037 et
935 964 1131 1056 desidibus,
1148 969 1206 1043 iis-

127 1098 205 1175 que
220 1098 303 1171 quae
326 1072 450 1147 subito
467 1082 645 1160 creseunt,
662 1085 700 1147 et
720 1074 859 1171 justam
877 1076 1035 1173 eorporis
1050 1077 1207 1155 formam

129 1186 206 1261 cito
219 1184 488 1283 adipiscuntur;
514 1185 655 1260 tardius
672 1211 770 1274 vero,
786 1187 897 1261 etiam
915 1187 1007 1261 citra
1022 1192 1206 1282 morbum,

128 1298 169 1373 in
184 1298 391 1399 regionibus
406 1298 559 1397 frigidis,
585 1307 624 1372 et
639 1297 772 1397 puellis
789 1298 982 1385 debilibus,
998 1296 1098 1376 lente
1115 1327 1206 1376 ores-

127 1410 303 1498 eentibus,
329 1412 432 1487 victu
458 1412 563 1487 tenui
583 1412 706 1489 ¹vitam
731 1410 984 1497 tolerantibus,
1021 1423 1060 1485 et
1084 1413 1206 1487 valido

126 1520 241 1599 labori
256 1522 420 1601 assuetis.

174 1656 319 1711 necem
346 1634 575 1736 Plerumque
590 1662 688 1727 vero,
717 1638 748 1713 si
764 1661 909 1713 menses
919 1639 1024 1738 justo
1040 1648 1206 1736 tempore

127 1768 203 1821 non
218 1758 477 1847 prorumpunt,
499 1749 674 1824 valetudo
690 1749 853 1825 multum
869 1751 1037 1828 afficitur.
1088 1752 1207 1850 Vigor

128 1860 246 1933 omnis
269 1859 376 1959 perit,
411 1858 566 1958 singuloe
589 1860 664 1935 sere
697 1862 854 1959 eorporis
890 1862 1096 1938 functiones
1120 1863 1206 1960 plus

127 1971 297 2047 minusve
334 1971 600 2070 impediuntur,
638 1973 849 2071 appetentia
885 1974 957 2047 cibi
993 1974 1116 2051 deficit
1139 1983 1207 2051 aut

128 2082 289 2171 vitiatur,
326 2084 514 2159 oonoootio
538 2084 618 2182 ejus
643 2084 900 2182 oorrumpitur,
926 2093 1049 2157 totum
1075 2110 1205 2183 eorpus

128 2192 290 2284 solvitur,
326 2193 514 2281 flaccescit,
550 2194 673 2294 pallet,
708 2195 908 2280 maroescit,
950 2196 1098 2292 sanguis
1127 2196 1206 2293 ipse

129 2307 247 2383 lenuis
273 2314 313 2381 et
328 2306 485 2406 pallidus
502 2306 638 2392 evadit,
663 2314 702 2379 et
726 2305 778 2379 sic
801 2302 970 2404 plurimis
997 2306 1129 2381 morbis
1145 2306 1205 2381 via

128 2420 310 2495 sternitur.
371 2417 471 2493 Talis
496 2418 681 2492 mensium
706 2416 871 2495 defectus
895 2416 1080 2494 Emansio
1103 2418 1205 2517 apud

128 2530 286 2607 medioos
322 2530 467 2605 dicitur.
543 2530 667 2604 Lenta
691 2527 867 2604 valetudo
900 2553 948 2603 ex
983 2553 1025 2604 ea
1050 2529 1206 2605 oriunda

131 2640 315 2721 amoris
330 2651 493 2719 voratur.

172 2776 335 2831 nceexr.
364 2754 469 2853 Saepe
484 2776 583 2841 vero,
606 2764 805 2855 postquam
821 2776 965 2830 meuses
980 2755 1058 2843 diu,
1083 2765 1127 2831 ut
1144 2755 1204 2831 de·

127 2872 196 2952 oet,
205 2864 315 2963 justis
329 2864 530 2941 intervallis
545 2865 801 2965 profluxerint,
826 2866 885 2940 vel
904 2867 1011 2940 solito
1028 2875 1205 2966 tempore,

126 2975 218 3051 ciba
231 2978 498 3076 graviditaoem,
514 3001 590 3051 non
606 2978 774 3068 redeunt,
792 2978 852 3053 vel
874 2977 953 3076 jam
969 2977 1128 3052 fluentes
1145 3003 1203 3051 su-

127 3084 207 3161 bito
233 3090 493 3188 reprimuntur.
554 3089 642 3164 Hoc
670 3091 758 3163 mali
783 3114 901 3190 genus
935 3087 1204 3165 Amenorrboea

124 3210 286 3289 vomtur,
303 3224 368 3279 seu
387 3201 607 3301 suppressio
623 3200 829 3277 Mensium.

169 3332 349 3388 ncccxrr.
374 3312 544 3388 Plurima
571 3312 658 3395 hinc
675 3312 792 3398 mala;
818 3313 917 3387 varia
931 3316 1060 3387 autem
1078 3336 1206 3390 seeun-

124 3420 212 3499 dum
237 3426 540 3501 oonstitutionem
566 3448 685 3524 aegrae,
719 3423 931 3523 multasque
956 3448 1011 3499 res
1037 3435 1205 3500 externas

127 3546 402 3613 ooncurrentes:
432 3537 628 3637 plenitudo
653 3536 775 3636 primo
790 3560 962 3611 vasomm
987 3537 1208 3636 sanguinem

128 3646 344 3723 vehentium
362 3650 468 3738 uteri,
486 3661 612 3747 postea
629 3647 790 3722 universi
808 3649 978 3748 eorporis,
996 3647 1208 3723 distributio

125 3761 314 3858 sanguinis
339 3760 534 3848 abnormis,
568 3774 607 3836 et
630 3771 762 3835 auctus
784 3760 866 3858 ejus
891 3764 1064 3860 impetus
1090 3758 1209 3844 febris,

122 3872 378 3969 congestiones
403 3874 596 3971 sanguinis
620 3874 658 3946 in
685 3872 794 3947 variis
819 3872 995 3972 partibus,
1021 3868 1209 3966 sanguinis

122 3976 248 4057 fluxus
273 4007 296 4057 a
320 3985 478 4071 naribus,
515 3985 764 4084 pulmonibus,
800 3982 1016 4066 ventriculo,
1051 4002 1132 4061 auo,
1166 3977 1207 4065 in
