2678 4794
78 281 165 339 CAP·
182 280 240 336 XI·
375 277 595 336 MEDICINAE
612 280 899 339 THEORETICAE.
956 370 965 387 ⁸
1106 277 1157 353 97

78 454 248 533 culorum
269 454 426 542 eruitur,
448 454 554 555 cujus
571 457 732 557 denique
748 459 907 558 duplum
933 463 1169 541 sumendum*

78 582 145 657 est,
180 592 248 668 pro
271 567 311 642 vi
335 591 448 665 quam
472 569 661 646 musculus
685 580 822 657 exerat,
860 571 920 645 vel
958 576 1155 663 sustineam

79 682 250 780 quoniam
288 680 385 754 actio
409 679 529 754 omnis
563 681 770 781 istiusmodi
808 682 990 782 reciproca
1015 698 1080 772 est,
1118 681 1161 760 et'·

76 792 264 869 musculus
288 791 374 867 ideo
397 801 500 867 tenta
524 793 564 867 vi
588 793 634 867 ad
652 818 753 868 suurn
779 795 960 893 uliginem
986 797 1156 887 trahitur,

75 917 213 1002 quanto
237 913 379 1004 partem
404 903 466 980 cui
490 905 663 979 inseritur
686 905 809 985 trahit.
872 907 1004 982 'lantae
1020 909 1155 984 vis-vel

76 1017 253 1116 vigesima
271 1040 353 1115 pars
369 1014 578 1092 musculum
596 1040 618 1090 e
634 1039 783 1115 corpore
807 1029 998 1094 exsectum
1015 1021 1154 1096 dirum·

77 1136 176 1226 peret
200 1139 241 1202 et
265 1126 464 1203 divelleret.
516 1128 654 1203 Mimm
671 1129 798 1228 igitur,
822 1131 853 1203 si
869 1130 922 1204 nil
939 1121 1067 1206 erroris
1093 1132 1153 1206 hic

78 1238 210 1325 subest,
226 1249 372 1338 oportet
387 1264 465 1313 esse
481 1241 558 1313 vim
576 1238 725 1312 vitalem
743 1239 1004 1317 musculorum.

128 1370 286 1425 cccxiv,
301 1351 437 1449 Neque
453 1351 628 1451 profecto,
643 1349 837 1449 dispendio
849 1352 985 1426 virium
1002 1364 1152 1429 tantum

84 1458 299 1535 consuluisse
324 1462 474 1537 videtur
499 1461 653 1548 Natura,
683 1470 866 1561 quantum
895 1467 1053 1563 corporis
1080 1466 1151 1540 ele·

81 1572 215 1670 gantiae
235 1581 273 1647 et
295 1572 433 1661 formae,
457 1574 505 1647 ad
529 1594 658 1647 omnes
682 1574 1066 1674 motuspulcherrime
1094 1601 1152 1651 ao·

80 1683 324 1760 commodatae.
808 1768 809 1772 Ἴ

121 1819 263 1873 cccxv.
281 1797 442 1896 Insignis
454 1820 604 1897 quoque
615 1805 670 1871 est
681 1797 759 1896 ipsa
770 1797 926 1872 musculi
941 1800 1152 1888 contractio,

78 1909 136 1983 ted
157 1909 261 1983 varia
285 1910 394 1983 variis
428 1910 601 2008 partibus.
670 1910 767 1985 Sunt
791 1911 858 2009 qui
882 1920 1013 2009 quarta
1048 1921 1152 2011 parte

78 2018 254 2095 breviores
269 2019 370 2095 fiunt
386 2021 582 2108 musculi3'
600 2032 688 2098 sunt
704 2025 772 2122 qui
799 2024 847 2097 ad
874 2035 1044 2122 quartam
1071 2048 1151 2125 psr-
1219 2088 1224 2099 .

78 2140 159 2220 tem,
183 2133 224 2207 in
241 2133 466 2232 quibusdam
483 2134 700 2211 animalibus
729 2137 776 2209 sd
799 2136 978 2211 decimam
995 2148 1150 2235 purtem,

77 2245 236 2342 pristinae
252 2245 497 2347 longitudinis
513 2248 792 2323 contrahuntur.

119 2380 283 2433 cccxvr.
315 2358 526 2433 Incredibili
543 2359 737 2433 velocitate
751 2369 980 2456 peraguntur
996 2371 1034 2434 et
1050 2382 1150 2457 repe-

78 2474 205 2542 tuntur
228 2469 482 2570 musculorum
507 2471 781 2545 contractiones.
837 2470 987 2542 Docent
1012 2493 1149 2557 cursus,

78 2581 272 2674 prasertim
288 2581 596 2681 quadrupedurm
622 2579 682 2655 vel
707 2579 843 2676 lingua,
869 2604 955 2677 quse
977 2579 1150 2677 quadrin-

77 2689 177 2788 ginta
191 2692 379 2780 voeabula,
406 2694 556 2768 fortasse
572 2692 628 2766 bis
644 2691 746 2766 mille
762 2688 893 2778 literas
922 2691 1150 2789 expresserit,

77 2804 188 2901 spatio
229 2805 406 2903 temporis
446 2805 549 2902 quod
589 2803 771 2877 minutum
811 2796 941 2878 vboore
981 2802 1149 2890 solemus,

77 2915 242 3010 quamvis
258 2915 306 2991 ud
322 2915 458 2991 multas
484 2915 604 2990 literas
633 2915 889 3015 exprimendas
910 2915 1033 3016 plures
1050 2940 1149 2990 mus·

77 3025 239 3102 uilomm
256 3028 523 3102 contractiones
539 3028 779 3125 requirantur.

122 3161 297 3215 cccxvll.
322 3137 490 3214 Musculi
513 3139 575 3212 alii
603 3138 753 3226 facilius,
783 3139 845 3214 alii
868 3140 1002 3239 aegrius
1027 3148 1149 3214 motus

80 3248 305 3348 concipiunt:
337 3261 420 3326 tum
445 3251 484 3324 in
510 3252 618 3325 variis
642 3248 864 3337 bominibus,
889 3262 972 3325 tum
998 3275 1149 3350 quoque

79 3357 256 3437 ineodem
274 3364 430 3451 homine³
442 3364 550 3439 variis
567 3363 806 3460 temporibus,
829 3361 934 3436 aliter
949 3371 1062 3459 atque
1086 3361 1152 3434 sli-

80 3479 130 3545 ter
143 3498 181 3548 se
196 3474 368 3551 bubente.

121 3607 316 3662 cccxvrn.
335 3588 439 3674 Quin
452 3597 491 3662 et
507 3585 645 3660 eaedem
661 3609 717 3660 res
733 3609 819 3684 quae
835 3590 951 3659 certos
964 3584 1148 3660 musculos

82 3694 120 3769 ad
133 3711 258 3776 motus
275 3698 597 3776 vehementissime
620 3697 786 3782 incitant,
811 3696 899 3773 alios
916 3721 1045 3795 porum
1071 3697 1148 3769 affi-

84 3806 182 3885 ciunt
310 3811 313 3816 ’

122 3943 286 3999 cccxrx.
304 3922 520 4022 Philosophi
532 3921 654 3998 motui
670 3919 922 3995 musculorum
939 3921 1080 3993 animos
1096 3928 1149 3990 at-

88 4033 276 4122 tendentes,
302 4036 419 4108 varios
449 4058 487 4107 se
512 4032 738 4132 perspexisse
762 4032 881 4105 fontes
906 4029 1149 4109 crediderunt,

600 4169 626 4215 o
