2678 4794
133 372 220 426 cnr.
236 372 306 425 xv.
407 369 626 424 ammom
654 371 941 428 annonarium.
1138 365 1206 436 141

133 548 442 622 intermittentem
458 546 605 632 habent,
621 572 735 645 quern
751 547 821 646 ipsi
838 532 928 623 scire
944 546 1072 637 solent,
1083 575 1211 648 quarn-

132 660 187 733 via
201 658 331 758 pulsus
348 658 563 732 arteriarum
579 682 653 733 non
683 659 965 758 exploraverint,
996 660 1072 734 sola
1087 665 1211 739 anxie·

128 782 203 845 tate
218 796 338 871 quam
355 771 537 870 profunde
553 773 592 845 in
609 781 756 872 pectore
772 773 949 860 sentiunt,
967 775 1112 871 quoties
1129 773 1210 873 pul·

125 908 187 959 sus
203 883 343 958 deficit.
835 886 838 893 '

175 1017 396 1069 cccccxm.
423 994 611 1093 Denique,
638 997 677 1068 in
695 995 918 1094 quibusdam
936 997 1074 1070 morbis
1090 1007 1212 1095 pecto·

126 1107 187 1196 ris,
210 1107 382 1206 hydrope
407 1108 601 1205 imprimis,
616 1118 665 1189 ¹et
681 1109 784 1206 gravi
798 1109 988 1207 ,pulmonis
1006 1109 1212 1184 inflamma-

128 1220 240 1305 tione,
264 1231 306 1292 et
321 1243 458 1317 magna
487 1220 648 1316 spirandi
676 1219 905 1307 difficultate,
930 1231 969 1294 et
985 1221 1093 1295 variis
1110 1223 1211 1297 vitiis

131 1330 250 1403 oordis
263 1331 388 1429 ipsius,
414 1331 568 1429 ejusque
585 1330 787 1416 valvarum,
813 1339 878 1404 aut
905 1331 1087 1428 majorum
1106 1358 1209 1409 vaso-

134 1466 242 1527 rum3
265 1454 303 1516 et
315 1444 354 1515 in
369 1444 542 1518 omnibus
555 1466 641 1516 sane
652 1443 800 1530 morbis,
818 1444 1018 1541 praesertim
1035 1444 1210 1535 febribus,

133 1577 247 1652 prope
261 1553 383 1639 finem,
402 1579 532 1652 quum,
551 1555 690 1628 viribus
702 1554 791 1653 aegri
802 1555 881 1652 jam
896 1555 1094 1642 exhaustis,
1113 1582 1209 1632 mors

130 1656 244 1765 ipsam
261 1668 349 1740 vitae
365 1691 485 1740 arcem
502 1666 635 1766 puisat,
661 1668 882 1740 intermissio
898 1666 1026 1765 pulsus
1044 1667 1210 1742 observa-

126 1787 210 1856 tur:
250 1779 410 1877 Signum
434 1789 525 1853 tunc
550 1782 762 1878 pessimum,
793 1803 889 1877 saepe
917 1778 1009 1852 lethi
1039 1804 1208 1876 praenun-

126 1891 236 1965 cium.

176 2025 387 2077 cccctxrv.
413 2004 538 2102 Igitur
550 2004 697 2079 videtur
713 2004 810 2090 oriri,
826 2003 887 2076 vel
904 2027 925 2076 a
944 2003 980 2077 vi
997 2026 1155 2080 nervoso
1168 2004 1208 2079 in

125 2138 196 2202 cor,
212 2115 359 2212 aliaque
371 2139 507 2214 organa
519 2142 604 2215 quae
620 2117 817 2191 circuitum
834 2127 1067 2213 promovent,
1083 2117 1207 2191 minus

125 2225 318 2326 aequaliter
346 2226 548 2313 influente3
587 2229 689 2326 quod
714 2230 819 2326 parvi
848 2229 1000 2301 omnino
1025 2231 1208 2303 momenti

125 2349 198 2425 est;
226 2339 287 2412 vel
305 2341 375 2410 avi
392 2364 550 2415 nervoso
562 2341 641 2437 jarn
658 2340 771 2412 fracta
783 2349 822 2410 et
838 2338 1027 2424 exhausta,
1044 2351 1081 2412 et
1099 2341 1209 2414 corde

127 2451 189 2524 vix
205 2451 368 2549 amplius
393 2452 439 2523 ad
457 2452 743 2525 contractionem
762 2447 918 2534 valente,
944 2471 1066 2544 neque
1083 2475 1120 2522 se
1145 2451 1206 2524 de·

126 2561 262 2660 plente,
281 2564 400 2637 donec
416 2564 500 2662 plus
517 2562 624 2636 solito
641 2563 845 2634 distentum
867 2560 1002 2644 fuerit;
1028 2560 1088 2632 vel
1105 2561 1207 2634 deni-

126 2699 197 2772 que
213 2701 236 2749 a
253 2676 355 2748 vitiis
371 2677 486 2773 ipsius
512 2674 629 2749 cordis
650 2674 889 2772 partiumque
907 2673 1122 2760 vicinarum,
1146 2673 1207 2748 vel

126 2787 381 2874 atumoribus,
406 2798 472 2860 aut
489 2812 585 2885 aqua
610 2796 648 2860 et
673 2786 854 2859 similibus
879 2786 1142 2884 prementibus,
1167 2796 1208 2860 et

127 2901 306 2973 actionem
334 2900 413 2997 ejus
446 2899 756 2998 impedientibus;
793 2894 895 2995 quod
921 2898 1134 2996 pessimum,
1168 2907 1207 2972 et

127 3012 188 3085 rix
205 3037 283 3085 non
300 3012 436 3085 lethale
452 3013 532 3088 erit.

175 3148 371 3198 ccccnxu
402 3123 507 3196 Alias
532 3149 639 3221 porro
672 3123 848 3222 pulsuum
878 3123 1072 3196 varietates
1105 3123 1206 3197 haud

131 3258 255 3330 paucas
290 3236 421 3308 medici
454 3235 734 3334 descripserunt,
768 3237 962 3332 variosque
991 3235 1204 3307 morborum

130 3360 278 3422 eventus
296 3373 344 3420 ex
363 3349 407 3420 iis
434 3349 584 3446 praedici
611 3348 867 3421 crediderunt:
897 3369 1056 3443 quarum
1081 3369 1205 3420 rerum

129 3457 213 3532 tides
229 3461 277 3533 sit
295 3483 408 3558 penes
426 3471 600 3534 auctores.
653 3459 833 3533 Nondum
848 3458 947 3531 enirn
961 3457 1125 3554 repetitis
1142 3459 1205 3532 ob·

130 3573 391 3646 servationibus
408 3573 493 3646 satis
507 3571 752 3669 comprobatae
763 3581 863 3656 sunt,
881 3571 919 3642 in
931 3570 1063 3643 nostris
1076 3570 1205 3644 saltem

129 3685 344 3782 regionibus
370 3695 414 3758 ut
432 3695 516 3759 tuto
533 3686 577 3758 iis
602 3684 792 3757 fidendum
811 3684 877 3767 sit;
904 3706 1025 3780 neque
1042 3682 1205 3781 profecto

131 3798 211 3869 ratio
228 3821 357 3871 earum
370 3798 547 3871 hactenus
557 3797 700 3868 reddita
711 3805 776 3880 est,
793 3819 916 3892 neque
929 3803 1046 3868 status
1059 3794 1205 3893 sangni-

132 3908 178 3981 nis
193 3910 380 3995 circuitus,
399 3911 464 4007 qni
483 3935 540 3982 eas
558 3910 681 3993 efficit,
707 3908 860 3981 omnino
877 3908 1048 4006 cognitus
1065 3917 1130 3981 est.

173 4043 381 4095 ccchxvl.
408 4022 539 4097 Motus
565 4021 753 4118 sanguinis
770 4030 892 4119 potest
917 4044 993 4094 esse
1010 4018 1070 4092 vel
1095 4016 1204 4090 nimis

134 4130 331 4219 vehemens
349 4133 409 4206 vel
425 4136 536 4207 nimis
555 4132 694 4218 debilis,
712 4133 771 4206 vel
789 4134 951 4230 denique
967 4129 1162 4204 abnormis.

174 4266 400 4322 ceccnxvn.
429 4246 558 4320 Motus
576 4246 764 4344 sanguinis
781 4245 890 4319 nimis
906 4239 1133 4317 vehementis
1150 4263 1203 4312 ra·
1312 4253 1316 4262 ·
