2678 4794
193 327 266 403 264
588 342 838 403 cousrucaus
1056 346 1260 404 canxmr.

134 558 137 563 ·
196 521 296 600 hunt
312 520 448 602 adsunt
461 520 717 608 numerosiora,
744 519 920 606 molliora,
946 521 1140 620 magisque
1155 524 1266 599 irrita-

193 637 292 726 bilia,
310 660 421 737 quam
438 642 608 735 proveeta
622 640 742 707 aetate.

246 770 444 826 ncccnvn.
462 745 547 818 Hac
559 746 597 818 vi
614 767 741 819 omnes
758 744 907 831 arteriae,
924 754 961 818 et
977 754 1165 841 quotquot
1181 771 1269 820 cum

195 857 240 937 iis
269 864 536 939 connectuntur
563 868 693 954 partes,
722 865 848 931 totum
864 856 999 932 scilieet
1014 878 1155 952 corpus,
1183 880 1267 930 oen-

192 975 265 1048 ties
280 981 319 1044 et
334 970 577 1068 quinquagies
606 968 746 1044 millies
755 968 922 1069 quotidie
950 967 1181 1066 aliquantum
1199 968 1271 1040 dis·

197 1081 412 1168 tenduntur,
442 1100 565 1180 neque
592 1091 696 1157 tanta
712 1078 835 1157 solidis
850 1080 1015 1182 partibus
1036 1081 1194 1178 corporis
1211 1080 1272 1154 ad·

194 1193 268 1267 huc
283 1193 403 1267 mollis
433 1202 472 1267 et
501 1196 617 1269 teneri
632 1196 689 1270 vis
705 1194 889 1269 resiliendi
914 1202 980 1279 est,
1007 1203 1051 1266 ut
1077 1192 1271 1290 pristinum

193 1306 305 1379 situm
323 1314 362 1379 et
379 1304 513 1381 molem
527 1308 650 1382 statim
663 1317 900 1406 recuperent:
926 1328 1022 1378 nova
1037 1315 1163 1377 autem
1180 1304 1270 1377 dum

191 1417 457 1493 distenduntur
472 1422 638 1518 apposita
654 1420 816 1506 materia,
846 1440 921 1491 non
939 1417 1051 1492 modo
1065 1415 1270 1491 extendun-

194 1541 267 1619 tur,
297 1532 360 1605 se'd
377 1542 543 1606 crescunt
571 1556 699 1629 usque,
729 1541 980 1630 perpetuaque
1007 1529 1271 1627 compressione

193 1643 384 1731 induratae,
409 1636 588 1717 firmiores
604 1654 645 1717 et
658 1642 851 1717 validiores
866 1642 974 1729 fiunt,
999 1651 1038 1715 et
1062 1643 1272 1715 renituntur

192 1756 323 1856 magis,
349 1757 482 1856 aegrius
510 1755 549 1829 in
566 1764 755 1854 posterum
781 1753 1047 1839 extendendoe3
1073 1753 1271 1854 presertim

193 1896 315 1979 quum
341 1882 398 1955 vis
423 1882 503 1979 ipsa
518 1905 603 1979 quae
631 1879 810 1954 distendit
835 1902 912 1953 non
938 1903 1045 1979 aeque
1073 1887 1269 1978 augeatur:

193 2002 379 2090 praeterea,
395 1992 464 2066 ista
480 1993 537 2066 vis
553 1991 682 2090 majori
705 1992 796 2067 moli
812 1993 986 2091 impensa,
1017 1992 1190 2091 quamvis
1217 1988 1271 2064 iir-

188 2104 304 2177 'mitas
321 2102 399 2202 ejus
429 2105 556 2178 eadem
574 2105 715 2194 firis'set,
742 2129 786 2179 eo
801 2105 926 2179 minus
943 2104 1050 2193 valet,
1076 2104 1177 2202 quod
1196 2102 1273 2176 iric·

194 2214 250 2289 tio
267 2216 395 2305 omnis,
420 2228 458 2291 et
474 2218 625 2292 renixus
641 2242 663 2291 a
679 2217 840 2317 pondere
861 2217 1019 2316 partium
1038 2241 1124 2314 quae
1141 2215 1273 2291 debent

194 2328 346 2415 moveri,
364 2341 570 2430 augeantur
586 2330 697 2406 simul
713 2355 799 2405 cum
817 2329 914 2404 mole
930 2331 1097 2430 corporis.

245 2458 464 2518 ncceLvnt
498 2443 559 2518 Sic
575 2467 705 2543 corpus
722 2443 947 2542 aliquamdiu
966 2444 1103 2529 crescit,
1129 2441 1194 2516 sed
1222 2442 1272 2515 in·

189 2552 273 2627 'dies
303 2552 377 2627 fere
404 2553 554 2630 lentius
599 2556 748 2630 Novem
774 2556 961 2630 mensibus
986 2578 1079 2653 quos
1105 2554 1144 2627 in
1170 2561 1273 2628 utero

194 2667 324 2739 transit
341 2667 599 2757 homunculus
629 2677 806 2743 staturam
824 2669 926 2767 pedis
942 2691 1028 2740 cunr
1058 2667 1206 2740 semisse
1219 2688 1271 2738 ao·

194 2777 329 2870 quirit3
355 2778 467 2850 tn‘unr
486 2802 666 2853 annorum
685 2783 811 2879 spatio,
838 2777 1045 2878 quadruplo
1070 2778 1208 2852 scilicet
1231 2777 1272 2850 is·

192 2885 269 2957 tius
286 2890 472 2983 temporis,
496 2890 744 2963 inians'alium
761 2890 894 2987 pedem
912 2914 997 2963 cum
1025 2892 1174 2964 semisse
1201 2888 1272 2963 adi-

193 2994 367 3093 piscitum
409 3001 620 3094 quindecim
650 3009 776 3073 autem
804 2999 863 3072 vel
892 3002 1027 3100 viginti
1053 3004 1160 3076 annis
1185 3022 1273 3076 mox

190 3105 443 3203 sequentibus,
469 3111 499 3182 si
517 3110 660 3184 tamdiu
678 3112 843 3199 creverit,
866 3112 1016 3211 juvenis
1033 3113 1182 3213 plenam
1207 3122 1271 3189 sta·

196 3227 320 3292 turam
332 3218 410 3318 jam
428 3220 584 3319 adeptus
600 3222 665 3295 vix
683 3222 780 3296 ultra
797 3248 861 3298 sex
879 3226 989 3323 pedes
1005 3226 1126 3300 habet.

247 3355 433 3408 uccenrx.
473 3335 607 3431 Neque
641 3342 765 3409 tamen
800 3360 926 3412 omnes
951 3351 1070 3438 portes
1107 3345 1272 3413 crescunt

194 3443 352 3540 pariter;
378 3447 546 3544 quaedam
573 3448 613 3520 in
639 3447 735 3523 soetu
751 3458 895 3524 mature
919 3451 1100 3536 sonnataef
1119 3468 1160 3525 et
1176 3474 1274 3548 mag·

193 3574 291 3639 nam,
308 3582 427 3654 quum
445 3582 493 3632 ex
510 3559 656 3634 latebris
674 3563 748 3636 suis
765 3563 888 3661 prodit
904 3563 1032 3650 infans,
1052 3563 1184 3638 molem
1197 3563 1272 3662 jam

192 3664 347 3764 adeptae,
374 3680 439 3743 aut
466 3670 603 3746 lentius
619 3673 657 3746 in
675 3688 860 3772 posterum
879 3686 1055 3763 crescunt,
1084 3686 1153 3751 aut
1169 3675 1273 3775 plane

193 3777 436 3867 minuuntur3
463 3785 555 3857 dum
572 3784 652 3859 aliae
669 3786 762 3860 bene
779 3787 918 3875 multae,
937 3788 1066 3862 thorax
1083 3791 1273 3872 nimirum,

188 3898 233 3962 et
249 3890 453 3987 pulmones,
472 3905 509 3968 et
526 3908 636 3986 artus,
654 3900 854 3998 pracsertim
872 3899 1066 3987 inferiores,
1097 3902 1272 3986 multum,

194 4009 234 4074 et
249 4001 383 4092 subito,
401 4016 440 4079 et
456 4008 539 4104 plus
556 4032 668 4107 quarn
687 4011 766 4084 aliae
782 4019 910 4109 partes,
928 4024 1103 4090 crescunt

243 4136 415 4191 ncccnx.
443 4120 502 4193 Sic
520 4123 628 4195 variae
645 4123 765 4196 trunci
782 4126 939 4221 corporis
955 4137 994 4199 et
1017 4137 1170 4201 artuum
1195 4149 1271 4226 pro

193 4227 378 4325 portiones
395 4230 503 4305 variis
531 4233 702 4308 aetatibus
730 4236 972 4335 contingunt3
999 4238 1102 4337 quod
1118 4240 1272 4339 pictores
