2678 4794
129 351 217 410 CAP.
234 346 412 423 xxxvm.
463 342 686 405 muntem&
711 342 1003 408 THEOBETICAE.
1138 341 1213 414 525

129 554 193 606 me
209 529 324 606 sanari
335 529 590 628 ¹(quaeeunque
605 526 761 602 demum
778 524 932 603 remedii
958 527 1057 605 aetio
1068 532 1071 536 ’
1081 516 1209 635 fuerit)

129 641 267 742 quibus
294 650 491 741 argentum
516 640 650 714 vivum
675 640 728 714 ita
756 640 877 731 datur,
903 652 947 718 ut
963 664 1087 742 neque
1103 642 1209 735 hana,

128 778 254 855 neque
269 778 355 830 sane
371 752 485 828 ullam
502 752 793 828 exinanitionem
811 754 1045 831 manifestam
1061 755 1208 832 efficiat.

129 865 268 968 Ingena
300 891 389 941 vero
421 864 544 940 salivae
576 863 715 954 fluxus,
752 864 871 965 qualis
901 889 1036 966 magna
1064 866 1211 943 solertia

128 978 216 1053 oiim
233 978 330 1054 effici
346 977 496 1065 solebat,
521 987 560 1051 et
576 1000 664 1051 cum
679 974 872 1052 horrendis
895 1002 1079 1079 aegrorum
1098 981 1212 1056 aruci-

128 1090 250 1166 atibus
267 1091 333 1166 diu
350 1088 568 1176 continuari,
598 1091 739 1188 corpori
755 1091 971 1190 gravissime
987 1101 1025 1165 et
1041 1090 1211 1192 plurimis

127 1203 250 1278 modis
277 1210 397 1276 nocet.
448 1200 537 1276 Non
567 1209 693 1307 tamen
718 1201 851 1275 inutile
867 1213 923 1277 est
939 1213 1144 1303 argentum
1154 1205 1210 1279 vi-

127 1332 221 1390 vum
238 1314 291 1387 ita
317 1313 403 1386 dare
428 1321 541 1386 utos
569 1311 804 1410 aliquantum
831 1311 986 1400 afficiat:
1025 1315 1078 1391 sio
1106 1316 1208 1391 enim

127 1426 293 1501 medicus
321 1437 423 1498 certo
447 1424 537 1499 sciet
564 1423 772 1498 remedium
802 1423 892 1523 oegri
920 1447 1052 1524 eorpus
1080 1450 1208 1527 perva-

127 1538 225 1626 sisse,
248 1545 287 1612 et
303 1536 526 1638 plerumque
549 1536 663 1610 etiam
679 1558 755 1610 non
772 1535 910 1611 dubius
920 1535 1088 1635 judioare
1104 1551 1209 1638 pote-

127 1650 178 1725 rit
193 1658 341 1724 tantum
369 1648 449 1747 ejus
471 1648 552 1747 jam
577 1671 654 1722 esse
670 1657 915 1747 assumptum,
940 1658 1124 1748 quantum
1152 1649 1208 1725 illi

84 1843 86 1847 ,
128 1761 177 1836 sit
188 1761 437 1861 profuturum,
455 1760 573 1835 donec
589 1785 630 1835 oa
646 1760 694 1834 ad
710 1771 851 1836 statum
868 1761 986 1861 magis
1003 1785 1135 1836 sanum
1150 1786 1206 1836 re-

127 1872 273 1948 diverit.
324 1872 496 1947 Maxime
522 1871 687 1974 profecto
716 1871 920 1949 dolendum
937 1884 1003 1961 est,
1028 1874 1210 1973 quosdam

126 1984 217 2060 tales
233 1986 391 2083 eorporis
416 1985 697 2060 oonstitutiones
720 1984 864 2075 habere,
887 1993 933 2060 ut
959 1983 1021 2061 vel
1048 1985 1206 2062 minima

125 2096 240 2194 hujus
258 2094 515 2168 medioamenti
531 2096 662 2193 portio,
689 2096 805 2192 qualis
829 2096 875 2170 ad
900 2097 1074 2172 morbum
1091 2097 1208 2173 istum

126 2207 331 2284 sanandum
349 2205 458 2305 piane
473 2228 549 2279 non
567 2204 735 2292 sufficiat,
760 2207 805 2278 iis
830 2205 981 2281 salivam
1006 2204 1208 2306 copiosissi-

126 2342 189 2396 me
206 2328 364 2407 moveat,
388 2317 539 2392 fortasse
554 2340 642 2391 oum
664 2317 769 2415 gravi
792 2317 864 2390 on's
892 2316 1207 2407 inflammatione;

126 2441 166 2507 et
181 2431 269 2507 alios
285 2432 477 2531 ingentem
493 2430 658 2528 ejusdem
671 2428 933 2504 medicamenti
945 2430 1025 2504 vim
1042 2429 1216 2529 aliquane

126 2543 193 2618 diu
210 2542 373 2631 tolerare,
403 2564 465 2616 ore
481 2539 590 2641 plane
605 2542 757 2630 intaoto,
781 2550 821 2615 et
836 2540 966 2616 morbo
981 2540 1139 2616 minime
1155 2565 1208 2617 sa-

125 2666 225 2744 nato,
242 2656 359 2730 donee
377 2654 526 2728 tandem
544 2654 592 2727 ad
607 2678 648 2729 os
665 2654 789 2729 subito
805 2663 843 2727 et
856 2654 1096 2729 vehementer
1111 2662 1207 2742 mat,
1310 2678 1317 2691 ·

125 2765 254 2866 ibique
269 2767 472 2842 miserrime
488 2765 624 2841 saeviat.
674 2764 799 2840 Omne
816 2766 969 2864 quidem
996 2763 1065 2840 hae
1092 2766 1140 2840 de
1166 2791 1206 2841 re

124 2879 253 2954 tulerit
268 2889 463 2980 punctum,
489 2879 555 2976 qui
571 2877 684 2953 talem
711 2880 855 2978 argmti
873 2878 951 2953 vivi
976 2877 1207 2978 praeparatio-

124 3012 209 3066 nem
226 2990 420 3079 invenerit,
443 2989 562 3089 qualis
577 3001 616 3065 et
632 2986 734 3065 luem
751 3013 947 3065 veneream
963 2989 1113 3089 penitus
1129 3014 1205 3064 era·

124 3103 233 3194 dicet,
258 3115 297 3179 et
312 3102 425 3179 simul
440 3126 562 3202 neque
578 3101 730 3177 salivam
746 3111 906 3188 moveat,
926 3125 1051 3200 neque
1065 3125 1117 3191 os,
1142 3127 1205 3177 ne-

125 3241 201 3315 que
229 3215 490 3304 ventriculum,
524 3238 648 3315 neque
676 3214 851 3289 intestina
874 3212 997 3288 laedat.
1057 3213 1206 3288 Interea

124 3350 215 3402 vero
231 3350 274 3401 ea
290 3328 511 3427 preparatio
521 3350 639 3426 eaque
654 3326 923 3402 administratio
938 3322 1093 3399 remedii
1110 3324 1205 3425 opti-

124 3463 200 3516 mae
216 3437 394 3513 habendae
410 3448 509 3526 sunt,
533 3462 629 3537 quoe,
655 3439 747 3513 dum
768 3438 941 3513 morbum
957 3434 1107 3524 tollunt,
1132 3434 1204 3510 illis

124 3551 291 3653 partibus
307 3550 462 3624 minime
477 3559 643 3624 noceant.

175 3684 339 3739 Mnxxn.
350 3658 656 3760 Expectorontio
667 3660 842 3736 dicuntur
853 3659 1013 3735 remedia
1028 3658 1102 3746 illa,
1118 3684 1204 3760 quae

125 3775 409 3857 maaeauonem
438 3799 462 3847 a
485 3771 663 3872 pulmone
691 3783 729 3848 et
757 3796 883 3871 aspera
911 3772 1202 3871 arteriapromo-

124 3900 353 4076 vetillnxxm.
379 3995 532 4075 Talibus
549 3994 712 4097 profecto
728 3995 896 4070 remediis
913 4018 1009 4097 sepe
1025 4016 1118 4093 opus
1134 4002 1201 4081 est,

125 4135 210 4187 eum
228 4124 348 4210 partes
376 4111 449 4186 illae
478 4111 570 4186 adeo
598 4109 810 4209 frequenter
837 4104 899 4183 vel
928 4105 1032 4184 tenui
1061 4117 1100 4180 et
1127 4105 1200 4181 acri

125 4247 238 4299 muco
253 4222 452 4311 irritantur,
477 4221 538 4298 vel
553 4222 668 4297 nimia
683 4222 784 4297 muci
800 4222 1009 4320 quantitate
1025 4241 1120 4320 pene
1136 4219 1201 4291 ob-
