2678 4794
130 314 220 375 car.
236 310 377 367 xxrrn.
415 305 634 365 nmmum
652 307 940 366 innonnrrcm.
1139 302 1210 372 351

130 488 369 590 astringentis
398 487 612 581 (nxxxvn,
638 495 679 562 et
695 494 811 586 seqq.)
840 487 974 562 merito
1003 486 1073 564 sibi
1096 490 1216 566 vindi-

133 614 230 683 cant.
293 601 429 675 Omnia
457 601 556 674 enim
586 598 855 674 medicamenta
883 599 1027 699 aliaque
1055 604 1217 678 remedia

134 742 221 818 quae
235 737 384 813 corpora
413 722 536 787 nostra
563 711 724 801 firmam,
751 735 956 812 eorumque
981 736 1104 789 cernes
1127 739 1218 813 quo·

132 827 335 906 dammodo
367 826 558 913 indurant,
599 827 694 900 vires
727 824 903 899 fibrarum
929 826 1218 902 musculosarum

131 940 340 1027 intendere,
356 948 395 1012 et
412 939 464 1012 sic
480 937 661 1012 debilitati
678 960 865 1011 occurrere
881 946 1046 1035 possunt.

182 1073 313 1130 mch.
351 1049 482 1123 Primo
520 1050 645 1124 statim
669 1058 832 1148 aspectu,
861 1048 995 1123 inutile
1019 1047 1218 1136 videbitur,

132 1163 409 1241 distinctionem
435 1161 549 1235 ullam
574 1161 690 1236 facere
714 1161 954 1259 astringentis
976 1161 1074 1236 iuter
1100 1170 1139 1235 et
1162 1187 1218 1237 ro·

131 1275 299 1353 bonnm
323 1272 497 1359 remedia,
522 1274 739 1371 diversaque
756 1273 801 1346 iis
818 1273 970 1346 nomina
985 1272 1084 1362 dare,
1101 1273 1219 1348 diver·

134 1409 265 1486 usque
280 1387 386 1472 vires,
405 1385 622 1485 diversaque
637 1383 716 1459 loca
733 1384 773 1457 in
791 1383 1001 1483 Conspectu
1018 1385 1220 1461 Medicinae

139 1497 364 1577 morerere
380 1499 424 1571 iis
440 1498 642 1596 assignare3
672 1497 874 1595 praesertim
900 1521 1018 1596 quum
1043 1496 1219 1597 pleraque

131 1609 295 1687 remedia
310 1634 396 1708 quae
421 1609 525 1684 alteri
542 1609 731 1707 proposito
747 1609 964 1697 inserviunt,
994 1609 1098 1684 alteri
1126 1635 1218 1712 quo·

131 1745 211 1824 que
225 1720 327 1796 haud
343 1720 438 1795 male
454 1719 728 1796 accommodata
743 1721 922 1796 existunt.

184 1856 326 1910 mxcvn
363 1833 508 1908 Verum
533 1833 723 1908 enimvero
760 1831 967 1907 differentia
991 1835 1078 1909 satis
1110 1843 1219 1925 certa,

133 1956 260 2047 neque
275 1944 439 2046 profecto
455 1948 601 2043 exigua,
629 1946 727 2020 inter
743 1941 804 2018 illa
820 1945 970 2020 videtur
985 1946 1219 2023 intercedere.

138 2058 246 2134 Vires
263 2059 364 2132 enim
381 2058 634 2132 musculorum
650 2056 839 2146 deficiunt,
856 2066 895 2132 et
907 2082 1043 2159 magna
1058 2058 1221 2157 aliquan-

133 2170 186 2247 do
200 2170 368 2246 debilitas
385 2182 505 2270 urget,
522 2195 606 2245 cum
624 2169 726 2243 nulla
737 2180 869 2267 praeter
885 2170 1036 2245 solitum
1054 2174 1218 2246 carnium

130 2282 307 2359 mollities
331 2283 444 2368 adest,
479 2305 602 2381 neque
625 2281 710 2355 ideo
734 2281 1024 2380 astringentibus
1048 2283 1220 2359 remediis

132 2419 228 2495 opus
252 2404 327 2482 est;
370 2396 488 2470 immo
513 2396 624 2470 etiam
650 2418 738 2469 cum
763 2394 879 2467 nimia
903 2395 1028 2491 potius
1053 2395 1219 2494 rigiditas

133 2507 313 2582 universae
329 2508 557 2607 compaginis
573 2507 688 2595 adest,
714 2506 847 2605 ingens
872 2504 1040 2581 debilitas
1057 2506 1220 2582 accidere

134 2627 267 2718 potest.
340 2621 535 2706 Praeterea,
565 2618 736 2716 quamvis
752 2618 878 2692 omnia
901 2617 1141 2715 astringentis
1166 2641 1219 2692 re-

136 2731 261 2807 media
287 2732 493 2806 roborantia
509 2731 699 2805 interdum
715 2730 796 2805 fieri
822 2731 973 2828 possint,
1003 2754 1078 2803 non
1096 2732 1220 2806 omnia

130 2842 268 2944 pariter
282 2844 488 2918 roborantia
506 2845 585 2918 vim
602 2844 868 2943 astringentem
885 2843 1044 2929 habent;
1070 2844 1162 2942 quin
1180 2855 1218 2919 et

130 2955 302 3055 quaedam
320 2957 429 3031 exiis
446 2967 544 3045 sunt,
570 2981 656 3054 quae
672 2966 792 3054 partes
809 2954 941 3031 solidas
957 2965 1120 3030 mortuas
1138 2957 1219 3031 nul·

131 3065 167 3142 lo
184 3067 299 3143 modo
314 3068 490 3144 afficiunt.
539 3068 676 3167 Neque
692 3069 847 3144 demum
862 3068 903 3143 in
920 3068 1007 3166 ipsis
1022 3057 1218 3143 verissimis

134 3180 307 3254 remediis
332 3181 629 3280 astringentibus,
655 3183 710 3257 vis
734 3181 907 3256 roborans
931 3190 1092 3279 prorata
1116 3190 1220 3278 parte

134 3313 221 3367 cum
246 3291 360 3367 ultera
384 3293 498 3391 viget,
524 3293 587 3367 sed
612 3317 710 3392 saepe
734 3318 867 3393 magua
892 3292 1108 3366 observatur
1132 3314 1219 3366 cum

134 3400 212 3478 bec
228 3405 366 3504 exigua
382 3414 448 3492 est,
465 3416 503 3478 et
516 3415 653 3492 contra,
669 3429 782 3503 parva
794 3405 993 3489 interdum,
1007 3400 1135 3477 saltem
1151 3404 1220 3476 mi·

132 3513 234 3589 nime
251 3516 432 3603 notabilis,
450 3517 641 3615 reperitur,
657 3541 745 3593 cum
762 3519 818 3592 vis
835 3519 1039 3616 astringens
1055 3516 1219 3590 maxima

131 3627 270 3702 existit.
322 3628 485 3702 Minime
502 3652 591 3726 ergo
607 3628 763 3704 absurda
779 3639 835 3703 est
851 3629 1040 3705 distinctio
1065 3628 1128 3727 illa
1143 3653 1218 3702 me·

132 3736 302 3814 dicorum
319 3738 416 3814 inter
433 3739 640 3814 roborantia
656 3751 695 3816 et
711 3743 950 3842 astringentia
966 3741 1134 3815 remedia

180 3873 340 3928 mxcvn.
367 3852 437 3925 Vis
453 3850 636 3940 roborans,
653 3877 766 3951 quam
783 3853 958 3952 pleraque
976 3853 1218 3927 medicamen-

128 3969 169 4035 ta
194 3964 437 4062 astringentia
460 3963 608 4053 habent,
645 3964 749 4039 facile
774 3965 1014 4066 intelligetur,
1039 3989 1088 4038 ex
1114 3988 1217 4038 nexu

123 4070 194 4147 illo
209 4075 347 4174 insigni
364 4077 430 4173 qui
448 4076 552 4151 dotes
564 4075 794 4153 metallicos
810 4076 907 4152 inter
916 4087 955 4152 et
971 4076 1076 4150 dotes
1086 4075 1217 4150 vitales

123 4180 329 4262 solidarum
347 4188 509 4286 partium
527 4187 682 4264 humani
699 4190 857 4290 corporis
874 4187 1080 4274 intercedit,
1105 4196 1143 4259 et
1168 4187 1217 4260 de
