2678 4794
550 319 683 394 xxxvii

78 533 104 569 ‘⁴
121 519 244 596 rientia
258 517 348 616 lege
365 521 464 590 serta
479 519 662 615 procedet,
683 520 846 598 seriatim
862 532 903 599 et
918 525 1157 623 continenter,

82 646 106 678 ‘¹
120 635 165 709 de
178 630 341 708 scientiis
357 627 502 727 aliquid
516 632 649 707 meiius
666 637 799 732 sperari
814 638 953 735 poterit
962 643 1014 712 *.”

22 782 53 823 o
127 745 238 836 Quod
266 745 299 819 si
325 766 456 817 omnes
472 742 753 835 observationes,
778 758 817 823 et
845 749 971 823 omnia
999 753 1161 829 remedia

80 886 160 960 quae
186 857 333 958 prolata
362 863 462 943 sunt,
487 880 601 955 quam
630 859 772 957 optima
800 860 967 950 fuissent,
999 862 1164 942 Theona

81 974 237 1074 quadam
254 995 331 1046 non
349 994 396 1046 eo
413 969 535 1046 minus
551 994 646 1070 opus
674 982 788 1059 esset3
817 993 950 1075 nempe
979 987 1025 1049 ut
1055 976 1164 1054 sciret

81 1087 257 1173 medicus,
274 1084 427 1183 quaudo
442 1085 658 1160 conveniret
668 1086 878 1162 remedium
887 1087 984 1177 dare,
1001 1090 1163 1188 quando,

82 1209 119 1274 et
135 1225 212 1298 quo
229 1198 392 1286 oonsilio,
416 1197 589 1272 omittere
605 1208 645 1272 et
660 1211 817 1288 mutare,
840 1210 954 1299 prout
969 1225 1026 1282 res
1042 1198 1165 1278 muta-⁸

85 1324 130 1387 tae
146 1311 400 1410 postulassent
452 1309 573 1384 Novit
589 1310 691 1384 enim
716 1312 875 1411 quisque
900 1312 939 1385 in
969 1313 1025 1388 his
1053 1316 1163 1392 rebus

88 1423 149 1497 'vel
165 1422 358 1497 minimum
375 1432 550 1510 versatus,
575 1447 653 1520 quo
669 1425 902 1522 praestantius
918 1426 1163 1503 medicamen·

90 1545 169 1612 tum
185 1535 309 1624 fuerit,
332 1560 376 1610 eo
404 1535 524 1635 magis
551 1535 705 1634 periculi
734 1538 984 1613 metuendum
1011 1564 1089 1616 esse
1117 1541 1164 1643 ab

86 1649 346 1749 intempestivo
362 1647 442 1746 ejus
459 1673 540 1736 usu,
565 1648 778 1748 majoreque
804 1674 892 1725 cura
914 1675 1009 1750 opus
1026 1676 1103 1727 esse
1119 1662 1165 1728 ut

76 1772 166 1852 ‚tuto
182 1774 221 1837 et
238 1787 324 1838 cum
342 1760 466 1837 fructu
491 1761 717 1838 adhibeatur.
770 1763 876 1839 Caeca
892 1772 1019 1838 tamen
1036 1773 1075 1838 et
1091 1787 1165 1838 cre-

86 1875 169 1951 dula
185 1876 324 1950 fiducia
340 1875 381 1949 in
398 1874 537 1950 viribus
553 1866 911 1953 medicamentomm
929 1877 1166 1977 quorundum

87 1989 131 2062 ad
157 1999 276 2064 certos
303 1987 451 2063 morbos
468 1988 656 2077 sanandos,
681 1989 786 2065 nulle
800 1992 954 2067 aliarum
970 2015 1094 2065 rerum
1112 2014 1166 2064 ra·
1229 1985 1236 2007 “

87 2102 184 2176 tione
199 2102 339 2188 habite,
364 2099 480 2201 vulgo
496 2101 701 2191 hominum,
727 2114 766 2178 et
790 2127 876 2178 sane
903 2104 1078 2189 omnibus
1103 2103 1167 2178 bo-

87 2215 247 2291 minibus
265 2214 335 2312 qui
351 2237 426 2287 non
443 2237 529 2288 vera
544 2215 693 2290 scientia
717 2216 855 2292 imbuti
872 2228 970 2306 sunt,
996 2217 1089 2290 adeo
1104 2239 1168 2291 na-

89 2326 214 2402 turalis
230 2338 270 2401 et
281 2327 450 2425 jucunda
475 2340 542 2414 est,
567 2337 612 2401 ut
638 2329 669 2401 si
695 2330 858 2404 medicos
886 2330 1042 2403 demum
1071 2329 1169 2425 ipsos
1208 2354 1210 2357 ’

90 2439 190 2513 idem
205 2439 306 2514 furor
320 2439 449 2538 rapiat,
477 2437 664 2512 labefactis
680 2440 817 2537 quibus
834 2440 918 2512 solis
946 2440 1019 2515 niti
1047 2446 1170 2535 posset

93 2549 351 2639 fundamentis,
376 2560 498 2626 actum
517 2550 588 2624 erit
605 2550 653 2623 de
670 2551 821 2624 scientia
839 2549 988 2623 medica

141 2662 240 2739 Talis
269 2688 356 2739 vero
382 2663 577 2740 credulitas
607 2671 722 2760 atque
744 2660 909 2761 jactatio,
934 2661 982 2734 de
1006 2659 1108 2735 miris
1133 2669 1173 2736 et

91 2800 184 2877 pene
199 2777 339 2852 divinis
355 2777 590 2877 quorundam
607 2775 963 2850 medicamentorum
977 2774 1117 2848 viribus
1134 2785 1172 2849 et

93 2890 328 2977 excellentiis,
365 2890 532 2988 quamvis
558 2887 849 2987 pharmacopolis
878 2885 1173 2962 circumforaneis

94 3004 175 3078 satis
204 3003 440 3090 conveniant,
464 3012 504 3076 et
528 3000 680 3099 quidem
697 2999 814 3098 vulgo
842 2998 1040 3074 hominum
1069 2999 1175 3074 facile

96 3115 345 3192 condonandae
360 3116 446 3201 sint,
467 3123 593 3188 tamen
611 3113 764 3188 homine
780 3114 944 3213 sapiente
960 3121 1000 3186 et
1015 3113 1174 3201 erudito,

98 3230 292 3311 etmedico
309 3229 491 3328 imprimis
507 3228 662 3302 honesto
679 3236 716 3300 et
734 3228 909 3325 ingenuo,
935 3225 1028 3298 adeo
1053 3224 1175 3323 indig-

98 3364 153 3415 nae
169 3353 266 3430 sunt,
292 3351 338 3418 ut
353 3339 448 3415 nihil
464 3341 604 3438 magis3
629 3339 809 3412 nimirum
838 3338 906 3434 qui
935 3336 1029 3408 bene
1058 3338 1175 3424 novit,

98 3454 154 3527 vel
170 3455 300 3529 saltem
316 3454 464 3529 novisse
480 3453 602 3538 debet,
628 3451 659 3524 si
687 3450 833 3548 propria
849 3447 990 3521 ratione
1006 3447 1176 3547 propriis-

100 3592 168 3664 que
195 3565 311 3643 0culis
338 3569 397 3642 uti
424 3566 527 3654 velit,
564 3563 714 3652 nullius,
748 3560 809 3636 vel
835 3558 1021 3648 levissimi,
1047 3561 1177 3650 morbi,

100 3680 263 3768 existere,
299 3690 369 3754 aut
394 3704 498 3778 posse
527 3679 694 3763 existere,
730 3674 935 3749 remedium
966 3682 1109 3748 certum
1139 3681 1178 3746 et

103 3816 291 3891 nunquam
321 3791 443 3869 fallax.
492 3791 628 3888 Neque
652 3788 817 3888 profecto
841 3787 1040 3886 quisquam
1069 3808 1179 3860 sanus

106 3906 186 3993 (nisi
203 3905 291 3980 alios
308 3904 477 4001 decipere
493 3905 632 4003 cupiet)
649 3900 714 3977 tali
730 3900 869 3975 fiducia
890 3921 1058 3997 unquam
1075 3895 1180 3996 polli-

434 4241 451 4278 '
474 4240 550 4304 Nor.
564 4241 637 4323 Org.
649 4241 698 4302 lib.
713 4240 731 4302 i.
747 4235 762 4320 §
782 4240 850 4300 100.
