<?xml version="1.0" encoding="UTF-8"?>
<!DOCTYPE html PUBLIC "-//W3C//DTD XHTML 1.0 Transitional//EN"
    "http://www.w3.org/TR/xhtml1/DTD/xhtml1-transitional.dtd">
<html xmlns="http://www.w3.org/1999/xhtml" xml:lang="en" lang="en">
 <head>
  <title>
</title>
<meta http-equiv="Content-Type" content="text/html;charset=utf-8" />
  <meta name='ocr-system' content='tesseract 3.04.00' />
  <meta name='ocr-capabilities' content='ocr_page ocr_carea ocr_par ocr_line ocrx_word'/>
</head>
<body>
  <div class='ocr_page' id='page_1' title='image "./conspectusmedic01greggoog_0334.png"; bbox 0 0 2678 4794; ppageno 0'>
   <div class='ocr_carea' id='block_1_1' title="bbox 122 381 1210 452">
    <p class='ocr_par' dir='ltr' id='par_1_1' title="bbox 122 381 1210 452">
     <span class='ocr_line' id='line_1_1' title="bbox 122 381 1210 452; baseline 0.004 -6"><span class='ocrx_word' id='word_1_1' title='bbox 122 388 218 447; x_wconf 74' lang='lat' dir='ltr'>cae.</span> <span class='ocrx_word' id='word_1_2' title='bbox 236 385 356 442; x_wconf 86' lang='lat' dir='ltr'>xxm.</span> <span class='ocrx_word' id='word_1_3' title='bbox 438 383 658 440; x_wconf 69' lang='lat' dir='ltr'>nnmerum</span> <span class='ocrx_word' id='word_1_4' title='bbox 677 385 964 444; x_wconf 75' lang='lat' dir='ltr'>annonarrca.</span> <span class='ocrx_word' id='word_1_5' title='bbox 1137 381 1210 452; x_wconf 79' lang='lat'>283</span> 
     </span>
    </p>
   </div>
   <div class='ocr_carea' id='block_1_2' title="bbox 126 564 1227 4257">
    <p class='ocr_par' dir='ltr' id='par_1_2' title="bbox 126 564 1221 1314">
     <span class='ocr_line' id='line_1_2' title="bbox 128 564 1219 666; baseline 0 -23"><span class='ocrx_word' id='word_1_6' title='bbox 128 567 251 666; x_wconf 79' lang='lat' dir='ltr'>vulgo</span> <span class='ocrx_word' id='word_1_7' title='bbox 267 572 528 649; x_wconf 87' lang='lat' dir='ltr'>numerantur;</span> <span class='ocrx_word' id='word_1_8' title='bbox 554 565 810 663; x_wconf 88' lang='lat' dir='ltr'>sanguineum,</span> <span class='ocrx_word' id='word_1_9' title='bbox 839 565 988 653; x_wconf 89' lang='lat' dir='ltr'>scilicet,</span> <span class='ocrx_word' id='word_1_10' title='bbox 1010 564 1219 644; x_wconf 84' lang='lat' dir='ltr'>melancho-</span> 
     </span>
     <span class='ocr_line' id='line_1_3' title="bbox 128 674 1219 775; baseline -0.002 -19"><span class='ocrx_word' id='word_1_11' title='bbox 128 680 257 765; x_wconf 88' lang='lat' dir='ltr'>licum,</span> <span class='ocrx_word' id='word_1_12' title='bbox 275 675 506 762; x_wconf 90' lang='lat' dir='ltr'>cholericum,</span> <span class='ocrx_word' id='word_1_13' title='bbox 522 686 561 749; x_wconf 93' lang='lat' dir='ltr'>et</span> <span class='ocrx_word' id='word_1_14' title='bbox 574 674 870 775; x_wconf 71' lang='lat' dir='ltr'>phlegmaticwm.</span> <span class='ocrx_word' id='word_1_15' title='bbox 914 678 981 750; x_wconf 91' lang='lat' dir='ltr'>De</span> <span class='ocrx_word' id='word_1_16' title='bbox 997 678 1138 751; x_wconf 86' lang='lat' dir='ltr'>ratione</span> <span class='ocrx_word' id='word_1_17' title='bbox 1153 703 1219 754; x_wconf 91' lang='lat' dir='ltr'>no-</span> 
     </span>
     <span class='ocr_line' id='line_1_4' title="bbox 127 787 1221 888; baseline -0.001 -21"><span class='ocrx_word' id='word_1_18' title='bbox 127 793 276 868; x_wconf 85' lang='lat' dir='ltr'><strong>minum</strong></span> <span class='ocrx_word' id='word_1_19' title='bbox 294 812 424 887; x_wconf 88' lang='lat' dir='ltr'>parum</span> <span class='ocrx_word' id='word_1_20' title='bbox 443 798 608 874; x_wconf 86' lang='lat' dir='ltr'>constat;</span> <span class='ocrx_word' id='word_1_21' title='bbox 633 812 702 862; x_wconf 91' lang='lat' dir='ltr'>nec</span> <span class='ocrx_word' id='word_1_22' title='bbox 718 792 884 862; x_wconf 89' lang='lat' dir='ltr'>multum</span> <span class='ocrx_word' id='word_1_23' title='bbox 912 787 1024 862; x_wconf 83' lang='lat' dir='ltr'><strong>refert</strong></span> <span class='ocrx_word' id='word_1_24' title='bbox 1052 814 1129 888; x_wconf 92' lang='lat' dir='ltr'>quo</span> <span class='ocrx_word' id='word_1_25' title='bbox 1157 816 1221 866; x_wconf 86' lang='lat' dir='ltr'>vo·</span> 
     </span>
     <span class='ocr_line' id='line_1_5' title="bbox 126 900 1218 1000; baseline -0.001 -22"><span class='ocrx_word' id='word_1_26' title='bbox 126 903 257 979; x_wconf 85' lang='lat' dir='ltr'>cabulo</span> <span class='ocrx_word' id='word_1_27' title='bbox 292 912 444 976; x_wconf 86' lang='lat' dir='ltr'>utamur</span> <span class='ocrx_word' id='word_1_28' title='bbox 479 900 525 973; x_wconf 88' lang='lat' dir='ltr'>ad</span> <span class='ocrx_word' id='word_1_29' title='bbox 569 926 645 973; x_wconf 89' lang='lat' dir='ltr'>rem</span> <span class='ocrx_word' id='word_1_30' title='bbox 680 902 885 1000; x_wconf 84' lang='lat' dir='ltr'>quamlibet</span> <span class='ocrx_word' id='word_1_31' title='bbox 927 901 1218 1000; x_wconf 83' lang='lat' dir='ltr'>exprimendam,</span> 
     </span>
     <span class='ocr_line' id='line_1_6' title="bbox 126 1012 1219 1098; baseline -0.003 -7"><span class='ocrx_word' id='word_1_32' title='bbox 126 1015 337 1091; x_wconf 87' lang='lat' dir='ltr'>dummodo</span> <span class='ocrx_word' id='word_1_33' title='bbox 367 1012 407 1086; x_wconf 94' lang='lat' dir='ltr'>id</span> <span class='ocrx_word' id='word_1_34' title='bbox 435 1012 658 1087; x_wconf 85' lang='lat' dir='ltr'>vocabulum</span> <span class='ocrx_word' id='word_1_35' title='bbox 685 1014 780 1086; x_wconf 91' lang='lat' dir='ltr'>bene</span> <span class='ocrx_word' id='word_1_36' title='bbox 808 1012 1029 1098; x_wconf 85' lang='lat' dir='ltr'>definiatur;</span> <span class='ocrx_word' id='word_1_37' title='bbox 1056 1027 1094 1088; x_wconf 91' lang='lat' dir='ltr'>et</span> <span class='ocrx_word' id='word_1_38' title='bbox 1119 1014 1219 1089; x_wconf 85' lang='lat' dir='ltr'>nefas</span> 
     </span>
     <span class='ocr_line' id='line_1_7' title="bbox 128 1110 1220 1225; baseline -0.002 -23"><span class='ocrx_word' id='word_1_39' title='bbox 128 1110 227 1202; x_wconf 77' lang='lat' dir='ltr'>certe</span> <span class='ocrx_word' id='word_1_40' title='bbox 246 1129 339 1199; x_wconf 85' lang='lat' dir='ltr'>foret</span> <span class='ocrx_word' id='word_1_41' title='bbox 357 1125 508 1197; x_wconf 88' lang='lat' dir='ltr'>nomina</span> <span class='ocrx_word' id='word_1_42' title='bbox 527 1134 681 1214; x_wconf 89' lang='lat' dir='ltr'>mutare,</span> <span class='ocrx_word' id='word_1_43' title='bbox 698 1151 784 1225; x_wconf 86' lang='lat' dir='ltr'>quae</span> <span class='ocrx_word' id='word_1_44' title='bbox 800 1127 974 1200; x_wconf 89' lang='lat' dir='ltr'>omnibus</span> <span class='ocrx_word' id='word_1_45' title='bbox 987 1126 1028 1198; x_wconf 90' lang='lat' dir='ltr'>in</span> <span class='ocrx_word' id='word_1_46' title='bbox 1041 1150 1105 1199; x_wconf 85' lang='lat' dir='ltr'>ore</span> <span class='ocrx_word' id='word_1_47' title='bbox 1121 1138 1220 1216; x_wconf 88' lang='lat' dir='ltr'>sunt,</span> 
     </span>
     <span class='ocr_line' id='line_1_8' title="bbox 130 1236 494 1314; baseline -0.005 0"><span class='ocrx_word' id='word_1_48' title='bbox 130 1248 171 1314; x_wconf 86' lang='lat' dir='ltr'>et</span> <span class='ocrx_word' id='word_1_49' title='bbox 184 1240 281 1313; x_wconf 90' lang='lat' dir='ltr'>bene</span> <span class='ocrx_word' id='word_1_50' title='bbox 297 1236 494 1312; x_wconf 87' lang='lat' dir='ltr'>intellecta.</span> 
     </span>
    </p>

    <p class='ocr_par' dir='ltr' id='par_1_3' title="bbox 127 1348 1227 3921">
     <span class='ocr_line' id='line_1_9' title="bbox 183 1348 1223 1430; baseline 0.002 -6"><span class='ocrx_word' id='word_1_51' title='bbox 183 1373 378 1424; x_wconf 81' lang='lat' dir='ltr'>nccccxxr.</span> <span class='ocrx_word' id='word_1_52' title='bbox 409 1348 621 1423; x_wconf 85' lang='lat' dir='ltr'>Plurimum</span> <span class='ocrx_word' id='word_1_53' title='bbox 650 1373 776 1423; x_wconf 90' lang='lat' dir='ltr'>revera</span> <span class='ocrx_word' id='word_1_54' title='bbox 803 1349 1017 1427; x_wconf 85' lang='lat' dir='ltr'>hallucinati</span> <span class='ocrx_word' id='word_1_55' title='bbox 1043 1365 1130 1430; x_wconf 89' lang='lat' dir='ltr'>sunt</span> <span class='ocrx_word' id='word_1_56' title='bbox 1147 1377 1223 1427; x_wconf 86' lang='lat' dir='ltr'>me-</span> 
     </span>
     <span class='ocr_line' id='line_1_10' title="bbox 133 1463 1222 1565; baseline 0.004 -29"><span class='ocrx_word' id='word_1_57' title='bbox 133 1463 210 1537; x_wconf 90' lang='lat' dir='ltr'>dici</span> <span class='ocrx_word' id='word_1_58' title='bbox 226 1463 516 1561; x_wconf 87' lang='lat' dir='ltr'>omnitempore,</span> <span class='ocrx_word' id='word_1_59' title='bbox 534 1464 600 1560; x_wconf 92' lang='lat' dir='ltr'>qui</span> <span class='ocrx_word' id='word_1_60' title='bbox 613 1470 983 1565; x_wconf 81' lang='lat' dir='ltr'>temperamentorum</span> <span class='ocrx_word' id='word_1_61' title='bbox 1001 1470 1222 1540; x_wconf 76' lang='lat' dir='ltr'>varietatum</span> 
     </span>
     <span class='ocr_line' id='line_1_11' title="bbox 132 1576 1223 1678; baseline -0.001 -27"><span class='ocrx_word' id='word_1_62' title='bbox 132 1576 259 1651; x_wconf 88' lang='lat' dir='ltr'>conati</span> <span class='ocrx_word' id='word_1_63' title='bbox 275 1586 360 1653; x_wconf 90' lang='lat' dir='ltr'>sunt</span> <span class='ocrx_word' id='word_1_64' title='bbox 377 1577 557 1650; x_wconf 87' lang='lat' dir='ltr'>rationem</span> <span class='ocrx_word' id='word_1_65' title='bbox 584 1576 756 1660; x_wconf 82' lang='lat' dir='ltr'>reddere3</span> <span class='ocrx_word' id='word_1_66' title='bbox 782 1587 819 1649; x_wconf 93' lang='lat' dir='ltr'>et</span> <span class='ocrx_word' id='word_1_67' title='bbox 855 1579 1153 1678; x_wconf 90' lang='lat' dir='ltr'>unumquodque</span> <span class='ocrx_word' id='word_1_68' title='bbox 1168 1601 1223 1651; x_wconf 87' lang='lat' dir='ltr'>re·</span> 
     </span>
     <span class='ocr_line' id='line_1_12' title="bbox 132 1688 1222 1787; baseline -0.006 -19"><span class='ocrx_word' id='word_1_69' title='bbox 132 1688 302 1768; x_wconf 81' lang='lat' dir='ltr'>tulerunt</span> <span class='ocrx_word' id='word_1_70' title='bbox 331 1689 375 1761; x_wconf 92' lang='lat' dir='ltr'>ad</span> <span class='ocrx_word' id='word_1_71' title='bbox 406 1698 549 1762; x_wconf 84' lang='lat' dir='ltr'>certum</span> <span class='ocrx_word' id='word_1_72' title='bbox 580 1688 774 1762; x_wconf 86' lang='lat' dir='ltr'>humorem</span> <span class='ocrx_word' id='word_1_73' title='bbox 804 1688 863 1762; x_wconf 92' lang='lat' dir='ltr'>vel</span> <span class='ocrx_word' id='word_1_74' title='bbox 880 1689 1105 1765; x_wconf 90' lang='lat' dir='ltr'>elementum</span> <span class='ocrx_word' id='word_1_75' title='bbox 1137 1690 1222 1787; x_wconf 86' lang='lat' dir='ltr'>plus</span> 
     </span>
     <span class='ocr_line' id='line_1_13' title="bbox 127 1800 1220 1901; baseline -0.003 -25"><span class='ocrx_word' id='word_1_76' title='bbox 127 1801 231 1901; x_wconf 86' lang='lat' dir='ltr'>justo</span> <span class='ocrx_word' id='word_1_77' title='bbox 247 1802 287 1875; x_wconf 93' lang='lat' dir='ltr'>in</span> <span class='ocrx_word' id='word_1_78' title='bbox 305 1824 454 1898; x_wconf 85' lang='lat' dir='ltr'>corpore</span> <span class='ocrx_word' id='word_1_79' title='bbox 471 1800 671 1887; x_wconf 87' lang='lat' dir='ltr'>abundans,</span> <span class='ocrx_word' id='word_1_80' title='bbox 688 1800 806 1874; x_wconf 88' lang='lat' dir='ltr'>veluti</span> <span class='ocrx_word' id='word_1_81' title='bbox 823 1825 970 1899; x_wconf 88' lang='lat' dir='ltr'>aquam,</span> <span class='ocrx_word' id='word_1_82' title='bbox 991 1803 1220 1899; x_wconf 89' lang='lat' dir='ltr'>sanguinem,</span> 
     </span>
     <span class='ocr_line' id='line_1_14' title="bbox 134 1913 1220 2012; baseline -0.006 -20"><span class='ocrx_word' id='word_1_83' title='bbox 134 1913 260 2001; x_wconf 86' lang='lat' dir='ltr'>bilem,</span> <span class='ocrx_word' id='word_1_84' title='bbox 276 1924 391 1986; x_wconf 85' lang='lat' dir='ltr'>atram</span> <span class='ocrx_word' id='word_1_85' title='bbox 409 1913 533 2000; x_wconf 91' lang='lat' dir='ltr'>bilem,</span> <span class='ocrx_word' id='word_1_86' title='bbox 550 1913 695 2012; x_wconf 85' lang='lat' dir='ltr'>gluten,</span> <span class='ocrx_word' id='word_1_87' title='bbox 713 1927 858 1988; x_wconf 88' lang='lat' dir='ltr'>terram.</span> <span class='ocrx_word' id='word_1_88' title='bbox 912 1915 1046 2012; x_wconf 89' lang='lat' dir='ltr'>Neque</span> <span class='ocrx_word' id='word_1_89' title='bbox 1075 1913 1140 1987; x_wconf 89' lang='lat' dir='ltr'>soli</span> <span class='ocrx_word' id='word_1_90' title='bbox 1159 1936 1220 1987; x_wconf 90' lang='lat' dir='ltr'>ve·</span> 
     </span>
     <span class='ocr_line' id='line_1_15' title="bbox 136 2025 1220 2125; baseline -0.002 -26"><span class='ocrx_word' id='word_1_91' title='bbox 136 2035 232 2101; x_wconf 86' lang='lat' dir='ltr'>teres</span> <span class='ocrx_word' id='word_1_92' title='bbox 263 2025 502 2100; x_wconf 88' lang='lat' dir='ltr'>observarunt</span> <span class='ocrx_word' id='word_1_93' title='bbox 535 2025 639 2114; x_wconf 87' lang='lat' dir='ltr'>bene,</span> <span class='ocrx_word' id='word_1_94' title='bbox 678 2039 716 2099; x_wconf 93' lang='lat' dir='ltr'>et</span> <span class='ocrx_word' id='word_1_95' title='bbox 750 2026 1019 2125; x_wconf 87' lang='lat' dir='ltr'>descripserunt</span> <span class='ocrx_word' id='word_1_96' title='bbox 1052 2025 1220 2113; x_wconf 88' lang='lat' dir='ltr'>fideliter,</span> 
     </span>
     <span class='ocr_line' id='line_1_16' title="bbox 130 2136 1223 2238; baseline 0.001 -25"><span class='ocrx_word' id='word_1_97' title='bbox 130 2138 308 2238; x_wconf 86' lang='lat' dir='ltr'>quamvis</span> <span class='ocrx_word' id='word_1_98' title='bbox 325 2136 420 2210; x_wconf 88' lang='lat' dir='ltr'>male</span> <span class='ocrx_word' id='word_1_99' title='bbox 437 2138 483 2211; x_wconf 90' lang='lat' dir='ltr'>de</span> <span class='ocrx_word' id='word_1_100' title='bbox 499 2138 630 2210; x_wconf 87' lang='lat' dir='ltr'>iisdem</span> <span class='ocrx_word' id='word_1_101' title='bbox 648 2138 756 2211; x_wconf 87' lang='lat' dir='ltr'>rebus</span> <span class='ocrx_word' id='word_1_102' title='bbox 773 2139 977 2212; x_wconf 89' lang='lat' dir='ltr'>ratiocinati</span> <span class='ocrx_word' id='word_1_103' title='bbox 1001 2140 1084 2213; x_wconf 87' lang='lat' dir='ltr'>sint.</span> <span class='ocrx_word' id='word_1_104' title='bbox 1136 2139 1223 2214; x_wconf 89' lang='lat' dir='ltr'>Erit</span> 
     </span>
     <span class='ocr_line' id='line_1_17' title="bbox 132 2248 1222 2351; baseline -0.002 -25"><span class='ocrx_word' id='word_1_105' title='bbox 132 2249 324 2351; x_wconf 85' lang='lat' dir='ltr'>quoddam</span> <span class='ocrx_word' id='word_1_106' title='bbox 342 2248 482 2336; x_wconf 86' lang='lat' dir='ltr'>saltem,</span> <span class='ocrx_word' id='word_1_107' title='bbox 509 2249 769 2347; x_wconf 86' lang='lat' dir='ltr'>descriptiones</span> <span class='ocrx_word' id='word_1_108' title='bbox 786 2259 824 2322; x_wconf 91' lang='lat' dir='ltr'>et</span> <span class='ocrx_word' id='word_1_109' title='bbox 840 2251 1111 2324; x_wconf 90' lang='lat' dir='ltr'>observationes</span> <span class='ocrx_word' id='word_1_110' title='bbox 1138 2252 1222 2324; x_wconf 86' lang='lat' dir='ltr'>istas</span> 
     </span>
     <span class='ocr_line' id='line_1_18' title="bbox 127 2354 1223 2460; baseline -0.002 -22"><span class='ocrx_word' id='word_1_111' title='bbox 127 2363 288 2449; x_wconf 86' lang='lat' dir='ltr'>novisse,</span> <span class='ocrx_word' id='word_1_112' title='bbox 318 2373 503 2460; x_wconf 89' lang='lat' dir='ltr'>quatenus</span> <span class='ocrx_word' id='word_1_113' title='bbox 533 2362 580 2435; x_wconf 88' lang='lat' dir='ltr'>ad</span> <span class='ocrx_word' id='word_1_114' title='bbox 609 2385 720 2436; x_wconf 92' lang='lat' dir='ltr'>usum</span> <span class='ocrx_word' id='word_1_115' title='bbox 753 2362 936 2436; x_wconf 90' lang='lat' dir='ltr'>medicum</span> <span class='ocrx_word' id='word_1_116' title='bbox 955 2354 1134 2460; x_wconf 81' lang='lat' dir='ltr'>spectent,</span> <span class='ocrx_word' id='word_1_117' title='bbox 1164 2371 1223 2436; x_wconf 92' lang='lat' dir='ltr'>ut·</span> 
     </span>
     <span class='ocr_line' id='line_1_19' title="bbox 133 2472 902 2574; baseline -0.008 -22"><span class='ocrx_word' id='word_1_118' title='bbox 133 2498 286 2574; x_wconf 78' lang='lat' dir='ltr'>cunque</span> <span class='ocrx_word' id='word_1_119' title='bbox 302 2474 454 2549; x_wconf 84' lang='lat' dir='ltr'>obscura</span> <span class='ocrx_word' id='word_1_120' title='bbox 470 2475 564 2546; x_wconf 87' lang='lat' dir='ltr'>ratio</span> <span class='ocrx_word' id='word_1_121' title='bbox 581 2498 703 2546; x_wconf 86' lang='lat' dir='ltr'>earum</span> <span class='ocrx_word' id='word_1_122' title='bbox 723 2472 902 2559; x_wconf 71' lang='lat' dir='ltr'>videatur,</span> 
     </span>
     <span class='ocr_line' id='line_1_20' title="bbox 130 2584 1226 2685; baseline 0.002 -29"><span class='ocrx_word' id='word_1_123' title='bbox 130 2651 133 2656; x_wconf 88' lang='lat'>.</span> <span class='ocrx_word' id='word_1_124' title='bbox 180 2610 396 2670; x_wconf 80' lang='lat' dir='ltr'>nooccxxn.</span> <span class='ocrx_word' id='word_1_125' title='bbox 421 2587 769 2685; x_wconf 83' lang='lat' dir='ltr'>Temperamemtum</span> <span class='ocrx_word' id='word_1_126' title='bbox 783 2585 1026 2682; x_wconf 86' lang='lat' dir='ltr'>sanguineum</span> <span class='ocrx_word' id='word_1_127' title='bbox 1045 2584 1226 2683; x_wconf 89' lang='lat' dir='ltr'>dignosci·</span> 
     </span>
     <span class='ocr_line' id='line_1_21' title="bbox 135 2696 1226 2796; baseline -0.006 -18"><span class='ocrx_word' id='word_1_128' title='bbox 135 2709 200 2779; x_wconf 82' lang='lat' dir='ltr'>rur</span> <span class='ocrx_word' id='word_1_129' title='bbox 215 2700 481 2780; x_wconf 84' lang='lat' dir='ltr'>constitutione</span> <span class='ocrx_word' id='word_1_130' title='bbox 506 2699 665 2796; x_wconf 85' lang='lat' dir='ltr'>corporis</span> <span class='ocrx_word' id='word_1_131' title='bbox 688 2696 862 2796; x_wconf 89' lang='lat' dir='ltr'>pleniore,</span> <span class='ocrx_word' id='word_1_132' title='bbox 891 2697 1110 2795; x_wconf 86' lang='lat' dir='ltr'>compagine</span> <span class='ocrx_word' id='word_1_133' title='bbox 1134 2696 1226 2771; x_wconf 91' lang='lat' dir='ltr'>mol·</span> 
     </span>
     <span class='ocr_line' id='line_1_22' title="bbox 135 2808 1226 2907; baseline -0.004 -20"><span class='ocrx_word' id='word_1_134' title='bbox 135 2811 237 2899; x_wconf 72' lang='lat' dir='ltr'>lione,</span> <span class='ocrx_word' id='word_1_135' title='bbox 254 2821 341 2890; x_wconf 87' lang='lat' dir='ltr'>cute</span> <span class='ocrx_word' id='word_1_136' title='bbox 358 2811 521 2897; x_wconf 87' lang='lat' dir='ltr'>delicata,</span> <span class='ocrx_word' id='word_1_137' title='bbox 541 2812 656 2897; x_wconf 91' lang='lat' dir='ltr'>tenui,</span> <span class='ocrx_word' id='word_1_138' title='bbox 673 2808 788 2896; x_wconf 91' lang='lat' dir='ltr'>molli,</span> <span class='ocrx_word' id='word_1_139' title='bbox 812 2809 937 2898; x_wconf 85' lang='lat' dir='ltr'>calida,</span> <span class='ocrx_word' id='word_1_140' title='bbox 952 2811 1054 2883; x_wconf 91' lang='lat' dir='ltr'>venis</span> <span class='ocrx_word' id='word_1_141' title='bbox 1071 2810 1226 2907; x_wconf 89' lang='lat' dir='ltr'>magnis,</span> 
     </span>
     <span class='ocr_line' id='line_1_23' title="bbox 133 2921 1226 3025; baseline -0.001 -26"><span class='ocrx_word' id='word_1_142' title='bbox 133 2925 355 3025; x_wconf 81' lang='lat' dir='ltr'>conspicuis,</span> <span class='ocrx_word' id='word_1_143' title='bbox 382 2924 555 3011; x_wconf 87' lang='lat' dir='ltr'>caeruleis,</span> <span class='ocrx_word' id='word_1_144' title='bbox 591 2923 731 2997; x_wconf 87' lang='lat' dir='ltr'>eximio</span> <span class='ocrx_word' id='word_1_145' title='bbox 765 2921 892 2996; x_wconf 88' lang='lat' dir='ltr'>vultus</span> <span class='ocrx_word' id='word_1_146' title='bbox 925 2921 1055 3010; x_wconf 87' lang='lat' dir='ltr'>colore,</span> <span class='ocrx_word' id='word_1_147' title='bbox 1088 2921 1226 3020; x_wconf 85' lang='lat' dir='ltr'>capillis</span> 
     </span>
     <span class='ocr_line' id='line_1_24' title="bbox 135 3033 1227 3134; baseline -0.002 -24"><span class='ocrx_word' id='word_1_148' title='bbox 135 3061 239 3134; x_wconf 81' lang='lat' dir='ltr'>saepe</span> <span class='ocrx_word' id='word_1_149' title='bbox 255 3034 344 3110; x_wconf 90' lang='lat' dir='ltr'>rufis</span> <span class='ocrx_word' id='word_1_150' title='bbox 361 3045 427 3109; x_wconf 91' lang='lat' dir='ltr'>aut</span> <span class='ocrx_word' id='word_1_151' title='bbox 444 3035 558 3123; x_wconf 88' lang='lat' dir='ltr'>flavis,</span> <span class='ocrx_word' id='word_1_152' title='bbox 575 3035 773 3134; x_wconf 87' lang='lat' dir='ltr'>aliquando</span> <span class='ocrx_word' id='word_1_153' title='bbox 788 3033 959 3114; x_wconf 87' lang='lat' dir='ltr'>nonnihil</span> <span class='ocrx_word' id='word_1_154' title='bbox 976 3035 1095 3110; x_wconf 90' lang='lat' dir='ltr'>fuscis.</span> <span class='ocrx_word' id='word_1_155' title='bbox 1144 3034 1227 3109; x_wconf 86' lang='lat' dir='ltr'>Ho-</span> 
     </span>
     <span class='ocr_line' id='line_1_25' title="bbox 137 3147 1227 3246; baseline -0.003 -23"><span class='ocrx_word' id='word_1_156' title='bbox 137 3149 259 3223; x_wconf 85' lang='lat' dir='ltr'>mines</span> <span class='ocrx_word' id='word_1_157' title='bbox 275 3147 339 3223; x_wconf 81' lang='lat' dir='ltr'>tali</span> <span class='ocrx_word' id='word_1_158' title='bbox 357 3149 620 3222; x_wconf 88' lang='lat' dir='ltr'>constitutione</span> <span class='ocrx_word' id='word_1_159' title='bbox 636 3148 792 3246; x_wconf 83' lang='lat' dir='ltr'>praediti‚</span> <span class='ocrx_word' id='word_1_160' title='bbox 817 3160 949 3245; x_wconf 86' lang='lat' dir='ltr'>praeter</span> <span class='ocrx_word' id='word_1_161' title='bbox 965 3149 1113 3222; x_wconf 91' lang='lat' dir='ltr'>solitum</span> <span class='ocrx_word' id='word_1_162' title='bbox 1146 3172 1227 3221; x_wconf 89' lang='lat' dir='ltr'>sen-</span> 
     </span>
     <span class='ocr_line' id='line_1_26' title="bbox 142 3259 1226 3359; baseline 0 -27"><span class='ocrx_word' id='word_1_163' title='bbox 142 3259 276 3335; x_wconf 85' lang='lat' dir='ltr'>tientes</span> <span class='ocrx_word' id='word_1_164' title='bbox 292 3270 330 3334; x_wconf 86' lang='lat' dir='ltr'>et</span> <span class='ocrx_word' id='word_1_165' title='bbox 347 3259 538 3334; x_wconf 88' lang='lat' dir='ltr'>irritabiles</span> <span class='ocrx_word' id='word_1_166' title='bbox 555 3261 805 3348; x_wconf 87' lang='lat' dir='ltr'>observantur,</span> <span class='ocrx_word' id='word_1_167' title='bbox 822 3271 861 3334; x_wconf 93' lang='lat' dir='ltr'>et</span> <span class='ocrx_word' id='word_1_168' title='bbox 878 3260 1005 3359; x_wconf 91' lang='lat' dir='ltr'>pulsus</span> <span class='ocrx_word' id='word_1_169' title='bbox 1022 3260 1159 3333; x_wconf 90' lang='lat' dir='ltr'>habent</span> <span class='ocrx_word' id='word_1_170' title='bbox 1172 3285 1226 3333; x_wconf 92' lang='lat' dir='ltr'>so-</span> 
     </span>
     <span class='ocr_line' id='line_1_27' title="bbox 136 3369 1225 3473; baseline 0 -27"><span class='ocrx_word' id='word_1_171' title='bbox 136 3369 209 3446; x_wconf 89' lang='lat' dir='ltr'>lito</span> <span class='ocrx_word' id='word_1_172' title='bbox 224 3371 498 3472; x_wconf 86' lang='lat' dir='ltr'>frequentiores,</span> <span class='ocrx_word' id='word_1_173' title='bbox 528 3383 566 3447; x_wconf 89' lang='lat' dir='ltr'>et</span> <span class='ocrx_word' id='word_1_174' title='bbox 596 3375 785 3473; x_wconf 86' lang='lat' dir='ltr'>sanguinis</span> <span class='ocrx_word' id='word_1_175' title='bbox 813 3385 959 3447; x_wconf 90' lang='lat' dir='ltr'>motum</span> <span class='ocrx_word' id='word_1_176' title='bbox 986 3373 1225 3462; x_wconf 84' lang='lat' dir='ltr'>liberrimum,</span> 
     </span>
     <span class='ocr_line' id='line_1_28' title="bbox 133 3485 1226 3584; baseline 0.002 -25"><span class='ocrx_word' id='word_1_177' title='bbox 133 3493 175 3559; x_wconf 89' lang='lat' dir='ltr'>et</span> <span class='ocrx_word' id='word_1_178' title='bbox 193 3487 411 3568; x_wconf 89' lang='lat' dir='ltr'>secretiones</span> <span class='ocrx_word' id='word_1_179' title='bbox 440 3497 477 3558; x_wconf 90' lang='lat' dir='ltr'>et</span> <span class='ocrx_word' id='word_1_180' title='bbox 506 3485 735 3559; x_wconf 77' lang='lat' dir='ltr'>exorationes</span> <span class='ocrx_word' id='word_1_181' title='bbox 763 3485 852 3559; x_wconf 79' lang='lat' dir='ltr'>fere·</span> <span class='ocrx_word' id='word_1_182' title='bbox 865 3485 1037 3584; x_wconf 89' lang='lat' dir='ltr'>copiosas,</span> <span class='ocrx_word' id='word_1_183' title='bbox 1067 3509 1147 3559; x_wconf 88' lang='lat' dir='ltr'>raro</span> <span class='ocrx_word' id='word_1_184' title='bbox 1163 3488 1226 3561; x_wconf 92' lang='lat' dir='ltr'>ob-</span> 
     </span>
     <span class='ocr_line' id='line_1_29' title="bbox 133 3597 1226 3696; baseline 0.001 -24"><span class='ocrx_word' id='word_1_185' title='bbox 133 3606 307 3684; x_wconf 84' lang='lat' dir='ltr'>structas,</span> <span class='ocrx_word' id='word_1_186' title='bbox 334 3608 373 3671; x_wconf 89' lang='lat' dir='ltr'>et</span> <span class='ocrx_word' id='word_1_187' title='bbox 401 3599 572 3670; x_wconf 90' lang='lat' dir='ltr'>animum</span> <span class='ocrx_word' id='word_1_188' title='bbox 601 3597 823 3696; x_wconf 83' lang='lat' dir='ltr'>plemmque</span> <span class='ocrx_word' id='word_1_189' title='bbox 852 3597 980 3677; x_wconf 85' lang='lat' dir='ltr'>laetum</span> <span class='ocrx_word' id='word_1_190' title='bbox 998 3607 1037 3671; x_wconf 92' lang='lat' dir='ltr'>et</span> <span class='ocrx_word' id='word_1_191' title='bbox 1063 3598 1226 3687; x_wconf 89' lang='lat' dir='ltr'>hilarem,</span> 
     </span>
     <span class='ocr_line' id='line_1_30' title="bbox 134 3707 1226 3812; baseline 0.003 -31"><span class='ocrx_word' id='word_1_192' title='bbox 134 3707 338 3808; x_wconf 85' lang='lat' dir='ltr'>aliquando</span> <span class='ocrx_word' id='word_1_193' title='bbox 367 3710 509 3796; x_wconf 90' lang='lat' dir='ltr'>levem;</span> <span class='ocrx_word' id='word_1_194' title='bbox 539 3733 627 3782; x_wconf 90' lang='lat' dir='ltr'>nam</span> <span class='ocrx_word' id='word_1_195' title='bbox 644 3710 758 3784; x_wconf 89' lang='lat' dir='ltr'>animi</span> <span class='ocrx_word' id='word_1_196' title='bbox 776 3734 851 3783; x_wconf 93' lang='lat' dir='ltr'>non</span> <span class='ocrx_word' id='word_1_197' title='bbox 869 3735 972 3785; x_wconf 91' lang='lat' dir='ltr'>secus</span> <span class='ocrx_word' id='word_1_198' title='bbox 1001 3736 1043 3787; x_wconf 90' lang='lat' dir='ltr'>ac</span> <span class='ocrx_word' id='word_1_199' title='bbox 1067 3711 1226 3812; x_wconf 88' lang='lat' dir='ltr'>corporis</span> 
     </span>
     <span class='ocr_line' id='line_1_31' title="bbox 136 3822 973 3921; baseline 0.006 -29"><span class='ocrx_word' id='word_1_200' title='bbox 136 3823 333 3897; x_wconf 80' lang='lat' dir='ltr'>varietates</span> <span class='ocrx_word' id='word_1_201' title='bbox 350 3848 371 3896; x_wconf 92' lang='lat' dir='ltr'>a</span> <span class='ocrx_word' id='word_1_202' title='bbox 388 3829 673 3921; x_wconf 82' lang='lat' dir='ltr'>temperamento</span> <span class='ocrx_word' id='word_1_203' title='bbox 690 3845 786 3919; x_wconf 84' lang='lat' dir='ltr'>saepe</span> <span class='ocrx_word' id='word_1_204' title='bbox 800 3822 973 3921; x_wconf 88' lang='lat' dir='ltr'>pendent</span> 
     </span>
    </p>

    <p class='ocr_par' dir='ltr' id='par_1_4' title="bbox 140 3935 1226 4257">
     <span class='ocr_line' id='line_1_32' title="bbox 185 3935 1226 4034; baseline 0 -25"><span class='ocrx_word' id='word_1_205' title='bbox 185 3956 418 4019; x_wconf 77' lang='lat' dir='ltr'>ncoucxxnr,</span> <span class='ocrx_word' id='word_1_206' title='bbox 452 3935 540 4010; x_wconf 87' lang='lat' dir='ltr'>Hoc</span> <span class='ocrx_word' id='word_1_207' title='bbox 567 3942 901 4034; x_wconf 76' lang='lat' dir='ltr'>temperamentum,</span> <span class='ocrx_word' id='word_1_208' title='bbox 931 3961 1007 4034; x_wconf 83' lang='lat' dir='ltr'>prae</span> <span class='ocrx_word' id='word_1_209' title='bbox 1029 3937 1118 4025; x_wconf 92' lang='lat' dir='ltr'>aliis,</span> <span class='ocrx_word' id='word_1_210' title='bbox 1147 3960 1226 4011; x_wconf 86' lang='lat' dir='ltr'>san-</span> 
     </span>
     <span class='ocr_line' id='line_1_33' title="bbox 140 4045 1225 4144; baseline 0 -25"><span class='ocrx_word' id='word_1_211' title='bbox 140 4047 266 4144; x_wconf 85' lang='lat' dir='ltr'>guinis</span> <span class='ocrx_word' id='word_1_212' title='bbox 284 4048 408 4121; x_wconf 88' lang='lat' dir='ltr'>nimiae</span> <span class='ocrx_word' id='word_1_213' title='bbox 424 4048 660 4128; x_wconf 80' lang='lat' dir='ltr'>abundantiae</span> <span class='ocrx_word' id='word_1_214' title='bbox 678 4057 716 4120; x_wconf 89' lang='lat' dir='ltr'>et</span> <span class='ocrx_word' id='word_1_215' title='bbox 733 4045 946 4123; x_wconf 87' lang='lat' dir='ltr'>vehementi</span> <span class='ocrx_word' id='word_1_216' title='bbox 963 4051 1095 4137; x_wconf 91' lang='lat' dir='ltr'>motui,</span> <span class='ocrx_word' id='word_1_217' title='bbox 1119 4048 1225 4123; x_wconf 82' lang='lat' dir='ltr'>lebri-</span> 
     </span>
     <span class='ocr_line' id='line_1_34' title="bbox 142 4156 1226 4257; baseline 0.001 -26"><span class='ocrx_word' id='word_1_218' title='bbox 142 4156 220 4246; x_wconf 89' lang='lat' dir='ltr'>bus,</span> <span class='ocrx_word' id='word_1_219' title='bbox 238 4160 451 4257; x_wconf 89' lang='lat' dir='ltr'>morbisque</span> <span class='ocrx_word' id='word_1_220' title='bbox 467 4159 793 4234; x_wconf 86' lang='lat' dir='ltr'>inflammationem</span> <span class='ocrx_word' id='word_1_221' title='bbox 810 4160 1039 4247; x_wconf 89' lang='lat' dir='ltr'>habentibus,</span> <span class='ocrx_word' id='word_1_222' title='bbox 1057 4162 1226 4237; x_wconf 77' lang='lat' dir='ltr'>rheumam</span> 
     </span>
    </p>
   </div>
   <div class='ocr_carea' id='block_1_3' title="bbox 139 4268 1224 4381">
    <p class='ocr_par' dir='ltr' id='par_1_5' title="bbox 139 4268 1224 4381">
     <span class='ocr_line' id='line_1_35' title="bbox 139 4268 1224 4381; baseline 0.002 -34"><span class='ocrx_word' id='word_1_223' title='bbox 139 4268 261 4365; x_wconf 70' lang='lat' dir='ltr'>tiemo,</span> <span class='ocrx_word' id='word_1_224' title='bbox 277 4272 433 4381; x_wconf 83' lang='lat' dir='ltr'>anginae,</span> <span class='ocrx_word' id='word_1_225' title='bbox 462 4277 524 4350; x_wconf 78' lang='lat' dir='ltr'>&amp;a</span> <span class='ocrx_word' id='word_1_226' title='bbox 542 4286 580 4350; x_wconf 90' lang='lat' dir='ltr'>et</span> <span class='ocrx_word' id='word_1_227' title='bbox 597 4275 734 4349; x_wconf 86' lang='lat' dir='ltr'>morbis</span> <span class='ocrx_word' id='word_1_228' title='bbox 751 4272 900 4362; x_wconf 76' lang='lat' dir='ltr'>nervosi</span> <span class='ocrx_word' id='word_1_229' title='bbox 910 4271 1076 4372; x_wconf 82' lang='lat' dir='ltr'>generis,</span> <span class='ocrx_word' id='word_1_230' title='bbox 1105 4271 1224 4371; x_wconf 69' lang='lat' dir='ltr'>Iapeto,</span> 
     </span>
    </p>
   </div>
   <div class='ocr_carea' id='block_1_4' title="bbox 0 0 1370 4794">
    <p class='ocr_par' dir='ltr' id='par_1_6' title="bbox 0 0 1370 4794">
     <span class='ocr_line' id='line_1_36' title="bbox 0 0 1370 4794; baseline 0 0"><span class='ocrx_word' id='word_1_231' title='bbox 0 0 1370 4794; x_wconf 95' lang='lat' dir='ltr'> </span> 
     </span>
    </p>
   </div>
  </div>
 </body>
</html>
