2678 4794
75 327 163 383 oar.
180 327 309 382 xxxv.
359 324 581 384 nnnrcrnm
600 326 889 386 rnnonnrrcru.
1082 322 1155 400 498

78 514 167 579 sunt
183 505 323 592 incerti,
337 513 381 579 nt
391 504 480 578 dum
494 503 582 578 hnic
592 503 720 579 alvum
730 528 779 579 ne
790 507 992 582 minimum
1002 507 1158 608 quidem

78 619 247 706 moverit,
273 616 378 691 illum
396 615 719 690 vehementissime
735 620 960 717 purgaverit

130 752 413 804 Mccccxxxnr.
450 729 629 803 Lotiones
658 753 747 804 vero
779 754 845 829 per
874 756 986 807 anum
1015 733 1159 827 infusae,

79 840 223 939 plenius
239 843 459 917 intestinum
474 842 559 916 satis
571 841 767 917 efficaciter
775 842 1005 934 exinaniunt,
1023 850 1160 946 partim

80 954 230 1028 stimulo
248 979 316 1029 suo
333 954 379 1044 (si
394 953 546 1027 acriores
562 952 726 1052 fuerint),
756 956 823 1054 qui
840 955 880 1030 id
897 957 1046 1046 excitat,
1063 960 1159 1058 ejus·

79 1091 154 1164 que
170 1075 313 1141 motum
332 1065 516 1153 accelerat,
541 1076 580 1138 et
596 1068 834 1141 secretionem
857 1077 897 1142 et
922 1068 1072 1145 fluxum
1089 1072 1160 1147 hu·

79 1198 226 1252 morum
244 1178 367 1277 quiin
384 1178 424 1252 id
441 1176 654 1252 funduntur
668 1189 872 1277 promovet,
898 1192 938 1257 et
966 1182 1160 1261 desidendi

79 1290 321 1389 cupiditatem
340 1291 507 1376 induoit;
533 1291 667 1389 partim
686 1315 839 1390 quoque
861 1293 1006 1369 mollito
1021 1304 1088 1370 aut
1104 1295 1161 1370 di·

79 1401 162 1477 luto
178 1413 334 1476 stercore
350 1403 507 1491 duriore,
536 1403 678 1500 viisque
695 1427 761 1501 per
777 1426 868 1500 quas
884 1409 1031 1481 exoemi
1048 1408 1161 1484 debet

80 1513 179 1602 fotis,
204 1526 243 1590 et
267 1514 489 1604 madefactis,
527 1525 566 1589 et
595 1516 698 1612 qnasi
722 1516 896 1603 inunctis,
921 1541 998 1615 quo
1023 1519 1163 1595 facilior

79 1626 239 1724 dejectio
255 1626 330 1701 fiat.

130 1761 379 1814 Mooooxxxrv.
404 1738 472 1813 Ad
488 1738 589 1814 huno
605 1738 720 1813 finem
746 1739 880 1815 medici
908 1741 1082 1816 adhibere
1108 1768 1164 1824 sos

79 1849 158 1924 lent
173 1874 306 1948 aquam
325 1849 500 1948 tepidam,
526 1850 721 1949 multaque
751 1852 902 1928 deooota
928 1853 1163 1945 emollientia,
1305 1921 1310 1932 .

79 1972 119 2036 et
135 1987 281 2037 muoosa
296 1972 336 2036 et
351 1961 472 2036 oleosa
488 1963 780 2051 meditamenta,¹
793 1973 832 2038 et
848 1965 974 2039 omnia
1003 1965 1079 2040 fere
1106 1991 1163 2042 oa-

80 2073 244 2163 thartiea,
270 2073 501 2148 alenissimis
517 2075 562 2147 ad
580 2078 764 2163 acerrima,
789 2087 903 2174 prout
927 2077 1001 2151 leni
1031 2086 1097 2152 aut
1125 2103 1164 2152 a·

79 2188 194 2261 criore
210 2186 362 2261 stimulo
374 2208 467 2283 opus
479 2185 601 2259 fuerit.
653 2187 1163 2266 FumusNicotinnoetoboci

80 2299 241 2374 creditus
257 2308 313 2373 est
325 2295 593 2372 validissimum
610 2295 808 2370 stimulum
825 2297 1009 2372 intestinis
1026 2300 1162 2399 imper·

80 2411 161 2497 tire,
186 2410 251 2486 sed
268 2434 344 2497 sua,
369 2431 492 2506 neque
518 2431 604 2481 sane
630 2407 736 2496 levia,
763 2414 808 2481 ut
819 2407 898 2504 jam
917 2410 1162 2511 (noeonxxv)

79 2523 293 2622 expositum
306 2530 372 2609 est,
390 2520 623 2594 incommoda
633 2518 753 2593 habet.
807 2518 989 2594 Stimulos
1001 2519 1164 2618 plerum-

79 2659 154 2731 que
170 2633 256 2706 satis
273 2631 402 2706 effioax
420 2641 458 2704 et
474 2630 628 2705 omnino
644 2640 751 2704 tutus
768 2629 846 2703 dari
863 2640 995 2728 potest,
1021 2630 1162 2708 lenissi-

78 2747 151 2824 mis
168 2744 276 2817 rebus
292 2768 335 2817 ea
351 2745 560 2843 quantitate
569 2743 699 2817 infusis
716 2752 761 2816 ut
777 2742 922 2841 plenius
939 2744 1162 2822 intestinum

78 2857 313 2955 aliquantum
330 2856 553 2931 distendant.
604 2855 770 2930 Tantum
802 2853 956 2952 quidem
973 2880 1080 2954 aquae
1096 2881 1163 2956 per
1217 2846 1222 2853 ⁸
1307 2826 1316 2843 ο

79 2970 258 3043 idoneum
289 2969 481 3068 siphonem
507 2968 698 3042 interdum
724 2967 891 3041 infusum
920 2977 985 3056 est,
1011 2979 1056 3044 ut
1084 2969 1164 3046 haee

79 3105 154 3155 non
171 3081 284 3155 modo
299 3082 444 3180 plenius
461 3082 682 3156 intestinum
698 3078 879 3178 impleret,
896 3081 971 3168 sed,
989 3093 1161 3180 snperato

79 3194 152 3267 isto
166 3182 300 3268 renixu
317 3196 384 3293 qui
401 3196 447 3269 ab
464 3194 677 3294 imperfecta
692 3192 801 3267 valva
825 3190 895 3269 coli
924 3193 1010 3266 oriri
1027 3203 1160 3292 posset,

80 3307 230 3380 tenuius
248 3308 411 3394 intraret,
437 3331 577 3407 perque
593 3307 632 3381 id
649 3306 697 3379 ad
714 3304 965 3380 ventriculum
992 3305 1161 3379 ascende·

80 3428 147 3505 ret,
172 3443 220 3492 ex
237 3443 281 3492 eo
298 3421 512 3493 evomenda.
564 3419 635 3493 Sed
663 3417 743 3506 hoo,
768 3419 854 3491 satis
884 3415 1084 3490 manifestis
1113 3416 1161 3491 de

79 3532 208 3618 causis,
225 3555 301 3604 non
318 3540 457 3605 temere
474 3539 529 3604 est
546 3531 778 3604 tentandum:
828 3529 918 3602 Non
936 3527 1101 3602 multum
1114 3528 1161 3604 ab

38 3694 40 3698 -
79 3643 151 3718 hoc
168 3643 331 3718 alienum
358 3644 430 3718 fnit
455 3652 564 3718 vetus
593 3642 810 3728 remedium,
835 3649 916 3714 ae're
944 3665 1011 3740 per
1036 3639 1161 3714 follem

77 3756 245 3850 immisso
262 3756 440 3829 intestina
452 3754 669 3829 distendere.
1002 3841 1005 3847 Ι

130 3891 362 3944 Moesoxxxv.
388 3869 553 3941 Prosunt
570 3890 657 3939 vero
674 3865 829 3940 lotiones
852 3888 927 3939 non
954 3865 1066 3939 modo
1083 3863 1160 3937 exi-

78 3980 209 4054 nanito
225 3981 389 4078 pleniore
400 3980 587 4065 intestino,
605 3977 668 4051 sed
681 3977 751 4051 hoe
760 4001 912 4076 quoque
921 3976 1161 4076 partibusque

78 4092 212 4168 vicinis
228 4095 333 4192 qnasi
362 4094 493 4168 balneo
521 4091 683 4190 quodam
712 4088 798 4164 fotis
824 4101 938 4188 atque
967 4086 1094 4162 solutis
1122 4098 1162 4162 et

78 4228 238 4304 spasmo,
264 4207 377 4302 siquis
406 4207 501 4281 sorte
529 4205 680 4290 adesset,
709 4201 879 4282 liberatis,
904 4211 943 4273 et
973 4200 1160 4298 sanguinis
