2678 4794
132 334 220 389 CAP·
236 330 325 392 vm.
429 327 649 384 nfflmcmm
668 328 955 387 monumen.
1161 324 1207 399 71

134 509 257 595 nimio,
280 504 399 581 feriat.
450 504 555 579 Hinc
578 507 715 593 bombi,
740 507 900 583 tinnitus
927 509 1073 608 species,
1097 504 1209 588 etiam

132 620 358 694 asanissimo
375 617 538 707 homine,
563 620 661 694 inter
676 619 852 694 hiandum
870 621 1085 698 audiuntur.

174 755 381 808 ccxxx111.
408 730 657 829 Frequentior
672 743 711 806 et
726 732 915 808 molestior
930 734 1091 811 tinnitus
1115 735 1210 810 mnl·

127 853 181 919 tos
196 844 361 933 morbos,
387 853 471 916 tum
488 843 615 930 febres,
640 854 724 917 tum
751 844 900 920 nervosi
923 845 1080 944 generis
1104 844 1209 921 affec-

127 956 253 1046 tiones,
280 955 503 1031 comitatur:
543 956 678 1054 partim
695 956 741 1030 ab
757 967 867 1031 aucto
892 957 1080 1056 sanguinis
1097 968 1209 1057 caput

128 1092 249 1143 remus
261 1069 423 1168 immtu,
440 1078 624 1166 auctoque
636 1065 747 1141 simul
759 1067 909 1143 suomi
917 1069 1076 1167 gerwria
1089 1094 1207 1158 sensu,

128 1179 176 1255 ita
189 1189 235 1255 ut
252 1189 417 1280 ipsarum
431 1180 643 1254 arsenarum
658 1179 754 1252 ictus
770 1179 985 1264 audiantur;
1011 1182 1142 1278 partim
1161 1182 1208 1257 ab

130 1302 233 1365 aucto
245 1316 442 1366 nervorum
458 1302 496 1366 et
509 1291 761 1365 musculorum
775 1292 871 1365 auris
881 1289 1080 1390 labyrinthi
1098 1318 1206 1368 sensu

134 1412 171 1475 et
187 1401 406 1493 mobilitate3
433 1428 508 1502 quo
525 1402 579 1489 fit,
597 1412 642 1477 ut
654 1412 774 1501 partes
787 1427 872 1500 quae
888 1403 1070 1480 debebant
1086 1407 1204 1504 quies-

133 1536 219 1601 cere,
256 1513 369 1590 donec
395 1518 486 1588 aeris
516 1515 735 1590 tremoribus
770 1517 938 1592 excitatae
971 1528 1102 1606 essent,
1140 1545 1205 1594 sua
1284 1607 1289 1615 Ι

131 1636 257 1724 sponte
274 1640 396 1702 motus
425 1628 643 1726 concipiant,
669 1628 892 1730 eosdemque
921 1628 1000 1703 aliis
1029 1631 1204 1728 partibus,

122 1737 196 1835 jam
212 1737 329 1813 nimis
345 1739 601 1826 sentientibus,
624 1739 893 1839 impertiantur.

168 1872 372 1926 ccxxxiv,
408 1850 539 1926 Oritur
568 1876 718 1952 quoque
747 1853 906 1927 tinnitus
934 1877 956 1926 a
984 1852 1205 1929 vehemente

129 1963 236 2039 animi
263 1962 424 2038 affectu:
461 1963 648 2039 interdum
675 1990 699 2038 a
724 1963 931 2039 ventn'culo
961 1965 1053 2040 male
1078 1989 1117 2038 se
1143 1965 1203 2040 ha·

124 2072 245 2176 lente,
271 2077 456 2149 nascitur:
494 2076 682 2151 interdum
698 2102 721 2150 a
736 2078 834 2154 malo
849 2076 1076 2154 rheunmtico
1092 2092 1204 2177 caput

126 2197 160 2261 et
174 2211 282 2263 aures
307 2187 500 2274 afficiente,
525 2188 585 2264 vel
602 2213 623 2260 a
638 2189 838 2288 gravedine
853 2214 938 2287 quae
967 2191 1097 2265 tubam
1125 2189 1205 2264 affi-

125 2320 200 2372 ocre
216 2298 334 2374 solet:
360 2323 627 2397 nonnunquam
645 2325 733 2374 vero
749 2301 908 2375 tinnitus
925 2302 1023 2377 solus
1047 2302 1201 2389 invadit,

127 2408 263 2484 malum
280 2411 444 2511 profecto
460 2435 533 2484 non
552 2411 745 2509 exiguum.

177 2544 352 2598 ccxxxv,
379 2523 500 2597 Variae
513 2533 636 2597 tamen
653 2547 781 2610 musae,
799 2533 879 2597 tum
892 2523 1005 2620 hujus
1021 2533 1103 2597 tum
1115 2523 1201 2597 alio-

128 2657 207 2707 mm
223 2636 372 2709 auditus
383 2636 573 2721 vitiorum,
590 2658 685 2732 saepe
697 2633 911 2707 difficillime
922 2635 1200 2734 dignoscuntur,

125 2768 196 2819 non
213 2749 332 2846 magis
348 2757 499 2845 propter
511 2747 681 2821 abditum
692 2747 820 2846 organi
832 2747 956 2836 situm,
968 2769 1079 2845 quam
1093 2769 1199 2845 prop·

126 2867 178 2931 ter
192 2860 367 2934 notitiam
383 2860 565 2935 variarum
583 2859 662 2957 ejus
686 2858 848 2957 partium
865 2859 1062 2946 actionum,
1087 2883 1199 2959 quam

122 2992 247 3067 parum
264 2981 471 3045 accuratam
488 2970 673 3045 habemus.
723 2970 787 3045 Ex
817 2981 973 3072 utraque
989 2996 1076 3045 vero
1092 2995 1199 3046 causa

126 3078 177 3167 fit,
203 3092 247 3157 ut
277 3081 503 3182 multiplices
535 3083 683 3158 auditus
712 3081 922 3159 affectiones
950 3107 1072 3184 neque
1101 3092 1199 3160 certo

133 3213 241 3291 neque
257 3193 366 3270 focile
384 3203 566 3270 sanentur.
