2694 4792
196 381 269 448 454
589 378 841 445 consrtrcrus
1017 389 1111 443 car.
1128 390 1290 447 mur.

200 569 417 655 nanitiones,
442 565 560 641 veluti
576 567 752 651 vomitus,
776 575 842 640 aut
869 565 942 638 alvi
968 564 1111 655 fluxus,
1138 581 1211 644 aut
1237 571 1292 644 in·

201 705 292 780 gens
322 682 442 767 sudor,
462 690 534 773 ¹aut
563 680 689 764 uriuae,
727 692 794 752 aut
823 679 1011 775 sanguinis
1041 679 1291 778 profluvium,

202 817 297 891 saepe
315 818 379 866 sua
396 803 526 891 sponte
542 791 737 876 accidunt;
763 800 803 863 et
819 789 919 865 haud
932 815 1011 864 raro
1021 815 1107 865 cum
1120 792 1287 868 felicissi-

201 927 266 977 mo
283 915 419 978 eventu
434 932 443 990 ;
464 904 520 977 ita
538 915 580 976 ut
599 903 751 976 minime
776 904 932 977 dubium
951 905 998 977 sit
1014 904 1197 993 Naturam
1214 931 1289 1005 per

205 1016 294 1089 tales
327 1017 595 1090 exinanitiones
621 1015 730 1090 variis
760 1015 896 1089 morbis
925 1016 1148 1113 quibuscum
1176 1020 1286 1118 prius

205 1128 437 1201 conflictabat
471 1153 509 1201 se
538 1128 812 1225 quodammodo
839 1128 1017 1202 liberasse.
1082 1130 1284 1206 Interdum

204 1240 316 1313 etiarn
334 1249 475 1327 natura,
502 1240 690 1314 interdum
708 1265 803 1326 casu,
829 1240 946 1315 veluti
962 1242 1192 1330 vulneribus,
1218 1255 1283 1319 aut

112 1358 115 1372 “
205 1352 422 1437 ustionibus,
448 1351 570 1426 ulcera
597 1353 637 1426 in
665 1354 773 1426 variis
802 1355 961 1451 corporis
980 1355 1151 1452 partibus
1176 1356 1281 1444 fiunt,

204 1487 290 1560 quae
308 1464 450 1539 morbos
467 1465 649 1563 quosdam
662 1463 751 1539 olim
763 1465 957 1540 familiares
972 1465 1034 1540 vel
1049 1478 1211 1556 arceant,
1228 1468 1283 1543 vel

101 1590 104 1599 '
203 1570 339 1662 levant,
364 1577 424 1650 vel
442 1576 583 1652 tollant.

255 1711 539 1793 Mcccxxxvpn.
557 1691 623 1765 Nil
641 1691 778 1765 mirum
797 1692 912 1790 igitur
936 1690 1112 1780 medicos,
1138 1704 1179 1768 et
1207 1695 1284 1792 qui·

205 1800 293 1874 dem
310 1801 477 1877 homines
494 1803 657 1876 maxime
673 1804 794 1889 rudes,
813 1802 946 1877 talibus
963 1804 1159 1903 exemplis,
1183 1807 1283 1905 quasi

203 1914 251 1985 ab
267 1913 345 2010 ipsa
361 1913 506 1987 Natura
521 1915 679 2002 edoctos,
705 1924 868 1990 tentasse
892 1914 1028 1988 similes
1045 1917 1087 1989 in
1106 1918 1282 1993 similibus

206 2025 343 2098 morbis
371 2026 639 2100 exinanitiones
656 2037 733 2100 arte
751 2026 903 2114 efficere,
928 2051 1011 2101 cum
1030 2027 1198 2127 plurima
1213 2031 1281 2104 ido

206 2160 276 2210 nea
295 2139 557 2214 medicamenta
577 2139 716 2238 ubique
733 2149 981 2238 suppeterent,
1006 2166 1174 2239 quorum
1196 2145 1283 2218 vires

205 2261 246 2324 et
261 2250 451 2327 facultates
468 2276 570 2328 casus
583 2275 678 2351 pene
691 2251 911 2349 quotidiani,
927 2252 1171 2329 etinterdum
1184 2255 1284 2330 valde

207 2361 338 2452 felices,
363 2365 408 2438 iis
425 2365 677 2439 ostendissent.

88 2567 89 2570 Ἴ
258 2498 509 2553 Mcccxxxlx.
540 2476 670 2552 Talem
687 2502 839 2577 quoque
855 2479 894 2551 in
911 2477 1042 2552 multis
1057 2481 1201 2557 morbis
1216 2506 1285 2556 me·

207 2588 320 2664 dendi
353 2591 532 2663 rationem
570 2600 649 2664 arte
685 2591 892 2665 institutam
929 2594 1162 2691 experientia
1195 2618 1284 2694 saepe

206 2703 469 2798 comprobaret,
499 2713 537 2777 et
554 2704 648 2777 ratio
663 2702 822 2802 amplius
838 2703 960 2779 adhuc
976 2704 1154 2795 firmaret,
1179 2704 1285 2781 simul

207 2835 249 2885 ac
276 2811 424 2887 illorum
452 2826 595 2890 naturae
623 2825 662 2889 et
690 2840 807 2889 causae
835 2815 1069 2915 aliquatenus
1093 2818 1287 2918 explorate

206 2932 244 2996 et
261 2925 419 3022 cognitae
435 2937 566 3000 essent.
618 2927 724 3025 Saepe
750 2951 837 3002 vero
862 2928 997 3002 medici
1026 2930 1077 3003 de
1106 2931 1286 3004 variarum

206 3034 504 3111 exinanitionum
520 3039 560 3110 in
577 3039 715 3112 morbis
731 3040 901 3114 sanandis
917 3065 988 3122 usu
1005 3054 1122 3141 atque
1146 3041 1286 3115 effecti·

205 3144 275 3219 bus
304 3136 400 3220 male
429 3151 583 3223 omnino
612 3161 701 3225 sunt
728 3151 955 3239 ratiocinati;
992 3154 1172 3230 nimirum
1200 3177 1288 3229 cum

205 3259 397 3334 crederent
414 3261 576 3353 (ut'olim
594 3264 695 3363 apud
712 3286 840 3338 omnes
869 3263 945 3338 fere
971 3266 1138 3342 medicos
1164 3268 1288 3368 opinio

204 3368 288 3460 fuit,
313 3383 352 3446 et
369 3373 491 3449 adhuc
516 3377 617 3476 apud
635 3375 770 3475 vulgus
786 3388 825 3449 et
842 3400 928 3450 sane
954 3377 1097 3454 multos
1126 3381 1286 3455 medicos

60 3568 67 3574 .
205 3491 275 3581 est)
294 3507 352 3556 eas
369 3508 444 3559 non
461 3486 567 3563 aliter
593 3487 765 3588 prodesse
796 3512 908 3585 quam
938 3488 1105 3563 detracta
1132 3501 1204 3567 aut
1230 3516 1288 3566 ex·

202 3594 309 3692 pulsa
342 3620 363 3669 e
396 3622 545 3697 corpore
573 3599 726 3674 materia
753 3599 875 3698 aliqua
902 3601 1070 3674 morbida
1099 3614 1139 3678 et
1168 3605 1285 3691 noxie,

160 3746 162 3751 ·
203 3705 353 3803 qualem
379 3710 419 3783 in
445 3709 628 3811 plerisque
652 3710 789 3786 morbis
816 3711 952 3802 adesse,
977 3736 1117 3812 eosque
1134 3716 1287 3802 efficere,

202 3819 394 3916 putabant.
828 3918 831 3923 ,

254 3953 429 4005 ncccxu.
452 3934 643 4020 Quasdam
657 3936 936 4025 exinanitiones,
954 3937 1207 4015 vomitionem
1224 3942 1287 4016 im·

200 4041 329 4137 primis
346 4054 385 4116 et
401 4042 474 4116 alvi
492 4050 763 4147 purgationem,
790 4050 981 4123 materiam
1009 4051 1224 4128 morbidam
1249 4062 1284 4126 et

199 4152 362 4240 noxiam,
387 4155 491 4253 siqua
519 4159 559 4232 in
575 4161 795 4235 ventriculo¹
814 4172 853 4237 et
879 4163 1065 4237 intestinis
1082 4164 1196 4254 adsit,
1222 4178 1286 4242 sta·

198 4263 269 4340 tim
297 4266 490 4369 expellere,
513 4280 553 4348 et
568 4271 675 4351 sicin
691 4273 823 4356 multis
851 4276 993 4355 morbis
1020 4279 1178 4378 egregie
1206 4302 1286 4381 pro·
