2678 4794
131 402 204 477 122
530 416 786 475 cossrnorns·
1014 415 1207 477 capsur.

131 606 171 673 et
188 598 312 674 mobili
327 598 429 671 facto.
480 595 585 668 Hinc
600 596 647 668 ad
663 597 777 670 vitam
796 605 834 669 et
850 597 1044 668 sanitatem
1067 620 1209 670 conser-

132 713 279 797 vandas,
308 730 456 782 somnus
472 730 548 780 non
566 708 668 782 utilis
685 709 806 794 modo,
836 709 898 781 sed
915 731 1061 805 prorsus
1086 732 1210 781 neces·

132 827 266 907 sarius3
291 831 330 894 et
355 820 402 893 ad
419 817 556 894 multos
572 820 718 895 morbos
746 819 921 894 sanandos
939 817 997 892 vel
1021 817 1211 903 levandos,

132 932 469 1033 praestantissimum
486 932 703 1006 remedium.

180 1065 287 1118 cccc.
323 1042 504 1116 Defectus
531 1044 651 1117 somni
679 1043 904 1118 multimodis
929 1051 1058 1125 uocet;
1083 1040 1210 1137 impri-

129 1155 197 1228 mis
219 1153 357 1251 goneri
378 1178 542 1231 neruoso.
602 1155 752 1254 Organa
781 1178 952 1229 sensuum
970 1165 1210 1226 extemorum

128 1276 166 1338 et
191 1265 433 1353 internorum,
457 1277 656 1366 motusque
673 1267 874 1365 omnigeni,
898 1267 943 1339 ad
971 1291 1035 1339 sua
1057 1286 1211 1337 munera

126 1376 251 1452 minus
267 1388 352 1476 apta
368 1379 499 1452 reddit.
537 1381 642 1454 Hinc
657 1405 784 1456 sensus
802 1378 859 1452 vel
877 1376 982 1465 nulli,
999 1376 1059 1451 vel
1075 1378 1209 1473 imper·

126 1488 213 1563 secti
230 1498 269 1563 et
285 1489 485 1595 depravati,
514 1492 643 1588 capitis
659 1489 772 1578 dolor,
789 1491 944 1588 vertigo,
969 1487 1210 1573 imbecillitas,

126 1603 313 1676 memoriae
341 1603 518 1690 defectus,
546 1602 664 1676 delirii
691 1603 839 1700 species,
869 1602 948 1700 ipsa
976 1600 1128 1673 demum
1154 1599 1209 1671 in·

126 1714 245 1799 sania;
282 1712 449 1788 debilitas
464 1723 625 1800 artuum,
653 1725 691 1786 et
719 1712 930 1812 imperfecta
946 1723 985 1786 et
1001 1710 1209 1785 inordinata

125 1826 297 1900 vitalium
323 1850 544 1925 organorum
573 1825 678 1911 actio,
705 1823 834 1923 pulsus
857 1825 1079 1922 frequentes,
1103 1821 1210 1910 calor,

125 1937 245 2025 febris,
263 1939 450 2012 concoctio
466 1939 539 2011 cibi
555 1962 677 2036 prava,
707 1960 838 2036 corpus
855 1960 986 2034 parum
1011 1934 1209 2021 nutritum,

124 2050 269 2136 macies,
286 2049 501 2123 secretiones
519 2049 672 2123 demum
697 2059 736 2122 et
752 2048 980 2122 excretioues
996 2056 1125 2134 auctae,
1148 2042 1208 2121 vel

124 2160 321 2259 impeditae,
341 2160 401 2234 vel
417 2161 650 2259 perturbatae.

174 2296 301 2348 ccccr.
329 2272 543 2372 Impeditur
567 2297 727 2361 somnus,
756 2285 840 2347 tum
865 2272 960 2346 sanis
984 2270 1208 2356 hominibus.
1246 2270 1248 2283 '

124 2392 207 2459 tum
226 2384 417 2473 morbosis,
433 2385 543 2459 variis
559 2387 676 2461 causis
687 2385 767 2485 jam
785 2386 990 2483 (cccxcvi)
1013 2383 1208 2458 recensitis.

124 2496 266 2571 Deficit
277 2498 503 2596 praetereain
516 2499 643 2574 multis
657 2499 804 2585 morbis,
818 2521 978 2596 quorum
991 2497 1099 2595 pauci
1109 2505 1209 2583 sunt,

122 2609 280 2705 quinon
297 2619 446 2685 tantum
463 2609 611 2699 doloris,
638 2621 706 2685 aut
721 2611 927 2696 anxietatis,
950 2618 1016 2683 aut
1034 2607 1209 2682 molestioe

123 2719 310 2806 facessant,
336 2732 520 2818 quantum
538 2733 593 2796 sat
620 2722 733 2796 fuen‘t
749 2723 795 2794 ad
820 2744 993 2796 somnum
1010 2720 1207 2795 arcendum

124 2828 184 2902 vel
200 2832 463 2927 rumpendum.
515 2832 652 2905 Febres
676 2833 883 2930 omnigenae
907 2833 983 2907 fere
1007 2831 1104 2906 male
1127 2831 1209 2905 dor·

125 2940 217 3012 mire
233 2940 384 3025 faciunt,
401 2965 487 3015 cum
505 2943 554 3016 ob
567 2941 768 3015 molestiam
781 2943 999 3041 generalem,
1016 2969 1102 3043 quae
1113 2964 1208 3017 nun·

124 3074 237 3148 quam
254 3073 330 3123 non
347 3050 418 3124 hoc
441 3074 560 3149 genus
575 3054 790 3129 morborum
816 3057 1024 3144 comitatur,
1049 3067 1132 3130 tum
1161 3054 1209 3129 ob

123 3162 319 3236 incitatum
349 3164 539 3261 sanguinis
563 3166 759 3264 impeturn,
796 3192 891 3269 saepe
916 3179 1030 3267 caput
1057 3192 1208 3253 versus3

122 3284 204 3349 tum
223 3300 375 3375 quoque
398 3277 448 3351 ob
476 3276 726 3353 ventriculum
751 3280 847 3353 male
871 3305 909 3354 se
935 3280 1143 3366 habentem,
1170 3289 1208 3354 et

126 3386 241 3461 crudo
266 3388 348 3461 cibo
372 3399 580 3487 gravatum,
604 3400 670 3464 aut
708 3401 801 3490 potu
830 3393 1045 3466 distentum.
1114 3392 1209 3465 Haec

124 3523 276 3599 quoque
291 3501 385 3574 ratio
401 3511 457 3574 est
473 3526 540 3575 cur
555 3502 664 3577 multi
691 3503 1004 3604 hypoclondriuci
1027 3514 1066 3577 ot
1088 3503 1209 3602 hyste-

123 3608 195 3685 rici
227 3624 302 3684 tam
328 3611 425 3686 male
462 3615 668 3702 dormiant;
706 3616 841 3691 scilicet
866 3617 933 3716 qui
958 3616 1052 3689 male
1089 3615 1209 3690 solent

121 3745 358 3823 concoquere,
387 3735 425 3800 et
441 3727 691 3803 ventriculum
715 3729 851 3803 habent
867 3728 1007 3816 multis,
1035 3728 1208 3827 quamvis

123 3859 218 3934 saepe
249 3834 403 3924 levibus,
430 3838 535 3914 malis
568 3851 843 3939 opportunum;
880 3866 1039 3939 quorum
1069 3840 1131 3914 vel
1159 3839 1209 3915 le-

121 3947 279 4033 sissima,
304 3950 508 4046 prasertim
538 3954 569 4027 si
597 3977 727 4052 corpus
750 3953 830 4052 jam
859 3955 970 4029 nimis
999 3952 1138 4029 mobile
1167 3963 1207 4027 et

121 4060 297 4134 irritabile
313 4060 436 4148 fuerit,
453 4087 627 4139 somnum
644 4066 821 4141 auferent,

171 4194 315 4249 ccccu.
347 4173 530 4250 Defectus
547 4179 679 4265 somni,
703 4178 782 4277 pari
798 4180 994 4253 rationein
1012 4179 1152 4255 morbis
1167 4204 1209 4255 ac

125 4280 164 4355 in
189 4286 354 4377 sanitate,
379 4287 444 4363 sed
460 4288 578 4389 magis
602 4290 726 4368 adhuc
753 4302 792 4368 et
806 4291 917 4370 eitius
939 4314 1070 4368 nocere
1094 4291 1208 4375 solett
