2678 4794
136 355 223 410 cnr.
241 354 360 411 xmrr.
411 331 937 410 smmc1mcrnnorssrrcrc.
1135 345 1205 413 581

137 533 300 607 tionibus
316 533 445 607 vesieae
460 531 689 630 aliarumque
704 532 865 631 portium
894 555 960 630 per
986 557 1077 633 quas
1103 535 1210 609 urina

136 648 315 733 transiret,
332 644 516 720 calculosis
526 668 621 744 saepe
637 645 922 721 familiaribuset
934 647 1208 735 molestissimis,

135 757 329 858 insigniter
348 759 528 857 prodesse,
553 769 592 831 et
607 758 784 832 morbosis
801 759 996 835 ventriculi
1013 772 1052 836 et
1066 759 1208 835 intesti-

134 892 266 945 norum
283 870 539 946 affectionibus
563 873 711 972 egregie
738 872 922 970 opitulari,
947 882 986 947 et
1005 875 1092 949 vitia
1108 897 1208 973 quae-

133 981 217 1056 dam
235 985 350 1058 totius
367 983 473 1058 molis
489 983 690 1058 humomm
712 986 853 1084 optime
876 988 1065 1086 corrigere,
1090 999 1129 1061 et
1145 1009 1207 1085 ge·

132 1094 246 1168 nerali
262 1096 421 1194 corporis
430 1096 577 1170 sanitati
589 1095 790 1193 plurimum
804 1097 948 1173 favere:
973 1121 1042 1173 nec
1058 1098 1207 1173 defuero

131 1230 238 1307 aquae
254 1207 361 1284 calcis
375 1208 579 1283 laudatores
601 1209 669 1307 qui
685 1211 876 1305 sperabant
891 1210 994 1310 largo
1009 1223 1048 1284 et
1064 1212 1207 1285 diutur-

131 1340 181 1393 no
198 1319 277 1418 ejus
294 1343 375 1408 usu,
400 1329 539 1395 statum
569 1320 768 1422 sanguinis,
792 1333 904 1420 atque
927 1324 1010 1397 ideo
1027 1323 1143 1398 urinae
1157 1342 1207 1396 ex

131 1453 176 1505 eo
192 1444 348 1520 secretae,
372 1456 417 1508 eo
433 1456 552 1535 usque
580 1435 795 1510 traductum
811 1435 867 1523 iri,
892 1445 936 1509 ut
964 1437 1042 1511 haee
1070 1455 1207 1510 novam

131 1542 206 1618 lere
218 1556 386 1619 naturam
397 1545 531 1645 adepta
541 1545 634 1619 nihil
645 1545 802 1645 amplius
812 1546 979 1622 calculosi
992 1549 1206 1632 contineret,

130 1676 252 1754 neque
263 1655 415 1732 solitum
427 1657 675 1732 sedimentum
687 1659 908 1747 demitteret,
926 1661 989 1733 sed
1001 1659 1071 1733 hoo
1083 1660 1206 1758 potius
1256 1700 1260 1706 ·

129 1768 254 1843 denuo
266 1770 433 1857 dilueret,
450 1780 489 1844 et
505 1771 660 1847 calculos
677 1770 939 1869 praeterfluens,
956 1795 1017 1846 eos
1033 1771 1094 1846 vel
1109 1794 1206 1846 com-

129 1880 325 1968 minueret,
351 1892 390 1955 et
406 1882 509 1979 prius
525 1904 669 1980 asperos
694 1895 733 1957 et
760 1884 963 1984 angulares,
987 1884 1131 1959 detritis
1146 1906 1209 1959 an·

128 1989 236 2087 gulis,
262 1990 459 2087 levigaret,
483 1993 543 2063 vel
559 1994 653 2066 nihil
669 1994 798 2070 saltem
825 2019 932 2074 novae
960 1998 1129 2071 materiae‘
1148 1996 1208 2070 iis·

129 2102 213 2176 dem
229 2101 412 2198 adjiceret,
438 2101 555 2174 donec
571 2103 722 2176 tandem
738 2106 872 2179 molliti
889 2121 1000 2205 atque
1016 2108 1145 2196 abluti,
1166 2107 1207 2182 in

129 2213 318 2300 nosulae,
339 2222 377 2285 et
392 2212 545 2311 quidem
563 2234 709 2285 merum
727 2214 908 2301 sabulum,
924 2217 1101 2313 paulatim
1119 2218 1207 2292 dila·

128 2326 313 2402 berentur.
363 2325 418 2398 Et
433 2325 598 2412 demum,
624 2348 700 2422 qno
729 2325 846 2423 major
871 2325 1083 2424 hujusmodi
1099 2329 1207 2402 ratio·

128 2438 304 2513 cinationi
320 2448 414 2511 esset
430 2435 531 2522 fides,
553 2437 724 2535 plurimae
740 2437 891 2536 prolatae
906 2449 994 2514 sunt
1011 2449 1049 2513 et
1065 2439 1206 2514 idoneis

129 2550 349 2626 testimoniis
359 2549 584 2625 confirmatae
595 2550 855 2648 aegrotantium
869 2550 1037 2638 historiae,
1055 2551 1122 2649 qui
1134 2574 1207 2626 usu

129 2675 235 2760 sqrtae
247 2662 362 2750 calcis,
379 2660 575 2737 ventriculi
584 2662 838 2737 affectionibus
855 2663 1042 2751 morbosis,
1059 2672 1098 2737 et
1110 2662 1205 2738 mul·

129 2774 177 2848 tis
193 2774 272 2848 aliis
288 2774 423 2849 morbis
449 2773 603 2861 liberati,
628 2775 762 2848 bonam
788 2783 828 2847 et
850 2774 995 2849 firmam
1024 2775 1205 2850 valetudi-

127 2908 215 2960 nem
231 2884 378 2960 sibimet
393 2897 701 2985 comparaverant,
731 2896 769 2959 et
786 2886 947 2961 multum
965 2889 1107 2981 urinam
1123 2887 1204 2961 red·
1321 2918 1326 2925 ·

126 2997 296 3072 diderant
312 2997 420 3073 solito
436 2998 548 3073 rubro
576 3007 614 3071 et
643 2996 821 3072 calculoso
850 2999 1055 3073 sedimento
1083 3022 1204 3074 caren-

127 3123 216 3200 tem,
240 3120 280 3185 et
295 3135 466 3200 cressum,
488 3111 663 3198 albidum,
680 3119 793 3214 etque
809 3134 999 3185 mucosum
1018 3112 1203 3211 deponen-

127 3235 216 3311 tem,
237 3221 466 3323 eclculosque
482 3224 619 3322 quibus
635 3233 740 3297 extra
754 3247 886 3322 corpus
902 3223 1017 3298 affusa
1033 3235 1111 3299 erat
1126 3246 1203 3296 non

126 3336 239 3412 modo
254 3358 330 3409 non
346 3344 556 3434 augentem,
580 3347 625 3410 ut
648 3336 823 3410 naturalis
839 3336 946 3408 urina
962 3335 1113 3421 fecisset,
1138 3333 1203 3407 sod

126 3449 235 3548 plane
257 3451 593 3534 comminuentem
619 3449 760 3547 quique
788 3447 993 3547 plurimum
1021 3446 1201 3532 sabulum,

126 3571 165 3635 et
181 3561 301 3638 multa
328 3569 367 3635 et
391 3559 491 3637 haud
507 3560 646 3660 exigua
673 3559 893 3636 calculorum
923 3561 1137 3660 fragmenta,
1162 3567 1202 3637 et

124 3673 313 3762 crustulas,
331 3684 369 3748 et
385 3673 541 3748 demum
557 3672 716 3759 nucleos,
732 3694 820 3749 cum
835 3674 941 3748 urina
954 3679 1201 3757 excreverant,

125 3797 164 3862 et
192 3786 344 3861 tandem
369 3785 508 3861 calculo
537 3810 612 3884 quo
640 3785 742 3884 prius
771 3783 1021 3869 laboraverant
1045 3783 1200 3856 caruisse

125 3899 196 3972 visi
212 3908 326 3986 erant,
349 3899 409 3972 vel
426 3898 527 3973 hunc
543 3896 683 3983 saltem,
700 3897 779 3975 sine
794 3919 941 3998 magno,
957 3907 996 3971 et
1012 3893 1200 3970 interdum

125 4010 204 4084 sine
231 4011 308 4085 ullo
337 4010 583 4098 incommodo,
619 4009 850 4108 minimeque
879 4008 1119 4096 crescentem,
1134 4030 1200 4106 per

125 4121 264 4196 multos
279 4146 393 4198 annos
410 4125 449 4197 in
467 4125 585 4197 vesica
601 4133 795 4222 gesserunt
861 4172 864 4177 -
899 4149 902 4155 ’

173 4255 361 4314 moestu.
389 4237 543 4336 Saponis
559 4245 686 4315 mrtem
702 4236 796 4314 vires
812 4243 851 4311 et
866 4234 1048 4310 actionem
1073 4227 1201 4329 exple.
