<?xml version="1.0" encoding="UTF-8"?>
<!DOCTYPE html PUBLIC "-//W3C//DTD XHTML 1.0 Transitional//EN"
    "http://www.w3.org/TR/xhtml1/DTD/xhtml1-transitional.dtd">
<html xmlns="http://www.w3.org/1999/xhtml" xml:lang="en" lang="en">
 <head>
  <title>
</title>
<meta http-equiv="Content-Type" content="text/html;charset=utf-8" />
  <meta name='ocr-system' content='tesseract 3.04.00' />
  <meta name='ocr-capabilities' content='ocr_page ocr_carea ocr_par ocr_line ocrx_word'/>
</head>
<body>
  <div class='ocr_page' id='page_1' title='image "./conspectusmedic01greggoog_0205.png"; bbox 0 0 2678 4794; ppageno 0'>
   <div class='ocr_carea' id='block_1_1' title="bbox 124 380 1169 458">
    <p class='ocr_par' dir='ltr' id='par_1_1' title="bbox 124 380 1169 458">
     <span class='ocr_line' id='line_1_1' title="bbox 124 380 1169 458; baseline 0.001 -8"><span class='ocrx_word' id='word_1_1' title='bbox 124 380 197 451; x_wconf 74' lang='lat'><strong>154</strong></span> <span class='ocrx_word' id='word_1_2' title='bbox 533 396 784 454; x_wconf 76' lang='lat' dir='ltr'><strong>coxsrrcrus</strong></span> <span class='ocrx_word' id='word_1_3' title='bbox 1015 401 1101 458; x_wconf 74' lang='lat' dir='ltr'><strong>car.</strong></span> <span class='ocrx_word' id='word_1_4' title='bbox 1119 400 1169 454; x_wconf 75' lang='lat' dir='ltr'><strong>xa</strong></span> 
     </span>
    </p>
   </div>
   <div class='ocr_carea' id='block_1_2' title="bbox 121 572 1169 2912">
    <p class='ocr_par' dir='ltr' id='par_1_2' title="bbox 124 572 1169 1010">
     <span class='ocr_line' id='line_1_2' title="bbox 126 572 1169 677; baseline -0.001 -29"><span class='ocrx_word' id='word_1_5' title='bbox 126 598 223 673; x_wconf 84' lang='lat' dir='ltr'><strong>saepe</strong></span> <span class='ocrx_word' id='word_1_6' title='bbox 239 597 417 673; x_wconf 78' lang='lat' dir='ltr'><strong>prosperae</strong></span> <span class='ocrx_word' id='word_1_7' title='bbox 433 572 652 648; x_wconf 86' lang='lat' dir='ltr'><strong>valetudinis</strong></span> <span class='ocrx_word' id='word_1_8' title='bbox 678 575 853 662; x_wconf 63' lang='lat' dir='ltr'><strong>effectum</strong></span> <span class='ocrx_word' id='word_1_9' title='bbox 880 603 954 677; x_wconf 92' lang='lat' dir='ltr'><strong>qua</strong></span> <span class='ocrx_word' id='word_1_10' title='bbox 980 576 1122 649; x_wconf 88' lang='lat' dir='ltr'><strong>ratione</strong></span> <span class='ocrx_word' id='word_1_11' title='bbox 1139 600 1169 674; x_wconf 77' lang='grc' dir='ltr'><strong>ο]</strong></span> 
     </span>
     <span class='ocr_line' id='line_1_3' title="bbox 125 685 1169 776; baseline -0.001 -15"><span class='ocrx_word' id='word_1_12' title='bbox 125 688 217 761; x_wconf 89' lang='lat' dir='ltr'><strong>time</strong></span> <span class='ocrx_word' id='word_1_13' title='bbox 232 690 434 776; x_wconf 80' lang='lat' dir='ltr'><strong>adimatur3</strong></span> <span class='ocrx_word' id='word_1_14' title='bbox 463 685 522 759; x_wconf 91' lang='lat' dir='ltr'><strong>vel</strong></span> <span class='ocrx_word' id='word_1_15' title='bbox 539 686 645 759; x_wconf 85' lang='lat' dir='ltr'><strong>novis</strong></span> <span class='ocrx_word' id='word_1_16' title='bbox 672 687 851 763; x_wconf 88' lang='lat' dir='ltr'><strong>institutis</strong></span> <span class='ocrx_word' id='word_1_17' title='bbox 877 688 1169 763; x_wconf 89' lang='lat' dir='ltr'><strong>exinanitionibu</strong></span> 
     </span>
     <span class='ocr_line' id='line_1_4' title="bbox 125 799 1169 897; baseline -0.002 -25"><span class='ocrx_word' id='word_1_18' title='bbox 125 800 185 874; x_wconf 89' lang='lat' dir='ltr'><strong>vel</strong></span> <span class='ocrx_word' id='word_1_19' title='bbox 201 799 361 896; x_wconf 87' lang='lat' dir='ltr'>antiquis</span> <span class='ocrx_word' id='word_1_20' title='bbox 389 807 428 870; x_wconf 92' lang='lat' dir='ltr'><strong>et</strong></span> <span class='ocrx_word' id='word_1_21' title='bbox 456 799 656 897; x_wconf 70' lang='lat' dir='ltr'><strong>suppressis</strong></span> <span class='ocrx_word' id='word_1_22' title='bbox 673 800 861 886; x_wconf 89' lang='lat' dir='ltr'><strong>restitutis,</strong></span> <span class='ocrx_word' id='word_1_23' title='bbox 891 800 949 874; x_wconf 89' lang='lat' dir='ltr'><strong>vel</strong></span> <span class='ocrx_word' id='word_1_24' title='bbox 966 801 1077 872; x_wconf 82' lang='lat' dir='ltr'><strong>diaeta</strong></span> <span class='ocrx_word' id='word_1_25' title='bbox 1094 810 1169 871; x_wconf 80' lang='lat' dir='ltr'><strong>tent</strong></span> 
     </span>
     <span class='ocr_line' id='line_1_5' title="bbox 124 906 1142 1010; baseline -0.001 -26"><span class='ocrx_word' id='word_1_26' title='bbox 124 923 163 985; x_wconf 94' lang='lat' dir='ltr'><strong>et</strong></span> <span class='ocrx_word' id='word_1_27' title='bbox 180 935 294 1007; x_wconf 89' lang='lat' dir='ltr'><strong>parca,</strong></span> <span class='ocrx_word' id='word_1_28' title='bbox 311 906 350 984; x_wconf 83' lang='lat' dir='ltr'><strong>ei</strong></span> <span class='ocrx_word' id='word_1_29' title='bbox 367 909 486 983; x_wconf 84' lang='lat' dir='ltr'><strong>valida</strong></span> <span class='ocrx_word' id='word_1_30' title='bbox 502 922 541 984; x_wconf 92' lang='lat' dir='ltr'><strong>et</strong></span> <span class='ocrx_word' id='word_1_31' title='bbox 556 910 681 984; x_wconf 86' lang='lat' dir='ltr'><strong>crebra</strong></span> <span class='ocrx_word' id='word_1_32' title='bbox 695 914 854 1010; x_wconf 90' lang='lat' dir='ltr'><strong>corporis</strong></span> <span class='ocrx_word' id='word_1_33' title='bbox 871 912 1142 986; x_wconf 83' lang='lat' dir='ltr'>exercitatione.</span> 
     </span>
    </p>

    <p class='ocr_par' dir='ltr' id='par_1_3' title="bbox 121 1023 1169 1456">
     <span class='ocr_line' id='line_1_6' title="bbox 172 1023 1168 1122; baseline -0.003 -26"><span class='ocrx_word' id='word_1_34' title='bbox 172 1043 296 1096; x_wconf 85' lang='lat' dir='ltr'><strong>nxvu.</strong></span> <span class='ocrx_word' id='word_1_35' title='bbox 314 1023 421 1096; x_wconf 87' lang='lat' dir='ltr'><strong>Alias</strong></span> <span class='ocrx_word' id='word_1_36' title='bbox 437 1024 588 1121; x_wconf 86' lang='lat' dir='ltr'><strong>quoque</strong></span> <span class='ocrx_word' id='word_1_37' title='bbox 605 1023 705 1097; x_wconf 89' lang='lat' dir='ltr'><strong>haud</strong></span> <span class='ocrx_word' id='word_1_38' title='bbox 722 1047 853 1122; x_wconf 86' lang='lat' dir='ltr'><strong>paucas</strong></span> <span class='ocrx_word' id='word_1_39' title='bbox 870 1023 1111 1121; x_wconf 82' lang='lat' dir='ltr'><strong>plenitudinis</strong></span> <span class='ocrx_word' id='word_1_40' title='bbox 1124 1045 1168 1119; x_wconf 92' lang='lat' dir='ltr'><strong>sp</strong></span> 
     </span>
     <span class='ocr_line' id='line_1_7' title="bbox 121 1132 1169 1220; baseline 0 -13"><span class='ocrx_word' id='word_1_41' title='bbox 121 1133 203 1219; x_wconf 90' lang='lat' dir='ltr'><strong>cies,</strong></span> <span class='ocrx_word' id='word_1_42' title='bbox 232 1133 279 1206; x_wconf 89' lang='lat' dir='ltr'><strong>ab</strong></span> <span class='ocrx_word' id='word_1_43' title='bbox 296 1133 363 1207; x_wconf 89' lang='lat' dir='ltr'><strong>bac</strong></span> <span class='ocrx_word' id='word_1_44' title='bbox 378 1159 465 1208; x_wconf 89' lang='lat' dir='ltr'><strong>vera</strong></span> <span class='ocrx_word' id='word_1_45' title='bbox 493 1145 532 1209; x_wconf 92' lang='lat' dir='ltr'><strong>et</strong></span> <span class='ocrx_word' id='word_1_46' title='bbox 548 1135 713 1209; x_wconf 82' lang='lat' dir='ltr'><strong>absoluta</strong></span> <span class='ocrx_word' id='word_1_47' title='bbox 730 1136 899 1220; x_wconf 85' lang='lat' dir='ltr'><strong>diversas,</strong></span> <span class='ocrx_word' id='word_1_48' title='bbox 929 1134 1062 1208; x_wconf 86' lang='lat' dir='ltr'><strong>medici</strong></span> <span class='ocrx_word' id='word_1_49' title='bbox 1090 1132 1169 1207; x_wconf 62' lang='lat' dir='ltr'><strong>med</strong></span> 
     </span>
     <span class='ocr_line' id='line_1_8' title="bbox 121 1244 1169 1345; baseline 0 -27"><span class='ocrx_word' id='word_1_50' title='bbox 121 1244 258 1319; x_wconf 91' lang='lat' dir='ltr'><strong>derunt</strong></span> <span class='ocrx_word' id='word_1_51' title='bbox 286 1270 324 1318; x_wconf 91' lang='lat' dir='ltr'><strong>se</strong></span> <span class='ocrx_word' id='word_1_52' title='bbox 353 1247 589 1345; x_wconf 84' lang='lat' dir='ltr'><strong>perspexisse,</strong></span> <span class='ocrx_word' id='word_1_53' title='bbox 618 1247 818 1345; x_wconf 89' lang='lat' dir='ltr'><strong>dequibus</strong></span> <span class='ocrx_word' id='word_1_54' title='bbox 835 1247 1011 1333; x_wconf 91' lang='lat' dir='ltr'><strong>multum,</strong></span> <span class='ocrx_word' id='word_1_55' title='bbox 1034 1268 1169 1344; x_wconf 83' lang='lat' dir='ltr'><strong>quamv</strong></span> 
     </span>
     <span class='ocr_line' id='line_1_9' title="bbox 121 1357 918 1456; baseline 0.003 -25"><span class='ocrx_word' id='word_1_56' title='bbox 121 1381 217 1456; x_wconf 84' lang='lat' dir='ltr'><strong>soepe</strong></span> <span class='ocrx_word' id='word_1_57' title='bbox 234 1357 350 1431; x_wconf 89' lang='lat' dir='ltr'><strong>nimia</strong></span> <span class='ocrx_word' id='word_1_58' title='bbox 366 1358 580 1445; x_wconf 74' lang='lat' dir='ltr'><strong>subtilitate,</strong></span> <span class='ocrx_word' id='word_1_59' title='bbox 598 1359 804 1433; x_wconf 85' lang='lat' dir='ltr'><strong>ratiocinati</strong></span> <span class='ocrx_word' id='word_1_60' title='bbox 821 1371 918 1433; x_wconf 91' lang='lat' dir='ltr'><strong>sunt.</strong></span> 
     </span>
    </p>

    <p class='ocr_par' dir='ltr' id='par_1_4' title="bbox 122 1467 1169 2580">
     <span class='ocr_line' id='line_1_10' title="bbox 170 1467 1169 1570; baseline -0.003 -26"><span class='ocrx_word' id='word_1_61' title='bbox 170 1492 317 1546; x_wconf 78' lang='lat' dir='ltr'><strong>uxum.</strong></span> <span class='ocrx_word' id='word_1_62' title='bbox 348 1470 550 1545; x_wconf 85' lang='lat' dir='ltr'><strong>Plenitudo</strong></span> <span class='ocrx_word' id='word_1_63' title='bbox 565 1471 613 1545; x_wconf 87' lang='lat' dir='ltr'><strong>ad</strong></span> <span class='ocrx_word' id='word_1_64' title='bbox 643 1473 802 1570; x_wconf 85' lang='lat' dir='ltr'><strong>spatium</strong></span> <span class='ocrx_word' id='word_1_65' title='bbox 820 1481 983 1556; x_wconf 88' lang='lat' dir='ltr'><strong>vocatur,</strong></span> <span class='ocrx_word' id='word_1_66' title='bbox 1013 1467 1169 1567; x_wconf 83' lang='lat' dir='ltr'><strong>siquand</strong></span> 
     </span>
     <span class='ocr_line' id='line_1_11' title="bbox 122 1579 1169 1681; baseline -0.005 -25"><span class='ocrx_word' id='word_1_67' title='bbox 122 1582 227 1681; x_wconf 87' lang='lat' dir='ltr'><strong>copia</strong></span> <span class='ocrx_word' id='word_1_68' title='bbox 256 1584 444 1681; x_wconf 87' lang='lat' dir='ltr'><strong>sanguinis</strong></span> <span class='ocrx_word' id='word_1_69' title='bbox 472 1582 627 1681; x_wconf 88' lang='lat' dir='ltr'><strong>ejusque</strong></span> <span class='ocrx_word' id='word_1_70' title='bbox 654 1582 751 1655; x_wconf 93' lang='lat' dir='ltr'><strong>mole</strong></span> <span class='ocrx_word' id='word_1_71' title='bbox 778 1581 869 1655; x_wconf 85' lang='lat' dir='ltr'><strong>nihil</strong></span> <span class='ocrx_word' id='word_1_72' title='bbox 895 1592 1026 1679; x_wconf 83' lang='lat' dir='ltr'><strong>praeter</strong></span> <span class='ocrx_word' id='word_1_73' title='bbox 1055 1579 1169 1655; x_wconf 71' lang='lat' dir='ltr'><strong>solitu}</strong></span> 
     </span>
     <span class='ocr_line' id='line_1_12' title="bbox 122 1694 1169 1794; baseline -0.002 -27"><span class='ocrx_word' id='word_1_74' title='bbox 122 1694 250 1780; x_wconf 89' lang='lat' dir='ltr'><strong>auctis,</strong></span> <span class='ocrx_word' id='word_1_75' title='bbox 284 1720 370 1769; x_wconf 87' lang='lat' dir='ltr'><strong>vasa</strong></span> <span class='ocrx_word' id='word_1_76' title='bbox 402 1720 486 1794; x_wconf 86' lang='lat' dir='ltr'><strong>quae</strong></span> <span class='ocrx_word' id='word_1_77' title='bbox 518 1718 606 1768; x_wconf 89' lang='lat' dir='ltr'><strong>eum</strong></span> <span class='ocrx_word' id='word_1_78' title='bbox 644 1695 847 1781; x_wconf 87' lang='lat' dir='ltr'><strong>continent,</strong></span> <span class='ocrx_word' id='word_1_79' title='bbox 890 1694 1169 1793; x_wconf 88' lang='lat' dir='ltr'><strong>constringuntu</strong></span> 
     </span>
     <span class='ocr_line' id='line_1_13' title="bbox 122 1802 1169 1906; baseline -0.005 -24"><span class='ocrx_word' id='word_1_80' title='bbox 122 1820 361 1894; x_wconf 82' lang='lat' dir='ltr'><strong>coarctantur,</strong></span> <span class='ocrx_word' id='word_1_81' title='bbox 378 1809 431 1882; x_wconf 85' lang='lat' dir='ltr'><strong>ita</strong></span> <span class='ocrx_word' id='word_1_82' title='bbox 447 1819 491 1884; x_wconf 91' lang='lat' dir='ltr'><strong>ut</strong></span> <span class='ocrx_word' id='word_1_83' title='bbox 503 1808 646 1895; x_wconf 84' lang='lat' dir='ltr'><strong>solitam</strong></span> <span class='ocrx_word' id='word_1_84' title='bbox 662 1808 849 1906; x_wconf 83' lang='lat' dir='ltr'><strong>sanguinis</strong></span> <span class='ocrx_word' id='word_1_85' title='bbox 862 1808 1004 1903; x_wconf 86' lang='lat' dir='ltr'><strong>copiam</strong></span> <span class='ocrx_word' id='word_1_86' title='bbox 1018 1815 1057 1878; x_wconf 91' lang='lat' dir='ltr'><strong>et</strong></span> <span class='ocrx_word' id='word_1_87' title='bbox 1072 1802 1169 1878; x_wconf 85' lang='lat' dir='ltr'><strong>roole:</strong></span> 
     </span>
     <span class='ocr_line' id='line_1_14' title="bbox 123 1918 1169 2017; baseline -0.003 -25"><span class='ocrx_word' id='word_1_88' title='bbox 123 1944 229 2017; x_wconf 87' lang='lat' dir='ltr'><strong>aegre,</strong></span> <span class='ocrx_word' id='word_1_89' title='bbox 247 1944 315 1994; x_wconf 91' lang='lat' dir='ltr'><strong>nec</strong></span> <span class='ocrx_word' id='word_1_90' title='bbox 331 1922 410 1995; x_wconf 87' lang='lat' dir='ltr'><strong>sine</strong></span> <span class='ocrx_word' id='word_1_91' title='bbox 435 1919 682 2006; x_wconf 88' lang='lat' dir='ltr'><strong>incommodo,</strong></span> <span class='ocrx_word' id='word_1_92' title='bbox 711 1920 947 1993; x_wconf 85' lang='lat' dir='ltr'><strong>contineant:</strong></span> <span class='ocrx_word' id='word_1_93' title='bbox 981 1918 1097 1992; x_wconf 86' lang='lat' dir='ltr'><strong>veluti</strong></span> <span class='ocrx_word' id='word_1_94' title='bbox 1114 1940 1169 1989; x_wconf 76' lang='lat' dir='ltr'><strong>vsu</strong></span> 
     </span>
     <span class='ocr_line' id='line_1_15' title="bbox 123 2030 1166 2163; baseline 0.001 -60"><span class='ocrx_word' id='word_1_95' title='bbox 123 2033 299 2105; x_wconf 85' lang='lat' dir='ltr'><strong>extremis</strong></span> <span class='ocrx_word' id='word_1_96' title='bbox 324 2043 363 2105; x_wconf 91' lang='lat' dir='ltr'><strong>et</strong></span> <span class='ocrx_word' id='word_1_97' title='bbox 390 2032 545 2106; x_wconf 90' lang='lat' dir='ltr'><strong>minutis</strong></span> <span class='ocrx_word' id='word_1_98' title='bbox 572 2030 733 2106; x_wconf 88' lang='lat' dir='ltr'><strong>multum</strong></span> <span class='ocrx_word' id='word_1_99' title='bbox 764 2032 979 2117; x_wconf 82' lang='lat' dir='ltr'><strong>constrictis,</strong></span> <span class='ocrx_word' id='word_1_100' title='bbox 1008 2032 1166 2163; x_wconf 71' lang='lat' dir='ltr'><strong>ipgruen</strong></span> 
     </span>
     <span class='ocr_line' id='line_1_16' title="bbox 123 2142 1169 2241; baseline -0.002 -26"><span class='ocrx_word' id='word_1_101' title='bbox 123 2142 233 2231; x_wconf 87' lang='lat' dir='ltr'><strong>febre,</strong></span> <span class='ocrx_word' id='word_1_102' title='bbox 260 2154 325 2217; x_wconf 90' lang='lat' dir='ltr'><strong>aut</strong></span> <span class='ocrx_word' id='word_1_103' title='bbox 355 2144 478 2218; x_wconf 91' lang='lat' dir='ltr'><strong>subito</strong></span> <span class='ocrx_word' id='word_1_104' title='bbox 508 2156 653 2230; x_wconf 89' lang='lat' dir='ltr'><strong>terrore,</strong></span> <span class='ocrx_word' id='word_1_105' title='bbox 687 2153 753 2217; x_wconf 92' lang='lat' dir='ltr'><strong>aut</strong></span> <span class='ocrx_word' id='word_1_106' title='bbox 786 2167 923 2241; x_wconf 85' lang='lat' dir='ltr'><strong>magno</strong></span> <span class='ocrx_word' id='word_1_107' title='bbox 955 2142 1113 2240; x_wconf 86' lang='lat' dir='ltr'><strong>frigore:</strong></span> <span class='ocrx_word' id='word_1_108' title='bbox 1147 2164 1169 2213; x_wconf 71' lang='lat' dir='ltr'><strong>r</strong></span> 
     </span>
     <span class='ocr_line' id='line_1_17' title="bbox 125 2255 1169 2355; baseline -0.006 -26"><span class='ocrx_word' id='word_1_109' title='bbox 125 2256 278 2329; x_wconf 91' lang='lat' dir='ltr'><strong>demum</strong></span> <span class='ocrx_word' id='word_1_110' title='bbox 295 2256 390 2331; x_wconf 88' lang='lat' dir='ltr'><strong>vasis</strong></span> <span class='ocrx_word' id='word_1_111' title='bbox 419 2257 517 2355; x_wconf 89' lang='lat' dir='ltr'><strong>ipsis,</strong></span> <span class='ocrx_word' id='word_1_112' title='bbox 547 2256 665 2329; x_wconf 90' lang='lat' dir='ltr'><strong>veluti</strong></span> <span class='ocrx_word' id='word_1_113' title='bbox 692 2256 729 2328; x_wconf 91' lang='lat' dir='ltr'><strong>in</strong></span> <span class='ocrx_word' id='word_1_114' title='bbox 761 2255 918 2340; x_wconf 86' lang='lat' dir='ltr'><strong>senibus,</strong></span> <span class='ocrx_word' id='word_1_115' title='bbox 948 2266 1169 2327; x_wconf 83' lang='lat' dir='ltr'><strong>concrescent</strong></span> 
     </span>
     <span class='ocr_line' id='line_1_18' title="bbox 124 2365 1169 2466; baseline -0.004 -24"><span class='ocrx_word' id='word_1_116' title='bbox 124 2369 205 2454; x_wconf 89' lang='lat' dir='ltr'><strong>bus,</strong></span> <span class='ocrx_word' id='word_1_117' title='bbox 222 2391 427 2465; x_wconf 87' lang='lat' dir='ltr'><strong>eorumque</strong></span> <span class='ocrx_word' id='word_1_118' title='bbox 453 2366 640 2441; x_wconf 88' lang='lat' dir='ltr'><strong>nonnullis</strong></span> <span class='ocrx_word' id='word_1_119' title='bbox 666 2368 854 2466; x_wconf 89' lang='lat' dir='ltr'><strong>imperviis</strong></span> <span class='ocrx_word' id='word_1_120' title='bbox 872 2366 993 2439; x_wconf 83' lang='lat' dir='ltr'><strong>lactis:</strong></span> <span class='ocrx_word' id='word_1_121' title='bbox 1021 2365 1080 2438; x_wconf 86' lang='lat' dir='ltr'><strong>vel</strong></span> <span class='ocrx_word' id='word_1_122' title='bbox 1107 2365 1169 2439; x_wconf 83' lang='lat' dir='ltr'><strong>der</strong></span> 
     </span>
     <span class='ocr_line' id='line_1_19' title="bbox 125 2479 1088 2580; baseline -0.004 -25"><span class='ocrx_word' id='word_1_123' title='bbox 125 2506 210 2580; x_wconf 88' lang='lat' dir='ltr'><strong>que,</strong></span> <span class='ocrx_word' id='word_1_124' title='bbox 228 2481 308 2579; x_wconf 90' lang='lat' dir='ltr'><strong>ipso</strong></span> <span class='ocrx_word' id='word_1_125' title='bbox 324 2504 485 2579; x_wconf 84' lang='lat' dir='ltr'><strong>corpore,</strong></span> <span class='ocrx_word' id='word_1_126' title='bbox 502 2490 696 2580; x_wconf 84' lang='lat' dir='ltr'><strong>amputato</strong></span> <span class='ocrx_word' id='word_1_127' title='bbox 714 2481 888 2566; x_wconf 91' lang='lat' dir='ltr'><strong>membro,</strong></span> <span class='ocrx_word' id='word_1_128' title='bbox 909 2479 1088 2552; x_wconf 85' lang='lat' dir='ltr'><strong>mutilato.</strong></span> 
     </span>
    </p>

    <p class='ocr_par' dir='ltr' id='par_1_5' title="bbox 125 2589 1169 2912">
     <span class='ocr_line' id='line_1_20' title="bbox 175 2589 1169 2691; baseline -0.004 -24"><span class='ocrx_word' id='word_1_129' title='bbox 175 2617 293 2668; x_wconf 83' lang='lat' dir='ltr'><strong>uxrx.</strong></span> <span class='ocrx_word' id='word_1_130' title='bbox 336 2591 540 2666; x_wconf 89' lang='lat' dir='ltr'><strong>Plenitudo</strong></span> <span class='ocrx_word' id='word_1_131' title='bbox 571 2592 651 2678; x_wconf 88' lang='lat' dir='ltr'><strong>alia,</strong></span> <span class='ocrx_word' id='word_1_132' title='bbox 686 2593 819 2691; x_wconf 89' lang='lat' dir='ltr'><strong>spuria,</strong></span> <span class='ocrx_word' id='word_1_133' title='bbox 848 2591 895 2663; x_wconf 91' lang='lat' dir='ltr'><strong>ad</strong></span> <span class='ocrx_word' id='word_1_134' title='bbox 929 2590 1065 2663; x_wconf 88' lang='lat' dir='ltr'><strong>molem</strong></span> <span class='ocrx_word' id='word_1_135' title='bbox 1099 2589 1169 2687; x_wconf 74' lang='lat' dir='ltr'><strong>dict</strong></span> 
     </span>
     <span class='ocr_line' id='line_1_21' title="bbox 125 2702 1169 2802; baseline -0.007 -23"><span class='ocrx_word' id='word_1_136' title='bbox 125 2706 287 2779; x_wconf 85' lang='lat' dir='ltr'><strong>accidere</strong></span> <span class='ocrx_word' id='word_1_137' title='bbox 316 2704 461 2790; x_wconf 88' lang='lat' dir='ltr'><strong>dicitur,</strong></span> <span class='ocrx_word' id='word_1_138' title='bbox 492 2705 607 2778; x_wconf 88' lang='lat' dir='ltr'><strong>sicubi</strong></span> <span class='ocrx_word' id='word_1_139' title='bbox 635 2705 782 2802; x_wconf 88' lang='lat' dir='ltr'><strong>sanguis</strong></span> <span class='ocrx_word' id='word_1_140' title='bbox 799 2705 887 2800; x_wconf 90' lang='lat' dir='ltr'><strong>ipse,</strong></span> <span class='ocrx_word' id='word_1_141' title='bbox 936 2702 1118 2776; x_wconf 87' lang='lat' dir='ltr'><strong>uantitate</strong></span> <span class='ocrx_word' id='word_1_142' title='bbox 1133 2724 1169 2775; x_wconf 82' lang='lat' dir='ltr'><strong>nr</strong></span> 
     </span>
     <span class='ocr_line' id='line_1_22' title="bbox 127 2727 1169 2912; baseline 0 -24"><span class='ocrx_word' id='word_1_143' title='bbox 127 2827 268 2901; x_wconf 85' lang='lat' dir='ltr'><strong>auctus,</strong></span> <span class='ocrx_word' id='word_1_144' title='bbox 286 2815 521 2912; x_wconf 85' lang='lat' dir='ltr'><strong>expanditur,</strong></span> <span class='ocrx_word' id='word_1_145' title='bbox 539 2814 635 2888; x_wconf 90' lang='lat' dir='ltr'><strong>mole</strong></span> <span class='ocrx_word' id='word_1_146' title='bbox 651 2826 820 2912; x_wconf 89' lang='lat' dir='ltr'><strong>augetur,</strong></span> <span class='ocrx_word' id='word_1_147' title='bbox 843 2727 1003 2912; x_wconf 39' lang='lat' dir='ltr'><strong>vasssque</strong></span> <span class='ocrx_word' id='word_1_148' title='bbox 1020 2815 1169 2888; x_wconf 88' lang='lat' dir='ltr'><strong>contine</strong></span> 
     </span>
    </p>
   </div>
   <div class='ocr_carea' id='block_1_3' title="bbox 126 2926 1169 3586">
    <p class='ocr_par' dir='ltr' id='par_1_6' title="bbox 126 2926 1169 3586">
     <span class='ocr_line' id='line_1_23' title="bbox 126 2926 1169 3026; baseline 0.002 -28"><span class='ocrx_word' id='word_1_149' title='bbox 126 2927 179 2998; x_wconf 88' lang='lat' dir='ltr'><strong>tia</strong></span> <span class='ocrx_word' id='word_1_150' title='bbox 205 2949 279 2997; x_wconf 88' lang='lat' dir='ltr'><strong>non</strong></span> <span class='ocrx_word' id='word_1_151' title='bbox 310 2950 411 2998; x_wconf 87' lang='lat' dir='ltr'><strong>secus</strong></span> <span class='ocrx_word' id='word_1_152' title='bbox 440 2949 583 2997; x_wconf 83' lang='lat' dir='ltr'><strong>aevera</strong></span> <span class='ocrx_word' id='word_1_153' title='bbox 608 2926 803 3023; x_wconf 90' lang='lat' dir='ltr'><strong>plenitudo</strong></span> <span class='ocrx_word' id='word_1_154' title='bbox 832 2927 1018 3001; x_wconf 85' lang='lat' dir='ltr'><strong>distendit.</strong></span> <span class='ocrx_word' id='word_1_155' title='bbox 1072 2928 1169 3026; x_wconf 80' lang='lat' dir='ltr'><strong>lnge</strong></span> 
     </span>
     <span class='ocr_line' id='line_1_24' title="bbox 127 3035 1169 3127; baseline 0.003 -17"><span class='ocrx_word' id='word_1_156' title='bbox 127 3035 232 3121; x_wconf 88' lang='lat' dir='ltr'><strong>calor,</strong></span> <span class='ocrx_word' id='word_1_157' title='bbox 251 3035 309 3109; x_wconf 86' lang='lat' dir='ltr'><strong>vel</strong></span> <span class='ocrx_word' id='word_1_158' title='bbox 327 3049 512 3121; x_wconf 89' lang='lat' dir='ltr'><strong>extemus‚</strong></span> <span class='ocrx_word' id='word_1_159' title='bbox 529 3035 589 3110; x_wconf 81' lang='lat' dir='ltr'><strong>vel</strong></span> <span class='ocrx_word' id='word_1_160' title='bbox 605 3061 627 3109; x_wconf 87' lang='lat' dir='ltr'><strong>a</strong></span> <span class='ocrx_word' id='word_1_161' title='bbox 644 3035 753 3125; x_wconf 85' lang='lat' dir='ltr'><strong>febre,</strong></span> <span class='ocrx_word' id='word_1_162' title='bbox 771 3052 836 3111; x_wconf 88' lang='lat' dir='ltr'><strong>ant</strong></span> <span class='ocrx_word' id='word_1_163' title='bbox 854 3040 1128 3127; x_wconf 83' lang='lat' dir='ltr'><strong>exercitatione,</strong></span> <span class='ocrx_word' id='word_1_164' title='bbox 1143 3064 1169 3113; x_wconf 71' lang='lat' dir='ltr'><strong>a⁴</strong></span> 
     </span>
     <span class='ocr_line' id='line_1_25' title="bbox 128 3147 1169 3246; baseline 0.001 -23"><span class='ocrx_word' id='word_1_165' title='bbox 128 3147 414 3234; x_wconf 83' lang='lat' dir='ltr'><strong>stimulantibus,</strong></span> <span class='ocrx_word' id='word_1_166' title='bbox 433 3147 502 3220; x_wconf 92' lang='lat' dir='ltr'><strong>boc</strong></span> <span class='ocrx_word' id='word_1_167' title='bbox 519 3148 605 3220; x_wconf 84' lang='lat' dir='ltr'><strong>mali</strong></span> <span class='ocrx_word' id='word_1_168' title='bbox 622 3171 740 3246; x_wconf 91' lang='lat' dir='ltr'><strong>genus</strong></span> <span class='ocrx_word' id='word_1_169' title='bbox 757 3150 947 3224; x_wconf 90' lang='lat' dir='ltr'><strong>induxisse</strong></span> <span class='ocrx_word' id='word_1_170' title='bbox 976 3152 1103 3238; x_wconf 84' lang='lat' dir='ltr'><strong>fertur,</strong></span> <span class='ocrx_word' id='word_1_171' title='bbox 1130 3174 1169 3224; x_wconf 89' lang='lat' dir='ltr'><strong>sa</strong></span> 
     </span>
     <span class='ocr_line' id='line_1_26' title="bbox 126 3260 1169 3361; baseline 0.002 -26"><span class='ocrx_word' id='word_1_172' title='bbox 126 3262 242 3361; x_wconf 90' lang='lat' dir='ltr'><strong>guine</strong></span> <span class='ocrx_word' id='word_1_173' title='bbox 269 3260 448 3335; x_wconf 86' lang='lat' dir='ltr'><strong>nimirum</strong></span> <span class='ocrx_word' id='word_1_174' title='bbox 476 3284 543 3358; x_wconf 91' lang='lat' dir='ltr'><strong>pro</strong></span> <span class='ocrx_word' id='word_1_175' title='bbox 559 3269 636 3332; x_wconf 85' lang='lat' dir='ltr'><strong>rata</strong></span> <span class='ocrx_word' id='word_1_176' title='bbox 652 3272 755 3359; x_wconf 89' lang='lat' dir='ltr'><strong>parte</strong></span> <span class='ocrx_word' id='word_1_177' title='bbox 780 3262 863 3357; x_wconf 93' lang='lat' dir='ltr'><strong>plus</strong></span> <span class='ocrx_word' id='word_1_178' title='bbox 880 3264 1063 3348; x_wconf 84' lang='lat' dir='ltr'><strong>rarefactu,</strong></span> <span class='ocrx_word' id='word_1_179' title='bbox 1094 3287 1169 3360; x_wconf 84' lang='lat' dir='ltr'><strong>qua</strong></span> 
     </span>
     <span class='ocr_line' id='line_1_27' title="bbox 127 3373 1169 3472; baseline 0.001 -25"><span class='ocrx_word' id='word_1_180' title='bbox 127 3399 213 3447; x_wconf 88' lang='lat' dir='ltr'><strong>vasa</strong></span> <span class='ocrx_word' id='word_1_181' title='bbox 240 3373 399 3448; x_wconf 86' lang='lat' dir='ltr'><strong>relaxata</strong></span> <span class='ocrx_word' id='word_1_182' title='bbox 425 3384 554 3447; x_wconf 89' lang='lat' dir='ltr'><strong>essent.</strong></span> <span class='ocrx_word' id='word_1_183' title='bbox 618 3374 721 3460; x_wconf 86' lang='lat' dir='ltr'><strong>Quin</strong></span> <span class='ocrx_word' id='word_1_184' title='bbox 753 3386 791 3448; x_wconf 91' lang='lat' dir='ltr'><strong>et</strong></span> <span class='ocrx_word' id='word_1_185' title='bbox 818 3374 974 3461; x_wconf 86' lang='lat' dir='ltr'><strong>insolita,</strong></span> <span class='ocrx_word' id='word_1_186' title='bbox 1007 3375 1169 3472; x_wconf 85' lang='lat' dir='ltr'><strong>praeserti</strong></span> 
     </span>
     <span class='ocr_line' id='line_1_28' title="bbox 128 3486 1169 3586; baseline -0.003 -27"><span class='ocrx_word' id='word_1_187' title='bbox 128 3486 260 3572; x_wconf 81' lang='lat' dir='ltr'><strong>subita,</strong></span> <span class='ocrx_word' id='word_1_188' title='bbox 293 3488 383 3560; x_wconf 65' lang='lat' dir='ltr'><strong>acris</strong></span> <span class='ocrx_word' id='word_1_189' title='bbox 417 3487 555 3571; x_wconf 87' lang='lat' dir='ltr'><strong>levitas,</strong></span> <span class='ocrx_word' id='word_1_190' title='bbox 589 3486 707 3585; x_wconf 84' lang='lat' dir='ltr'><strong>qualis</strong></span> <span class='ocrx_word' id='word_1_191' title='bbox 741 3512 762 3559; x_wconf 92' lang='lat' dir='ltr'><strong>a</strong></span> <span class='ocrx_word' id='word_1_192' title='bbox 807 3512 937 3585; x_wconf 87' lang='lat' dir='ltr'><strong>magna</strong></span> <span class='ocrx_word' id='word_1_193' title='bbox 979 3497 1169 3586; x_wconf 79' lang='lat' dir='ltr'><strong>tempestat</strong></span> 
     </span>
    </p>
   </div>
   <div class='ocr_carea' id='block_1_4' title="bbox 124 3598 1169 4262">
    <p class='ocr_par' dir='ltr' id='par_1_7' title="bbox 127 3598 1169 4146">
     <span class='ocr_line' id='line_1_29' title="bbox 127 3598 1169 3697; baseline 0.001 -25"><span class='ocrx_word' id='word_1_194' title='bbox 127 3599 336 3672; x_wconf 88' lang='lat' dir='ltr'><strong>mutatione</strong></span> <span class='ocrx_word' id='word_1_195' title='bbox 351 3598 493 3686; x_wconf 87' lang='lat' dir='ltr'><strong>accidit,</strong></span> <span class='ocrx_word' id='word_1_196' title='bbox 520 3599 579 3672; x_wconf 90' lang='lat' dir='ltr'><strong>vel</strong></span> <span class='ocrx_word' id='word_1_197' title='bbox 597 3599 808 3673; x_wconf 90' lang='lat' dir='ltr'><strong>bominibus</strong></span> <span class='ocrx_word' id='word_1_198' title='bbox 826 3600 1009 3697; x_wconf 89' lang='lat' dir='ltr'><strong>contingit</strong></span> <span class='ocrx_word' id='word_1_199' title='bbox 1034 3600 1101 3696; x_wconf 91' lang='lat' dir='ltr'><strong>qui</strong></span> <span class='ocrx_word' id='word_1_200' title='bbox 1118 3598 1169 3690; x_wconf 81' lang='lat' dir='ltr'><strong>alt</strong></span> 
     </span>
     <span class='ocr_line' id='line_1_30' title="bbox 128 3711 1169 3811; baseline 0.004 -29"><span class='ocrx_word' id='word_1_201' title='bbox 128 3721 272 3783; x_wconf 90' lang='lat' dir='ltr'><strong>montes</strong></span> <span class='ocrx_word' id='word_1_202' title='bbox 305 3711 519 3799; x_wconf 85' lang='lat' dir='ltr'><strong>ascendunt,</strong></span> <span class='ocrx_word' id='word_1_203' title='bbox 555 3713 776 3811; x_wconf 87' lang='lat' dir='ltr'><strong>sanguinem</strong></span> <span class='ocrx_word' id='word_1_204' title='bbox 811 3712 1014 3798; x_wconf 87' lang='lat' dir='ltr'><strong>rarefacere,</strong></span> <span class='ocrx_word' id='word_1_205' title='bbox 1048 3736 1169 3811; x_wconf 85' lang='lat' dir='ltr'><strong>expan</strong></span> 
     </span>
     <span class='ocr_line' id='line_1_31' title="bbox 127 3822 1169 3923; baseline -0.003 -29"><span class='ocrx_word' id='word_1_206' title='bbox 127 3846 239 3921; x_wconf 93' lang='lat' dir='ltr'><strong>quem</strong></span> <span class='ocrx_word' id='word_1_207' title='bbox 269 3822 380 3896; x_wconf 88' lang='lat' dir='ltr'><strong>habet</strong></span> <span class='ocrx_word' id='word_1_208' title='bbox 405 3831 496 3908; x_wconf 68' lang='lat' dir='ltr'><strong>acre,</strong></span> <span class='ocrx_word' id='word_1_209' title='bbox 523 3825 621 3899; x_wconf 88' lang='lat' dir='ltr'><strong>dicta</strong></span> <span class='ocrx_word' id='word_1_210' title='bbox 650 3836 714 3899; x_wconf 88' lang='lat' dir='ltr'><strong>est.</strong></span> <span class='ocrx_word' id='word_1_211' title='bbox 777 3825 920 3898; x_wconf 87' lang='lat' dir='ltr'><strong>Annon</strong></span> <span class='ocrx_word' id='word_1_212' title='bbox 939 3823 1141 3923; x_wconf 87' lang='lat' dir='ltr'><strong>aliquando</strong></span> <span class='ocrx_word' id='word_1_213' title='bbox 1163 3852 1169 3891; x_wconf 70' lang='lat' dir='ltr'><strong>r</strong></span> 
     </span>
     <span class='ocr_line' id='line_1_32' title="bbox 127 3934 1169 4012; baseline 0.001 -4"><span class='ocrx_word' id='word_1_214' title='bbox 127 3935 184 4008; x_wconf 86' lang='lat' dir='ltr'><strong>his</strong></span> <span class='ocrx_word' id='word_1_215' title='bbox 201 3935 308 4007; x_wconf 89' lang='lat' dir='ltr'><strong>rebus</strong></span> <span class='ocrx_word' id='word_1_216' title='bbox 322 3934 489 4008; x_wconf 89' lang='lat' dir='ltr'><strong>nonnihil</strong></span> <span class='ocrx_word' id='word_1_217' title='bbox 501 3935 713 4010; x_wconf 86' lang='lat' dir='ltr'><strong>hallucinati</strong></span> <span class='ocrx_word' id='word_1_218' title='bbox 730 3949 817 4010; x_wconf 92' lang='lat' dir='ltr'><strong>sunt</strong></span> <span class='ocrx_word' id='word_1_219' title='bbox 830 3934 1169 4012; x_wconf 60' lang='lat' dir='ltr'><strong>Intro-mollierunt&amp;</strong></span> 
     </span>
     <span class='ocr_line' id='line_1_33' title="bbox 127 4046 1165 4146; baseline 0.002 -26"><span class='ocrx_word' id='word_1_220' title='bbox 127 4046 264 4121; x_wconf 89' lang='lat' dir='ltr'><strong>molem</strong></span> <span class='ocrx_word' id='word_1_221' title='bbox 284 4047 472 4145; x_wconf 90' lang='lat' dir='ltr'><strong>sanguinis</strong></span> <span class='ocrx_word' id='word_1_222' title='bbox 489 4049 677 4121; x_wconf 87' lang='lat' dir='ltr'><strong>credentes</strong></span> <span class='ocrx_word' id='word_1_223' title='bbox 693 4049 830 4146; x_wconf 85' lang='lat' dir='ltr'><strong>augeri,</strong></span> <span class='ocrx_word' id='word_1_224' title='bbox 848 4074 965 4146; x_wconf 90' lang='lat' dir='ltr'><strong>quum</strong></span> <span class='ocrx_word' id='word_1_225' title='bbox 983 4047 1165 4146; x_wconf 86' lang='lat' dir='ltr'><strong>auctusej</strong></span> 
     </span>
    </p>

    <p class='ocr_par' dir='ltr' id='par_1_8' title="bbox 124 4161 1169 4262">
     <span class='ocr_line' id='line_1_34' title="bbox 124 4161 1169 4262; baseline 0.001 -29"><span class='ocrx_word' id='word_1_226' title='bbox 124 4161 289 4259; x_wconf 85' lang='lat' dir='ltr'><strong>impetus</strong></span> <span class='ocrx_word' id='word_1_227' title='bbox 303 4161 490 4252; x_wconf 77' lang='lat' dir='ltr'><strong>(ccccm,</strong></span> <span class='ocrx_word' id='word_1_228' title='bbox 508 4183 722 4247; x_wconf 75' lang='lat' dir='ltr'><strong>ceccaum,</strong></span> <span class='ocrx_word' id='word_1_229' title='bbox 741 4171 969 4261; x_wconf 77' lang='lat' dir='ltr'><strong>ccccuxvu)</strong></span> <span class='ocrx_word' id='word_1_230' title='bbox 987 4175 1169 4262; x_wconf 68' lang='lat' dir='ltr'><strong>propter(</strong></span> 
     </span>
    </p>
   </div>
   <div class='ocr_carea' id='block_1_5' title="bbox 0 0 1351 4794">
    <p class='ocr_par' dir='ltr' id='par_1_9' title="bbox 0 0 1351 4794">
     <span class='ocr_line' id='line_1_35' title="bbox 0 0 1351 4794; baseline 0 0"><span class='ocrx_word' id='word_1_231' title='bbox 0 0 1351 4794; x_wconf 95' lang='lat' dir='ltr'><strong> </strong></span> 
     </span>
    </p>
   </div>
  </div>
 </body>
</html>
