2678 4794
144 356 192 434 62
545 368 796 429 consuamus
1057 370 1214 435 cunm.

142 552 217 629 fere
233 552 401 638 insulsus,
416 551 557 625 bomini
573 549 747 623 esurienti
763 547 990 647 gratissimus
1006 558 1072 633 est,
1099 546 1213 622 saturi

142 692 231 742 vero
257 664 443 739 fastidium
477 670 636 737 crearet
683 661 809 746 Porro,
834 660 931 731 inter
959 659 1214 733 mandendum

142 778 251 851 saliva
266 776 444 874 copiosior
458 773 589 861 affluit,
614 797 691 871 quo
707 772 905 846 accuratior
921 769 1051 842 evadat
1067 782 1213 866 gustus,

142 902 179 962 et
196 887 266 960 cibi
282 911 387 985 sapor
401 888 546 986 gratior.
597 884 704 958 Fluit
719 884 831 958 etiam
848 881 958 956 saliva
974 880 1149 954 esurienti
1166 880 1214 955 ad

142 1011 389 1097 conspectum,
413 999 601 1074 ueletiam
625 998 672 1071 ad
700 995 897 1094 imaginem
915 1003 981 1067 aut
996 991 1213 1066 recordatio·

140 1134 226 1184 nem
243 1112 337 1208 grati
354 1111 436 1199 cibi,
452 1136 565 1210 quem
583 1108 733 1208 appetit.

186 1245 294 1297 cc1x.
320 1224 465 1298 Gustus
481 1247 560 1296 raro
576 1221 687 1295 nimis
711 1229 840 1293 acutus
855 1217 1079 1308 observatur,
1103 1223 1174 1296 nisi
1190 1243 1214 1296 a

57 1324 60 1329 ⁴
137 1333 230 1408 vitio
245 1335 425 1423 cuticulae,
452 1360 536 1434 quae
551 1333 716 1432 linguam
734 1332 838 1430 tegit.
887 1331 993 1416 Hoc,
1022 1332 1053 1404 si
1069 1332 1213 1408 sublata

135 1444 257 1532 luerit,
283 1456 350 1521 aut
366 1445 566 1532 vulnerata,
589 1456 655 1519 aut
684 1443 875 1530 ulceribus,
900 1441 1059 1540 aphidas,
1084 1445 1211 1519 simili·

137 1557 280 1656 busque
306 1557 420 1645 malis,
445 1558 596 1643 obsessa,
621 1565 705 1630 tum
730 1564 843 1652 gustu
870 1553 979 1626 nimis
1006 1556 1078 1628 acri
1101 1555 1210 1644 facto,

136 1694 278 1768 sapores
294 1694 369 1743 non
395 1672 472 1743 sine
497 1668 622 1742 dolore
638 1667 910 1765 percipiuntur;
936 1667 996 1738 vel
1011 1667 1211 1765 aliquando

136 1805 241 1880 sapor
257 1781 381 1887 nullus
397 1781 649 1878 distinguitur,
674 1778 771 1853 solus
788 1777 891 1852 dolor
907 1779 1072 1853 sentitur.

185 1917 271 1968 ccx.
298 1893 448 1979 Deficit,
472 1915 547 1965 non
565 1915 667 1965 secus
691 1913 733 1962 ac
757 1898 886 1975 tactus,
910 1891 1055 1963 avariis
1072 1891 1209 1966 cerebri

134 2003 248 2100 ipsius
273 2026 545 2102 nervorumque
561 2004 673 2076 vitiis.
724 2001 955 2099 Hujusmodi
972 2027 1060 2076 vero
1083 2028 1207 2079 exem·

133 2114 193 2212 pla
210 2140 287 2189 rara
303 2126 400 2190 sunt.
442 2115 641 2190 Nonnullis
653 2113 865 2188 hominibus
881 2113 1083 2188 admodum
1100 2116 1209 2190 obtu-

133 2251 195 2313 sus
211 2227 329 2301 datur.
377 2228 433 2301 Hi
445 2251 595 2326 quoque
612 2251 742 2325 parum
759 2225 913 2300 olfactus
930 2226 1061 2299 habere
1076 2225 1204 2331 solent

132 2337 275 2413 Deficit
307 2340 503 2438 saepissime
539 2349 689 2438 propter
721 2337 907 2413 delectum
933 2337 1075 2412 salivae:
1118 2364 1205 2414 nam

132 2450 224 2524 sicca
239 2449 368 2551 lingua
382 2462 529 2550 gustare
545 2451 686 2550 nequit.
738 2451 842 2525 Hinc
869 2452 908 2524 in
925 2450 1052 2525 multis
1069 2452 1206 2526 morbis

130 2561 285 2638 obtusus
307 2574 372 2650 est,
396 2564 557 2639 febribus
583 2566 774 2664 imprimis
799 2562 1007 2662 gravedine,
1031 2565 1094 2637 &c
1120 2574 1204 2639 tum

5 2744 8 2750 .
130 2673 179 2744 ob
196 2675 328 2759 salivae,
344 2684 426 2746 tum
440 2698 591 2772 quoque
606 2674 656 2747 ob
670 2675 855 2771 appetitus
863 2671 1064 2758 defectum,
1080 2676 1203 2770 quiin

130 2805 218 2853 sano
235 2783 383 2856 homine
398 2784 491 2855 adeo
500 2785 611 2880 juvat
626 2811 636 2869 ;
663 2783 723 2855 vel
739 2791 888 2880 propter
903 2782 1067 2880 linguam
1085 2785 1204 2883 ipsam

129 2899 256 2964 tenace
272 2902 311 2964 et
326 2894 427 2966 foedo
442 2917 553 2966 muco
568 2893 777 2966 obductam.

178 3024 284 3076 ccx1.
311 3003 548 3100 Depravatur
564 3027 660 3100 saepe
675 3012 817 3100 gustus.
869 3003 1033 3093 Scilicet,¹
1040 3006 1099 3080 vel
1116 3034 1201 3108 gos·

128 3122 250 3187 tamus
275 3113 366 3186 nihil
383 3114 536 3187 omnino
553 3113 691 3213 linguae
706 3116 878 3205 admoto;
915 3117 985 3206 vel,
1011 3120 1039 3192 si
1057 3123 1149 3218 quid
1167 3123 1201 3195 ei

127 3224 320 3300 admotum
339 3225 459 3313 fuerit,
486 3251 650 3325 saporem
667 3228 888 3327 percipimus
904 3255 1024 3329 avero
1040 3244 1078 3304 et
1095 3232 1206 3306 solito

127 3337 300 3412 alienum.
343 3338 430 3413 Hoc
446 3339 490 3413 fit
505 3338 725 3438 plerumque
742 3341 867 3416 avitio
884 3341 1005 3416 salivae
1022 3366 1107 3440 quae
1123 3346 1202 3443 ipsa

125 3460 305 3546 gustatur.
357 3452 445 3524 Hoc
461 3452 573 3525 modo
589 3475 695 3549 sapor
710 3452 837 3539 dulcis,
858 3453 979 3541 salsus,
997 3479 1086 3541 acer,
1104 3481 1200 3529 ama-

125 3585 198 3646 rus,
223 3561 405 3659 putridus,
433 3563 613 3649 rancidus,
638 3564 775 3663 percipi
793 3575 923 3663 potest,
948 3579 1058 3664 prout
1075 3549 1199 3655 salival,

124 3672 184 3746 vel
201 3698 222 3745 a
239 3683 337 3747 statu
365 3675 542 3771 generalis
572 3700 698 3749 massae
724 3674 934 3761 humorum,
960 3676 1019 3748 vel
1047 3702 1198 3776 organo

123 3809 208 3858 rum
237 3809 321 3882 quae
346 3787 461 3884 ipsam
481 3799 684 3874 secernunt,
708 3785 768 3859 vel
792 3788 863 3859 oris
888 3788 1011 3885 ipsius,
1036 3789 1095 3862 vel
1113 3815 1198 3863 ven·

122 3896 255 3983 triculi,
282 3898 381 3971 unde
398 3923 511 3996 vapor
539 3913 577 3973 et
593 3910 729 3982 ructus,
754 3900 953 3994 praesertim
981 3900 1011 3972 si
1040 3900 1136 3974 male
1161 3924 1201 3974 se

122 4009 243 4095 babet,
268 4011 314 4082 ad
332 4035 371 4083 os
389 4022 558 4109 surgunt,
582 4021 752 4106 corrupta
769 3997 906 4082 fuerit}

172 4144 296 4197 ccxn.
322 4123 476 4208 Verum,
501 4133 632 4221 praeter
656 4121 777 4193 salivae
794 4121 894 4205 vitia,
919 4121 964 4195 ab
986 4121 1065 4196 aliis
1081 4124 1198 4197 causis

122 4245 253 4333 gustus
270 4234 433 4321 uitiatur,
458 4234 576 4309 veluti
605 4231 824 4333 papillarum
852 4256 1086 4310 nervosamm
1113 4259 1198 4310 con·
