2678 4794
14 300 44 357 t.

185 294 258 362 208
601 303 851 363 eoxsrncrus
1088 307 1172 365 cae.
1191 310 1257 363 x-x.

182 485 243 559 hae
271 507 423 582 quoque
453 483 550 556 iuter
581 503 717 580 organa
742 480 965 554 secementia
992 484 1169 558 recenseri
1198 485 1257 557 de-

183 597 306 682 beant,
332 618 454 677 necne.

231 732 389 784 ncxcrx.
408 706 548 805 Magna
559 706 662 805 copia
676 704 863 804 sanguinis
875 704 923 778 ad
939 705 1131 803 plerasque
1142 707 1259 806 glun-

181 819 292 896 dulus
309 819 481 903 mittitur,
508 819 537 891 si
555 843 640 893 cum
660 816 756 892 mole
773 817 887 915 ipsius
903 818 1031 916 organi
1047 830 1260 917 comparata

180 924 304 1008 fueri't.
353 930 513 1004 Arteriae
546 955 697 1029 quoque
725 953 947 1028 organorum
977 933 1259 1018 secernentiurn,

179 1055 218 1119 et
234 1067 327 1117 vena
339 1050 549 1141 portarurn,
575 1067 660 1142 quoe
685 1041 760 1115 fere
775 1066 843 1139 pro
858 1041 988 1114 arteria
1005 1042 1173 1115 habenda
1190 1052 1258 1131 est,

177 1154 298 1229 multo
327 1153 519 1228 validiores
549 1166 637 1230 sunt
667 1178 780 1253 quarn
810 1152 889 1227 aliae
918 1154 1075 1251 corporis
1105 1156 1256 1229 arteriae.

182 1267 296 1340 Venae
312 1279 436 1340 autem
455 1293 540 1365 quae
556 1268 612 1341 bis
628 1266 860 1366 respondent,
881 1275 920 1339 et
936 1267 1153 1365 sanguinem
1172 1276 1257 1365 post

175 1376 308 1452 factam
327 1380 564 1455 secretionem
589 1380 637 1455 ad
653 1405 714 1455 cor
730 1380 923 1467 reducunt,
948 1390 1081 1477 praeter
1106 1379 1255 1455 solitum

113 1520 116 1527 ¹
175 1490 317 1588 amplae,
335 1502 475 1579 tenues,
492 1492 595 1580 laxae,
612 1502 651 1566 et
667 1491 805 1565 debiles
821 1490 1070 1566 observantur.

224 1604 314 1678 nc'c.
340 1602 525 1678 Nonnulli
543 1603 674 1677 medici
691 1612 872 1700 putarunt
900 1602 1113 1699 hujusmodi
1131 1604 1253 1702 pleris-

173 1740 250 1814 que
261 1713 461 1814 glandulis
477 1714 649 1789 fabricam
663 1715 740 1789 dari
757 1715 827 1788 hoc
842 1715 1075 1814 potissimum
1093 1716 1253 1803 consilio,

173 1837 219 1902 ut
236 1829 385 1927 sanguis
402 1851 515 1925 quam
533 1826 715 1925 plurimus
732 1850 856 1901 earurn
877 1827 1012 1902 actioni
1030 1827 1252 1924 subjiciatur,

174 1963 251 2037 quo
268 1939 446 2037 copiosior
462 1939 627 2013 humoris
644 1940 794 2012 secretio
811 1937 897 2024 fiat3
925 1950 968 2014 ut
984 1940 1133 2027 arteriae,
1159 1940 1252 2015 inso

173 2049 241 2124 lita
256 2052 294 2124 vi
324 2050 487 2148 praeditae
512 2074 556 2124 eo
581 2048 713 2124 melius
730 2050 877 2125 valeant
903 2051 948 2124 ad
979 2061 1097 2150 partes
1123 2063 1252 2128 tenues

172 2186 300 2236 massae
317 2163 505 2260 sanguinis
530 2161 798 2260 exprimendas,
824 2164 901 2239 sive
930 2188 1067 2239 crassus
1094 2164 1173 2238 sive
1201 2176 1251 2240 te·

172 2276 257 2349 uuis
281 2274 394 2349 fuerit
418 2275 496 2374 ipse
526 2274 659 2348 humor
683 2285 864 2360 secretus3
890 2286 927 2349 et
944 2276 1109 2362 demum,
1135 2290 1181 2351 ut
1196 2277 1251 2351 vis

171 2412 286 2486 quarn
305 2388 465 2462 maxima
481 2389 620 2462 arteriae
637 2388 694 2475 sit,
721 2398 759 2462 et
776 2389 925 2461 renixus
943 2412 1055 2485 quarn
1073 2389 1251 2463 minimus

171 2523 287 2587 venae,
313 2525 389 2598 quo
418 2500 556 2575 facilior
582 2499 745 2574 humoris
771 2499 1021 2585 secretioria,
1047 2509 1085 2572 et
1102 2501 1249 2599 expedi·

170 2612 243 2687 tior
260 2613 392 2710 reliqui
410 2614 598 2712 sanguinis
614 2613 653 2684 in
666 2634 777 2684 venas
790 2611 940 2685 reditus.
984 2611 1058 2684 His
1075 2623 1202 2686 autem
1213 2622 1251 2686 et

170 2723 385 2819 hujusmodi
402 2725 626 2798 commentis
643 2746 774 2821 parum
791 2725 942 2797 omnino
960 2722 1151 2796 fidendum
1168 2736 1234 2799 est.

219 2856 325 2908 nem.
353 2836 399 2907 ln
423 2835 645 2932 quibusdam
671 2836 771 2907 enim
797 2837 941 2932 organis
967 2837 1249 2924 secernentibus,

170 2944 288 3019 veluti
318 2947 355 3018 in
380 2946 504 3041 jecore
533 2959 572 3020 et
596 2947 760 3032 testibus,
790 2956 914 3020 rnotus
939 2948 1126 3047 sanguinis
1144 2947 1250 3021 valde

169 3056 296 3129 tardus
325 3068 404 3129 est:
442 3058 479 3129 in
506 3056 580 3142 illo,
605 3058 795 3142 nimirum,
821 3083 842 3130 a
867 3061 1046 3156 sanguine
1071 3084 1249 3134 venarum

169 3169 320 3242 secretio
336 3167 381 3242 fit
396 3197 405 3253 3
430 3169 469 3240 in
488 3169 544 3241 his
561 3182 697 3254 autem,
721 3181 850 3244 tenues
867 3173 1016 3259 arteriae,
1042 3171 1153 3270 longe
1170 3198 1250 3247 cur-

167 3292 300 3369 rentes,
318 3280 455 3356 multos
474 3305 592 3354 ramos
604 3281 744 3370 dantes,
761 3283 923 3381 ipsaeque
937 3285 1105 3357 nonnihil
1123 3285 1248 3360 dilata·

168 3403 273 3466 treet
299 3419 394 3492 saepe
410 3393 573 3468 multum
593 3394 810 3483 convolutoe,
836 3396 1055 3494 languidum
1083 3396 1249 3471 humoris

167 3503 309 3578 flumen
326 3508 373 3578 ad
390 3516 500 3580 testes
526 3504 708 3580 deferunt.
758 3509 893 3606 Neque
910 3508 1080 3581 credibile
1098 3519 1154 3582 est
1179 3510 1248 3584 hoc

167 3617 244 3693 sine
261 3618 411 3692 consilio
427 3617 516 3706 fieri,
530 3620 731 3718 praesertim
744 3645 864 3719 quum
877 3619 1005 3693 similis
1018 3622 1057 3694 in
1075 3623 1247 3697 omnibus

165 3729 240 3812 fere
257 3732 475 3805 animalibus
492 3732 625 3806 fabrica
641 3733 864 3807 observetur.

215 3865 337 3917 neon.
366 3843 470 3930 Quin
500 3856 538 3919 et
568 3846 783 3920 secretiones
810 3845 1009 3933 nonnulla,
1035 3856 1072 3922 et
1089 3849 1247 3946 copiosae

166 3955 338 4054 profectu,
365 3957 442 4029 sine
463 3955 664 4056 glan-dalis
683 3957 950 4056 perficiuntur;
987 3958 1099 4032 nullae
1115 3959 1245 4033 saltenr

165 4069 311 4168 quaeiis
328 4069 536 4144 inserviunt
548 4067 746 4167 glunrluloe
771 4069 947 4144 hactenus
964 4083 1051 4145 sunt
1068 4071 1246 4155 detectae;

154 4179 300 4290 balitus
318 4182 493 4256 nimirum
520 4181 706 4279 pulmonis
723 4190 761 4255 et
777 4183 883 4271 eutis,
910 4183 1032 4275 sudor,
1057 4183 1181 4282 adeps,
1207 4190 1245 4256 et
