2678 4794
141 337 227 407 cnr.
245 336 328 391 xm.
414 333 634 389 numerum
653 334 941 391 rnuonarrca.
1142 314 1215 388 563

138 513 293 601 ducunt,
319 512 377 587 vel
400 535 486 587 cum
503 514 547 587 iis
563 514 865 613 conjunguntur;
891 511 1008 587 veluti
1025 508 1213 609 sanguinis

136 627 357 722 quibusdam
387 626 589 724 profluviis
626 637 664 700 et
694 627 843 724 phthisi,
870 637 909 699 et
937 623 1149 723 apopleoet'a,
1175 630 1214 694 et

136 738 302 836 paralysi,
326 740 402 811 sive
418 738 590 835 generali,
607 740 684 812 siue
701 741 813 838 partis
830 740 992 836 cujusvis
1009 735 1214 835 singularis,

70 890 72 897 >
136 861 176 923 et
192 851 319 924 morbo
336 850 522 937 comitiali,
547 861 586 924 et
602 852 726 925 dolore
742 853 881 949 capitis,
908 863 946 925 et
962 850 1155 947 vertigine,
1176 858 1215 918 et

134 961 369 1060 lippitudine,
407 975 446 1036 et
473 964 645 1052 caecitate,
680 975 719 1037 et
749 964 914 1062 hydrope
941 964 1031 1038 varii
1061 957 1215 1059 generis,

134 1077 337 1173 praesertim
367 1075 505 1172 capitis,
544 1074 602 1147 vel
630 1079 794 1172 pectoris,
824 1076 884 1150 vel
914 1074 1084 1160 testiculi,
1110 1082 1148 1143 et
1174 1069 1215 1142 in
1329 1129 1335 1139 .

134 1186 342 1283 multiplice
371 1189 531 1284 spirandi
561 1187 788 1275 difficultate,
813 1189 915 1262 etin
940 1187 1150 1287 gravedine,
1175 1188 1215 1254 et
1296 1275 1298 1280 ,

136 1299 227 1370 tussi
253 1299 483 1386 vehemente,
510 1301 758 1372 exscreatione
786 1299 936 1387 difficili,
975 1310 1013 1372 et
1038 1300 1078 1371 in
1106 1292 1215 1370 variis

135 1410 411 1497 irritationibus,
435 1410 496 1484 vel
524 1401 682 1509 apustius
711 1408 870 1496 fortasse,
895 1412 1077 1484 viscerum
1103 1405 1214 1481 abdo·

135 1522 257 1608 minis,
281 1521 466 1597 doloribus
483 1523 614 1610 colicis,
632 1521 811 1621 singultu,
828 1520 985 1607 vomitu,
1004 1526 1066 1594 &a
1084 1531 1123 1593 et
1139 1542 1215 1616 prae
1284 1580 1285 1584 ,

137 1634 320 1721 omnibus,
358 1636 396 1708 in
428 1636 536 1709 variis
565 1634 928 1721 inflammationibus
954 1657 1110 1731 quarum
1140 1630 1216 1702 fere

135 1745 308 1820 omnibus
334 1747 554 1823 vesicatoria
580 1747 744 1845 partibus
760 1745 901 1819 affectis
917 1770 1028 1844 quam
1047 1742 1218 1843 proxime

135 1856 308 1956 imposita
324 1859 519 1957 insigniter
536 1859 789 1956 opitulantur:
816 1859 918 1955 quod
941 1858 1104 1955 profecto
1121 1856 1218 1927 inter

136 1970 334 2040 certissima
352 1980 390 2041 et
406 1969 600 2042 utilissima
616 1970 727 2066 hujus
745 1970 857 2043 seculi
874 1980 1018 2067 reperta
1043 1991 1119 2040 non
1148 1966 1217 2038 im·-

23 2178 27 2186 .
137 2081 270 2151 merita
294 2081 468 2152 recenseri
495 2089 637 2176 potest;
664 2084 833 2177 quamvis
859 2083 957 2154 enim
976 2079 1144 2180 quaedam
1162 2076 1216 2149 're-

55 2241 58 2244 >
138 2191 261 2263 media
289 2189 512 2289 episposticu
538 2191 583 2262 ab
600 2192 861 2287 antiquissimis
890 2193 965 2263 fere
989 2190 1218 2288 temporibus

138 2303 286 2399 cognita
296 2303 444 2387 fuerint,
461 2312 501 2376 et
517 2326 538 2374 a
556 2300 741 2374 nonnullis
759 2301 920 2387 medicis,
938 2303 977 2374 in
994 2300 1219 2398 quibusdam

132 2413 502 2500 inflammationibus,
516 2413 634 2487 veluti
643 2411 764 2487 lateris
777 2414 912 2499 dolore,
929 2413 1094 2486 adhibita
1105 2422 1219 2509 atque

138 2524 296 2612 laudata,
314 2527 379 2599 diu
397 2538 595 2623 antequam
612 2525 807 2623 emplastra
820 2550 867 2598 ex
880 2524 992 2601 mebi
1002 2522 1220 2599 vesicutorio

139 2638 178 2709 in
199 2663 268 2711 usu
286 2647 416 2724 essent,
441 2647 480 2711 et
505 2638 583 2711 hoec
600 2662 761 2735 quoque,
789 2663 855 2736 per
872 2638 1050 2711 ducentos
1066 2638 1141 2709 fere
1157 2659 1220 2708 an·

139 2772 217 2836 nos,
241 2775 262 2822 a
278 2749 406 2823 multis
424 2749 584 2837 medicis,
608 2750 647 2821 in
666 2751 773 2823 variis
791 2751 937 2835 morbis,
963 2760 1001 2822 et
1018 2749 1218 2848 praesertim

138 2862 178 2934 in
210 2861 381 2948 febribus,
407 2862 619 2959 frequenter
647 2875 686 2934 et
713 2861 826 2935 libere
855 2861 1010 2936 fuissent
1035 2862 1218 2960 imposita,

138 2982 263 3047 tamen
281 2975 438 3073 egregiae
464 2973 612 3047 illorum
640 2975 745 3059 vires,
772 2984 810 3048 et
826 2975 999 3049 adversus
1015 2972 1219 3047 inflamma·

138 3086 256 3159 tiones
270 3087 419 3172 utilitas,
437 3097 474 3159 et
492 3086 623 3160 idonea
639 3087 917 3174 administratio,
934 3111 1053 3184 nuper
1070 3095 1218 3160 tantum
1272 3141 1278 3150 «

140 3209 228 3268 sunt
245 3198 487 3294 deprebensae.
540 3200 585 3272 ln
603 3198 739 3271 leviore
758 3198 1060 3284 inflammatione,
1086 3200 1151 3271 ubi
1168 3197 1219 3270 fe-

140 3306 214 3380 bris
231 3320 296 3381 aut
314 3309 423 3392 nulla,
445 3320 511 3382 aut
527 3310 711 3384 lenissima
728 3310 866 3398 saltem,
884 3311 996 3396 adest,
1014 3334 1124 3408 super
1139 3333 1220 3408 par·

141 3437 219 3491 tem
248 3417 516 3492 inflammatam
534 3422 716 3518 imposita,
741 3423 844 3495 nullo
873 3407 1027 3496 omnino
1056 3421 1220 3497 detracto

143 3531 334 3628 sanguine,
352 3555 446 3628 saepe
457 3530 503 3602 ad
513 3532 684 3604 morbum
696 3534 995 3608 submovendum
1009 3535 1219 3620 sufficiunt;

142 3653 180 3715 et
197 3644 237 3714 in
253 3643 477 3740 gravissimis
503 3640 626 3728 etiam,
653 3645 716 3717 ubi
746 3646 944 3721 vehemens
972 3646 1082 3721 simul
1111 3647 1221 3720 febris

142 3769 262 3853 urget,
289 3755 468 3852 sanguine
490 3753 569 3849 jam
601 3754 723 3841 semel,
753 3769 866 3853 atque
895 3760 1030 3834 iterum
1054 3759 1221 3845 sortasse,

143 3869 262 3953 misso,
288 3865 482 3941 utilissima
500 3866 744 3964 reperiuntur,
769 3880 808 3941 et
827 3893 978 3968 magnas
995 3881 1032 3943 et
1050 3870 1222 3965 repetitas

143 3979 330 4074 sanguinis
357 3980 610 4065 detractiones,
644 3977 807 4077 alioquin
836 3981 946 4055 solam
975 4004 1078 4079 spem
1108 3991 1221 4079 atque

142 4090 366 4188 perfugium,
384 4093 508 4164 minus
522 4091 735 4164 necessarias
752 4093 924 4182 reddunt,
941 4104 980 4165 et
996 4091 1115 4187 majus
1131 4118 1222 4190 prae·

142 4212 240 4277 terea
258 4202 426 4306 levamen
445 4229 541 4305 saepe
554 4203 716 4278 afferunt
727 4229 839 4303 quarn
851 4206 1022 4282 maxima
1034 4204 1222 4304 sanguinis

624 4338 653 4392 rr
671 4327 737 4393 nt
