2678 4794
125 361 211 420 CAP.
228 358 367 417 xxxlx.
417 356 638 415 MEDIOENAE
656 358 944 417 THEORETICAE.
1134 343 1205 424 539

124 537 241 612 fluida
255 537 371 611 forma
382 535 421 607 in
432 544 580 609 uterum
597 536 720 633 ipsum
738 535 942 610 infundere.
993 532 1094 608 Talis
1111 555 1199 606 vero

124 652 306 727 medicina
320 650 509 725 communi
535 649 620 723 usui
645 648 801 722 minime
830 646 1108 722 accommodata
1136 652 1205 730 est,

128 766 269 863 quippe
285 785 396 860 quam
409 761 573 835 honestae
584 761 757 847 foeminae,
773 759 824 834 ob
835 763 991 858 speciem
1004 755 1205 855 turpitudi-

129 877 198 962 nis,
214 875 280 950 vix
295 874 545 947 admitterent.
597 874 790 961 Praeterea,
806 873 959 948 effectus
976 870 1056 969 ejus
1073 891 1204 968 parum

130 987 220 1060 certi
236 997 334 1071 sunt,
351 986 521 1081 viresque
538 983 645 1057 valde
660 986 856 1086 ancipitem
883 996 1009 1059 uterus
1026 983 1124 1056 enim
1142 1005 1204 1069 na-

130 1107 214 1172 tura
246 1094 535 1183 delicatissimus,
568 1096 690 1195 adque
721 1099 1019 1183 obstructionem,
1042 1105 1092 1195 et
1120 1117 1206 1167 sane

129 1208 327 1296 schirrum,
352 1207 554 1282 admodum
570 1208 752 1307 proclivis,
777 1233 852 1282 non
876 1222 1015 1284 temere
1043 1217 1098 1281 est
1128 1205 1205 1316 ini·-

130 1320 276 1393 tandus.

180 1452 323 1504 nourr.
349 1430 441 1504 Huc
457 1440 581 1506 tamen
598 1431 720 1507 referri
737 1430 849 1505 debet
872 1431 973 1506 aliud
998 1429 1206 1504 remedium

131 1541 216 1614 satis
234 1538 356 1616 tutum
376 1552 414 1615 et
431 1543 605 1631 naturale,
626 1555 664 1618 et
681 1569 777 1644 saepe
793 1544 1084 1618 efficacissimum
1099 1571 1108 1626 ;
1127 1542 1207 1639 jus·

132 1664 194 1727 tus
210 1653 346 1729 scilicet
367 1655 518 1728 Veneris
535 1655 667 1732 cultus.
718 1657 915 1744 Quantum
934 1655 1058 1728 hocin
1075 1652 1209 1727 mensi·

130 1764 200 1838 bus
233 1765 427 1840 evocandis
455 1767 576 1841 valeat
608 1769 823 1855 remedium,
863 1767 1032 1866 plurime
1065 1763 1209 1864 puellae,

128 1876 246 1950 donec
273 1878 434 1977 virgines
458 1890 574 1966 erant,
611 1878 767 1977 pallidae,
805 1903 942 1966 macrae,
979 1876 1209 1963 malesanae,

130 1986 235 2062 felice
260 1988 443 2085 conjugio,
472 1990 613 2078 nitidae,
636 2005 790 2090 vegetae,
815 2017 937 2079 mseae,
964 1990 1066 2064 brevi
1095 1987 1210 2074 factae,

130 2121 206 2172 non
223 2098 397 2195 ambigue
413 2108 605 2174 testantur.

183 2231 343 2283 nnnvn.
370 2207 497 2283 Multa
521 2234 671 2307 quoque
695 2214 856 2286 remedia
885 2211 1209 2311 abrupissemus,

132 2345 207 2394 non
246 2319 357 2393 modo
396 2319 624 2394 stimulantis
667 2328 941 2421 (ncnxxxnr),
983 2334 1048 2396 aut
1081 2324 1211 2396 foetida

133 2437 537 2528 (ninxuv11)‚quorurn
564 2434 659 2507 vires
684 2437 861 2534 ancipites
888 2444 986 2520 sunt,
1012 2433 1076 2506 sed
1105 2433 1213 2531 plane

132 2543 306 2629 sedantia,
323 2543 528 2639 etquidem
546 2546 748 2633 narcotica,
766 2546 884 2621 veluti
901 2547 1040 2644 opium,
1067 2542 1212 2619 conium

133 2653 369 2741 maculatum,
396 2655 628 2752 hyosciamus
645 2660 760 2757 niger,
786 2659 831 2732 ad
849 2657 1054 2733 evocandos
1071 2678 1213 2729 menses

133 2791 229 2864 saepe
246 2766 331 2839 data
348 2775 445 2854 sunt,
471 2777 510 2841 et
535 2768 634 2843 haud
664 2794 744 2842 raro
773 2770 967 2868 insigniter
983 2768 1212 2866 profuerunt.

131 2879 270 2953 Parum
284 2902 369 2952 sane
382 2891 524 2953 constat
537 2880 584 2953 de
597 2880 844 2979 singularibus
857 2882 996 2955 viribus
1014 2905 1105 2978 quas
1121 2903 1213 2951 non·

132 2991 242 3064 nullis
271 2990 375 3066 conio
403 2991 587 3067 maculato
603 3002 643 3067 et
659 2992 871 3090 hyosciamo
896 2994 1004 3092 nigro
1030 2994 1214 3090 imputare

131 3103 289 3201 placuit;
317 3103 380 3176 sed
393 3126 468 3176 non
479 3105 729 3181 dubitandum
742 3117 799 3181 est
812 3106 889 3181 haec
902 3106 1103 3192 interdum,
1115 3105 1212 3178 simi-

132 3214 216 3289 liter
228 3238 269 3288 ac
282 3215 422 3312 opium,
433 3218 501 3289 etsi
516 3218 581 3291 vix
594 3219 723 3317 magis,
736 3243 813 3292 esse
825 3218 1026 3316 profutura.
1070 3217 1214 3314 Opium

133 3350 233 3412 vern,
257 3329 295 3398 in
322 3327 450 3399 multis
475 3330 627 3418 casibus,
655 3355 794 3405 menses
811 3331 1058 3404 efficacissime
1075 3336 1213 3413 movet,

133 3449 171 3513 et
189 3463 284 3535 saepe
300 3439 473 3511 omnibus
490 3439 568 3513 abis
587 3443 861 3517 medicamentis
873 3442 1213 3541 planeanteponen-

133 3549 225 3622 dum
239 3560 294 3622 est
308 3578 317 3634 ;
341 3549 518 3623 nimirum
531 3575 617 3626 cum
632 3554 736 3627 solita
750 3566 890 3628 naturae
904 3554 1092 3627 molimina
1104 3550 1212 3636 fiunt,

132 3671 169 3735 et
187 3663 335 3760 sanguis
352 3685 425 3733 non
446 3658 735 3738 modo'velocius
752 3664 860 3738 solito
876 3675 1057 3751 movetur,
1084 3664 1146 3737 sed
1165 3661 1212 3734 ad

133 3785 282 3846 uterum
301 3772 411 3846 simul
428 3776 608 3871 copiosius
633 3777 833 3862 derivatur,
858 3778 1037 3873 quamvis
1063 3784 1212 3873 propter

132 3888 419 3959 contractionem
438 3888 546 3960 nimis
565 3888 735 3971 validam,
756 3911 818 3959 seu
837 3912 1024 3987 spasmum
1040 3909 1212 3958 vasorum

133 4007 171 4072 et
188 3997 408 4072 foraminum
429 4000 535 4086 uteri,
560 4002 662 4073 exire
691 4011 873 4096 nequeat:
901 4013 938 4074 et
956 4000 1036 4073 talis
1053 3997 1212 4093 corporis

133 4109 297 4181 conditio
316 4110 412 4182 haud
430 4113 612 4209 ambiguis
630 4112 850 4210 plerumque
861 4114 974 4211 signis
986 4109 1066 4182 sciri
1080 4118 1212 4207 potest,

134 4220 245 4321 pulsu
265 4221 445 4325 imprimis
473 4224 668 4324 frequente
696 4234 735 4301 et
761 4225 894 4315 valido,
918 4232 1101 4322 auctoque
1117 4218 1212 4295 cutis
