2678 4794
135 454 225 515 car.
242 454 362 515 xxm.
434 454 656 515 nnmerum
675 457 963 516 rnaonamom.
1144 449 1218 524 873

129 633 460 734 (mxcr11),potius
485 636 704 713 evitandum
728 636 890 727 videtur,
914 660 1126 738 nomenque
1158 637 1216 714 his

127 746 301 823 remediis
325 748 594 848 imponendum
620 772 669 825 ex
690 747 826 826 effectu
843 774 972 826 eorum
988 749 1160 853 generali,
1177 759 1217 826 et

126 867 238 948 nerto,
256 867 296 933 et
312 860 518 937 manifesto.
568 861 751 950 Quamvis
763 861 865 939 enim
881 863 1069 964 pleraque,
1085 872 1125 939 et
1134 863 1216 964 qui·

124 970 213 1047 dem
238 970 500 1060 efficacissima,
524 973 774 1070 remediorum
797 974 1215 1064 infirmantiumtalem

125 1081 304 1160 effectum
329 1084 438 1183 plane
462 1085 632 1173 habeant,
662 1097 788 1162 tamen
823 1087 904 1176 alia,
939 1112 1061 1192 neque
1098 1113 1216 1189 pauca

125 1218 264 1285 eorum,
289 1196 379 1286 aliis,
404 1207 443 1273 et
475 1221 562 1275 sane
589 1197 701 1298 longe
716 1198 868 1275 diversis
893 1200 1013 1276 modis
1038 1199 1215 1278 effectum

128 1331 239 1386 suum
255 1321 427 1411 praestare
444 1310 630 1386 videntur.

177 1443 334 1498 mcum.
350 1422 500 1498 Nimius
512 1431 639 1497 autem
649 1431 688 1499 et
698 1423 890 1502 morbidus
899 1425 1017 1525 vigor,
1033 1424 1095 1501 vel
1109 1449 1215 1525 mag·

127 1533 186 1625 nir
210 1534 383 1610 musculis
408 1534 607 1611 voluntarii
632 1544 766 1624 motus,
800 1535 862 1612 vel
887 1538 1040 1613 minutis
1065 1547 1214 1614 tantum

125 1645 228 1723 fibris
251 1649 415 1747 partium
441 1672 525 1746 quae
548 1647 750 1725 voluntatis
774 1649 974 1749 imperium
991 1673 1068 1727 non
1083 1674 1214 1750 agnos-

126 1771 229 1848 cunt,
247 1761 411 1835 accidere
428 1770 560 1860 potest.
786 1788 788 1792 ·

175 1894 353 1949 mcxmn.
381 1874 496 1962 Quod
524 1872 605 1948 illos
628 1874 775 1963 attinet,
799 1874 936 1950 nimius
952 1898 1081 1951 eorum
1097 1874 1214 1974 vigor,

126 1986 298 2092 quamvis
312 2011 438 2061 revera
453 1987 656 2075 morbosus,
685 2011 818 2085 parum
835 1996 956 2076 nocet,
980 2011 1103 2087 neque
1128 2009 1214 2061 sane

126 2105 193 2172 aut
208 2097 361 2197 periculi
376 2108 444 2175 aut
460 2099 687 2175 incommodi
705 2099 870 2175 multum
886 2101 927 2175 in
944 2125 983 2177 se
1004 2101 1126 2191 babet,
1150 2122 1215 2174 ne·

125 2210 294 2307 quesere
310 2212 480 2286 remediis
497 2222 603 2310 eget3
628 2211 936 2310 medicorumque
963 2213 1080 2310 igitur
1095 2221 1214 2295 atten-

126 2321 268 2397 tionem
294 2336 333 2399 et
367 2347 494 2398 euram
532 2332 679 2399 tantum
718 2322 788 2398 sibi
817 2322 992 2413 vindicat,
1030 2334 1213 2423 quantum

125 2431 239 2523 aliud,
256 2443 296 2511 et
311 2437 472 2535 gravius,
489 2444 528 2510 et
545 2436 670 2511 minus
686 2434 918 2514 intellectum
935 2435 1070 2510 vitium
1086 2458 1214 2534 genus

127 2568 324 2623 mosum
359 2547 534 2623 infestans
571 2547 686 2647 probe
721 2556 996 2634 oommonstret,
1030 2545 1149 2621 veluti
1173 2547 1213 2628 in

127 2655 345 2756 phrenitide,
370 2672 436 2736 aut
452 2661 602 2747 insania,
627 2683 788 2761 quorum
805 2659 1019 2737 morborum
1047 2658 1212 2757 aliquan-

128 2769 180 2845 do
194 2769 276 2870 pais
293 2782 331 2848 et
347 2774 539 2861 indicium,
557 2772 622 2847 sed
638 2771 793 2848 minime
809 2794 927 2862 nausa,
944 2770 1081 2847 existit.

176 2904 353 2960 mcmv.
379 2886 494 2975 Quod
511 2885 622 2963 nimis
639 2883 799 2960 validam
816 2907 907 2958 vero
922 2883 1213 2961 eontractionem

127 2996 262 3072 attinet
286 2996 462 3074 fibrarum
487 2997 776 3074 musculosarum
814 2995 924 3071 inviti
949 3004 1087 3084 motus,
1120 3005 1213 3096 puta

126 3109 245 3183 oordis
261 3118 300 3183 et
316 3112 541 3200 arteriarum,
566 3122 605 3187 et
620 3109 850 3208 frequentius
866 3107 988 3185 multo
1004 3117 1043 3185 et
1064 3107 1212 3208 majoris

126 3222 309 3295 momenti
324 3223 461 3298 vitium
479 3234 557 3309 est3
584 3222 720 3299 seilicet
748 3246 834 3321 quae
856 3243 931 3295 nou
948 3219 1062 3295 modo
1079 3217 1213 3297 multo·

127 3357 210 3407 rum
239 3334 453 3410 morborum
479 3346 625 3434 parret
652 3335 844 3420 indicium,
883 3331 948 3407 sed
981 3329 1213 3430 quorundam

127 3446 237 3520 etiam
255 3471 363 3522 eausa
378 3448 518 3536 existit,
549 3447 703 3544 ipsaque
718 3472 796 3533 suo,
812 3456 851 3521 et
867 3443 1021 3544 quidem
1036 3442 1141 3544 gravi
1158 3442 1214 3515 in-

127 3559 325 3634 oommodo
349 3570 388 3634 et
413 3558 577 3659 periculo
602 3582 677 3633 non
703 3568 810 3645 earet,
836 3565 875 3631 et
899 3555 1069 3633 remediis
1097 3555 1215 3657 igitur

127 3670 260 3746 rabidis
277 3681 316 3746 et
333 3672 540 3748 efficacibus
557 3695 652 3768 saepe
668 3680 764 3768 eget.

177 3805 331 3860 mcxnv.
351 3785 540 3874 Quoniam
557 3793 683 3861 nutem
701 3803 870 3860 exoessus
885 3780 1023 3882 vigoris
1038 3780 1117 3858 sive
1129 3801 1212 3853 oon·

129 3898 260 3971 tractio
276 3898 388 3972 nimis
404 3896 605 3971 vehemens
634 3896 674 3968 in
691 3902 851 3992 utroque
878 3916 1013 3995 genere
1029 3888 1213 3968 musculo-

124 4028 213 4083 rum
230 4034 252 4082 a
269 4011 378 4084 variis
395 4011 512 4085 causis
529 4008 615 4083 oriri
631 4014 765 4107 potest,
792 4004 912 4081 veluti
928 4033 950 4081 a
977 4003 1093 4080 nimia
1107 4002 1214 4081 fibra·

130 4141 213 4194 rum
233 4123 410 4209 tensione,
428 4120 578 4195 forsitan
596 4122 707 4195 etiam
725 4128 764 4192 et
779 4119 895 4193 nimia
910 4117 1095 4203 firmitate,
1109 4120 1215 4189 nuta

132 4233 285 4307 stimulo
303 4234 410 4309 solito
426 4234 613 4321 validiore,
643 4241 709 4310 aut
725 4231 831 4308 novis
858 4227 1016 4306 stimulis
1032 4237 1071 4303 et
1098 4223 1215 4301 irritu-

133 4343 297 4420 tionibus
313 4346 455 4445 corpori
471 4345 639 4437 admotis,
663 4354 731 4425 aut
745 4345 896 4423 demum
911 4365 934 4417 a
950 4347 1050 4419 antu
1076 4333 1216 4427 terebri
