2678 4794
146 282 218 352 158
553 295 807 356 consrscrus
1030 305 1115 358 cnr.
1134 304 1217 362 xvi.

192 495 340 553 nxxxr.
367 475 616 554 obsoluerant
628 471 791 574 profecto
801 473 893 573 jam,
905 484 944 550 et
957 479 1090 554 merito
1106 481 1220 581 negii·

123 663 124 667 ,
143 589 486 688 guntur,‚pleraque
497 588 720 661 medicorum
733 599 943 662 commenta
956 589 1003 662 de
1020 591 1221 668 humorum

144 701 359 787 acrimoniis,
376 710 553 796 tanquam
569 697 668 784 falsa,
681 698 742 771 vel
758 699 896 772 incerta
912 698 1052 787 saltem,
1068 714 1108 777 et
1125 704 1219 779 nihil

143 815 190 888 sd
207 838 315 888 usum
332 811 517 886 malicum
535 811 801 885 conducentia:
827 821 866 884 et
891 836 1019 910 graves
1035 834 1137 887 nunc
1156 839 1222 889 ex·

141 926 259 1000 istunt
274 924 527 998 controversiae
543 923 590 996 de
606 922 652 996 iis
669 923 782 994 etiam
806 923 1012 996 acrimoniis
1036 949 1122 1022 quae
1142 926 1222 1015 diu,

139 1038 306 1111 omnium
322 1034 397 1108 fere
413 1059 604 1123 consensu,
620 1044 728 1108 certae
740 1043 778 1106 et
795 1032 995 1107 manifestae
1011 1047 1100 1108 sunt
1117 1037 1220 1111 habi-

140 1158 198 1221 tae.
248 1147 303 1221 Et
318 1148 511 1222 fatendum
530 1157 596 1234 est,
621 1146 669 1219 de
685 1145 742 1219 his
758 1146 881 1232 etiam,
906 1145 1009 1219 verbi
1025 1149 1155 1244 gratia,
1172 1149 1220 1222 de

138 1258 338 1333 humorum
373 1259 581 1357 putredine,
615 1258 737 1336 adhuc
760 1255 885 1331 locum
909 1280 986 1330 esse
1010 1258 1216 1336 dubitandi.

138 1369 295 1456 Interim
312 1395 411 1459 vero,
436 1371 525 1447 dum
543 1370 588 1444 lis
613 1370 683 1445 sub
705 1369 834 1469 judice
860 1378 926 1455 est,
950 1394 1078 1444 cavere
1101 1370 1217 1461 decet,

136 1483 294 1557 nedum
312 1508 430 1558 unum
456 1508 614 1557 errorem
632 1483 804 1568 vitamus,
829 1481 869 1554 in
886 1480 1000 1556 alium
1017 1505 1217 1571 nummus,

136 1593 204 1668 vix
220 1597 415 1684 minorem,
440 1604 479 1668 et
495 1616 573 1668 rem
589 1593 744 1691 alicujus
769 1592 895 1667 saltem
913 1596 1096 1675 momenti
1112 1595 1153 1669 in
1177 1619 1217 1670 re

136 1708 287 1793 medica,
312 1707 482 1806 quamvis
498 1729 573 1779 non
591 1705 686 1779 tanti
702 1712 748 1779 ut
763 1704 856 1778 olim
869 1705 998 1804 opinio
1012 1705 1108 1794 fuit,
1122 1706 1217 1782 mie

133 1819 377 1918 negligamus
426 1818 588 1894 Juvabit
610 1827 709 1892 certe
736 1817 882 1891 novisse
899 1842 985 1915 quae
999 1810 1062 1894 ¹de
1085 1819 1154 1894 hac
1177 1843 1218 1893 re

135 1941 202 2006 eut
218 1943 318 2013 certo
330 1940 398 2005 aut
413 1930 575 2004 maxime
591 1928 800 2002 verisimilia
816 1929 894 2003 visa
910 1940 1008 2004 sunt.

90 2126 94 2134 ¹
184 2064 352 2117 oxxxn.
380 2042 536 2141 Sanguis
560 2042 601 2115 in
626 2041 817 2115 sanissimo
841 2041 992 2116 homine
1008 2043 1215 2141 aliquantu·

135 2151 216 2227 luni
232 2177 324 2242 acer,
350 2155 459 2229 variis
475 2155 592 2230 causis
608 2151 777 2227 nonnihil
794 2155 908 2229 acrior
923 2154 1003 2227 fieri
1019 2168 1153 2253 potest,
1177 2168 1216 2230 et

135 2266 255 2340 multa
271 2290 393 2365 neque
410 2266 506 2341 levia
521 2266 618 2340 mala
633 2265 769 2341 facere:
795 2265 903 2340 docet
919 2267 1070 2341 incitata
1085 2267 1215 2356 cordis,

134 2389 201 2454 aut
216 2380 442 2466 arteriarum,
467 2388 533 2455 aut
550 2401 772 2479 organorum
802 2377 1083 2467 secernentium,
1109 2379 1214 2465 actio,

133 2492 181 2565 ab
197 2493 339 2567 acribus
355 2493 529 2591 ingestis:
566 2491 700 2566 docent
728 2491 901 2566 humores
930 2492 1059 2565 secreti
1083 2501 1214 2591 praeter

135 2604 283 2678 solitum
302 2629 410 2691 acres,
435 2617 474 2679 et
490 2629 574 2678 vasa
603 2604 803 2702 aliquando
828 2603 990 2678 multum
1016 2603 1213 2692 stimulatu,

133 2738 404 2816 nonnunquam
421 2714 530 2814 plane
545 2714 861 2801 inflammas-vel
876 2715 1030 2790 demum
1047 2740 1160 2792 erosa.

183 2848 367 2901 Dxxxru.
392 2826 559 2900 Plurima
576 2851 701 2900 revera
720 2826 814 2900 acria
838 2829 877 2899 in
894 2816 1026 2926 corpus
1043 2829 1215 2926 quotidie

132 2938 372 3036 ingeruntur:
411 2937 490 3011 haec
515 2946 639 3011 autem
666 2939 705 3009 in
722 2939 939 3034 uentriculo,
963 2950 1002 3014 et
1017 2941 1213 3030 intestinis,

130 3059 170 3123 et
202 3048 391 3145 pulmone,
433 3047 493 3120 vel
526 3048 771 3146 corriguntur,
804 3063 1097 3150 concoquuntur,
1133 3078 1213 3155 per.

130 3170 336 3248 mutantur,
363 3159 579 3259 priusquam
604 3160 644 3233 in
670 3162 887 3259 sanguinem
905 3172 1022 3240 aortoe
1039 3166 1214 3257 veniunt,

129 3298 196 3374 per
212 3283 335 3348 totum
361 3297 492 3372 corpus
516 3270 782 3359 diffundenda;
813 3275 872 3351 vel
897 3275 1025 3350 saltem
1051 3275 1214 3375 plurima

128 3411 225 3485 aqua
241 3386 370 3473 diluta,
395 3385 455 3460 vel
468 3383 630 3486 fibrina,
655 3383 852 3474 albumine,
864 3387 1050 3485 grintina,
1067 3389 1212 3478 obtusa,

128 3498 292 3573 multum
311 3525 387 3573 suae
401 3498 616 3585 acritudipis
642 3498 847 3596 deponunt,
873 3508 910 3571 et
935 3499 1078 3574 assidue
1094 3524 1117 3573 e
1132 3525 1211 3576 cor·

127 3634 215 3708 pore
233 3620 410 3710 tunquam
428 3610 539 3683 noxia
556 3620 816 3685 excernuntur.

176 3745 347 3799 nxxxrv.
372 3723 460 3798 Hoc
476 3723 588 3797 modo
610 3723 742 3822 ingens
758 3723 862 3821 copia
878 3722 960 3796 salis
976 3723 1081 3811 acidi,
1106 3722 1209 3798 ulcu·

125 3833 207 3922 lini,
224 3835 350 3924 medii,
367 3835 484 3908 veluti
501 3836 718 3922 communis,
742 3859 807 3932 per
824 3859 955 3932 corpus
973 3834 1126 3908 transire
1142 3858 1208 3933 po·

125 3956 208 4033 test,
233 3944 446 4019 valetudine
474 3970 604 4044 parum
632 3945 692 4019 vel
721 3945 814 4019 nihil
843 3945 982 4020 affecta
1033 3945 1150 4034 Quod
1175 3948 1207 4020 si

122 4059 239 4134 nimia
254 4059 440 4156 quantitas
456 4057 535 4154 ejus
551 4059 673 4144 fuerit,
698 4081 820 4154 neque
846 4056 925 4134 haec
940 4058 1055 4158 probe
1071 4057 1206 4156 diluto,

121 4190 245 4277 neque
260 4182 415 4271 excreta,
441 4180 525 4244 tum
541 4170 695 4246 demum
710 4168 869 4245 nocebit.
