2678 4794
164 389 250 443 cAl’.
267 386 319 441 lu.
440 384 662 441 MEDICINAE
680 385 969 457 THEORETJCAE.
1195 381 1244 451 43

163 566 376 664 ceptionem,
402 586 425 636 a
449 558 603 663 siugulis
627 563 819 652 diversum,
859 573 898 640 et
922 589 971 639 ex
995 566 1040 640 iis
1064 572 1241 669 composi-

162 689 242 766 tam,
266 675 444 751 efficiunt.
495 676 591 751 Haec
615 676 826 775 conjunctio
850 676 930 751 fieri
946 688 1069 777 potest
1086 679 1147 754 vel
1171 683 1242 755 sin·

156 791 251 890 gulis
276 788 507 888 impulsibus
531 789 641 865 simul
667 789 781 877 factis,
806 787 866 864 vel
890 791 997 865 novis
1021 792 1242 891 impulsibus

156 903 338 1002 prioribus
364 911 444 975 tam
463 902 586 976 subito
611 901 902 988 subsedentibus,
929 912 972 976 ut
988 904 1088 1001 prior
1113 929 1242 981 sensus

157 1014 325 1089 nondum
370 1013 555 1103 desiverit,
597 1039 684 1088 cum
721 1013 899 1114 posterior
919 1012 1014 1112 ·jam
1055 1018 1242 1116 inceperit.

158 1126 291 1202 Sensus
307 1127 410 1200 enirn
428 1146 523 1226 saepe
539 1127 683 1202 diutius
696 1149 810 1225 quam
827 1127 905 1224 ipse
920 1126 1102 1225 impulsus
1119 1130 1240 1219 durat,

143 1239 360 1337 praesertim
395 1240 425 1312 si
463 1240 595 1313 idonea
632 1237 797 1312 adhibita
828 1237 941 1312 fuerit
974 1241 1089 1316 animi
1123 1252 1242 1318 atten-

162 1353 215 1424 tio
235 1352 420 1441 lemur,
439 1357 640 1452 cxxxvn).
691 1351 817 1424 Docet
834 1373 1006 1443 sonorum
1024 1355 1242 1453 compositio

164 1463 322 1549 musica;
357 1463 465 1538 docet
493 1465 618 1539 charta
641 1463 750 1538 variis
784 1462 967 1563 coloribus
993 1466 1118 1553 tinctu,
1156 1492 1242 1566 quae

158 1573 282 1672 rnpide
304 1576 343 1648 in
368 1574 549 1651 circulum
574 1585 663 1664 actu,
698 1575 860 1650 eundem
885 1574 1044 1652 colorem
1069 1579 1240 1655 medium

156 1686 213 1761 vel
228 1689 407 1775 mixtum,
426 1713 474 1764 ex
487 1689 565 1764 aliis
581 1691 841 1789 compositum,
857 1688 1020 1777 exhibet,
1037 1714 1079 1765 ac
1095 1691 1165 1790 ipsi
1182 1716 1241 1766 co-

155 1796 244 1875 lores
270 1798 385 1877 mixti
409 1801 605 1878 efficerent
671 1801 813 1876 Odores
838 1824 991 1900 quoque
1020 1811 1059 1876 et
1087 1827 1241 1901 sapores,

155 1911 300 2012 singuli,
325 1922 373 1987 ut
397 1913 558 2003 videtur,
583 1940 650 1990 suo
666 1938 812 2014 genere,
838 1937 942 2014 pares
958 1915 1242 2014 compositiones

155 2025 363 2124 aoeipiunt3
389 2051 547 2124 quarum
565 2024 645 2101 sliae
660 2039 784 2125 gratie,
812 2026 894 2101 aliae
909 2028 1167 2127 ingratissimae
1185 2053 1240 2103 re·

153 2138 358 2232 periuntur.
398 2138 486 2214 Hoc
503 2139 756 2228 fundamento,
768 2164 905 2239 magna
918 2140 1046 2215 saltem
1063 2166 1111 2215 ex
1123 2154 1239 2240 parte,

153 2249 285 2324 nititur
298 2274 357 2324 ars
383 2252 493 2348 coqui
510 2262 549 2324 et
565 2252 813 2351 unguentarii.
866 2253 1126 2351 Perceptiones
1150 2278 1240 2328 vero

157 2359 231 2433 sive
247 2385 375 2437 sensus
391 2387 485 2461 quos
502 2376 622 2438 tactus
639 2364 713 2451 dat,
739 2374 795 2437 tot
813 2374 966 2462 tumque
982 2363 1117 2438 diversi
1139 2364 1257 2452 sunt,

160 2479 204 2543 ut
218 2473 286 2546 vix
300 2474 350 2549 its
366 2474 545 2573 conjungi
562 2483 713 2572 queant,
730 2482 775 2546 ut
792 2497 924 2561 unum,
949 2475 1054 2571 quusi
1071 2475 1238 2549 medium

160 2582 217 2657 vel
233 2588 489 2686 compositum,
508 2610 658 2660 sensum
677 2584 847 2660 efficiant.

118 2705 158 2751 θ
203 2721 342 2775 exnur.
361 2699 425 2773 Ex
442 2723 550 2775 causa
560 2699 866 2829 quasistexternu,
883 2661 1097 2799 impulsu
1061 2697 1237 2772 nimirum

154 2812 191 2884 in
206 2836 391 2911 organum
408 2837 535 2888 sensus
552 2822 651 2899 certa
666 2813 706 2887 vi
729 2810 836 2899 factn,
862 2820 901 2887 et
927 2821 1069 2887 certum
1088 2828 1238 2910 tempus

155 2922 319 3014 durante,
344 2928 467 3002 varius
493 2951 570 3000 esse
593 2927 731 3026 poterit
756 2946 893 3014 sensus,
926 2936 1076 3026 propter
1100 2924 1237 3000 multas

156 3061 207 3110 res
239 3039 403 3112 internas
436 3040 579 3138 corpori
611 3039 786 3113 sentienti
818 3039 991 3138 proprias,
1025 3036 1237 3136 multasque

159 3160 271 3245 partes
288 3176 376 3250 quae
404 3151 452 3225 ad
481 3174 630 3227 sensum
650 3150 885 3225 efficiendum
904 3151 1112 3225 necessariae
1137 3158 1235 3224 sunt.

159 3260 287 3337 Animi
314 3264 497 3362 imprimis
525 3264 618 3338 ratio
648 3261 816 3337 habenda
841 3273 909 3349 est,
935 3263 1039 3360 quod
1054 3261 1101 3334 nd
1118 3270 1237 3335 atten-

157 3373 315 3462 tionem;
358 3386 440 3451 turn
475 3400 628 3476 quoque
651 3374 803 3463 cerebri,
840 3373 943 3472 quod
971 3372 1020 3446 sd
1052 3371 1237 3459 delirium,

156 3492 349 3586 torporem,
378 3513 561 3576 somnum,
589 3488 766 3589 vigiliam,
796 3490 881 3572 &c.;
924 3493 1007 3562 tum
1036 3509 1237 3561 nervorum

156 3601 217 3695 qui
240 3625 423 3700 organum
451 3602 613 3677 sentiens
641 3602 792 3687 adeunt,
821 3609 932 3698 prout
948 3599 1096 3698 integri,
1121 3597 1237 3683 liberi,

156 3713 239 3799 suni,
256 3712 318 3787 vel
334 3726 447 3813 prout
463 3715 672 3815 compressi,
703 3713 854 3787 aliterve
869 3710 945 3785 laesi
962 3711 1122 3794 fuerint3
1152 3720 1238 3784 turn

156 3818 283 3899 finium
301 3849 501 3902 nervorum
516 3827 633 3926 ipsius
644 3824 784 3924 organi,
801 3832 912 3922 prout
930 3823 1048 3922 magis
1064 3823 1237 3896 minusve

156 3937 350 4011 sentientes
365 3936 515 4027 fuerint,
539 3937 638 4012 vela
663 3937 784 4035 prima
808 3936 966 4034 corporis
990 3934 1237 4014 fabricatione,

159 4045 213 4120 vel
234 4050 282 4122 ab
307 4050 386 4125 aliis
402 4050 624 4150 impulsibus
648 4058 755 4123 antea
771 4048 885 4135 factis,
915 4045 975 4119 vel
991 4045 1147 4121 abolore
1171 4052 1238 4113 aut

117 4210 120 4217 -
160 4154 299 4257 frigore,
327 4161 425 4237 vela
452 4172 549 4238 statu
567 4188 742 4239 vasorum
771 4161 990 4260 sauguinem
1006 4152 1236 4238 vehentium,

162 4289 241 4366 quoe
272 4273 436 4351 minutus
468 4299 639 4375 nervosas
671 4274 780 4353 fibros
800 4274 1030 4349 ,comitantur
1057 4268 1237 4360 insepara-
