2678 4794
172 353 244 423 142
601 364 851 424 consencros
1071 366 1160 424 car.
1177 368 1245 424 xv.

171 544 227 619 tio
242 545 346 622 facile
369 544 534 626 redditur
558 568 606 618 ex
622 543 803 643 praedictis
834 543 1002 633 (mooun,
1030 552 1245 644 ccoenmrp

172 657 310 733 Pulsus
322 659 500 757 frequens,
516 657 655 731 caeteris
666 655 825 754 paribus,
841 654 1059 752 mpidiorem
1072 655 1152 751 ejus
1169 681 1248 730 rno-

170 779 257 844 tum
273 769 405 844 efficit:
439 768 626 855 nimirum,
654 791 730 866 quo
756 764 865 840 auus
882 765 1106 840 ventriculus
1126 768 1246 840 cordis

172 906 251 955 sese
264 880 396 978 deplet,
413 904 457 954 eo
472 880 633 955 velocius
650 878 798 979 sanguis
816 880 853 951 in
871 880 1017 953 arterias
1034 877 1243 977 projicitur;

170 1015 371 1089 earumque
386 992 564 1066 actionem
583 992 671 1066 huic
680 989 847 1065 validiori
860 989 1012 1065 stimulo
1028 991 1247 1087 respondere

170 1114 323 1201 oportet.
374 1102 478 1191 Quin
495 1113 534 1178 et
550 1104 678 1203 pulsus
695 1126 851 1202 magnus
875 1113 913 1176 et
929 1101 1081 1185 validus,
1107 1101 1246 1174 caeteris

169 1215 327 1314 paribus,
357 1225 501 1289 motum
531 1215 718 1315 sanguinis
747 1215 918 1289 intendit.
981 1213 1104 1286 Variae
1129 1213 1247 1311 igitur

168 1349 284 1400 causae
313 1328 509 1427 utriusque
537 1328 680 1426 generis
714 1326 851 1426 pulsus,
889 1325 948 1400 vel
983 1325 1147 1424 singulae,
1187 1323 1245 1397 vel

168 1435 290 1536 plures
306 1439 416 1514 simul
427 1439 581 1536 junctae,
607 1439 677 1514 hoc
692 1439 824 1514 vitium
847 1437 1021 1514 circuitus
1037 1437 1243 1509 inducunt:

167 1551 390 1638 exercitatio,
407 1550 516 1640 calor,
529 1550 766 1639 stimulantis,
779 1549 984 1650 plenitudo,
1001 1550 1155 1622 irritatio
1167 1571 1244 1631 om-

168 1661 313 1760 nigena,
331 1662 444 1750 dolor,
461 1664 574 1736 animi
591 1662 744 1737 affectus
760 1662 972 1748 excitantes,
990 1661 1116 1736 febres.
1214 1646 1227 1671 ⁶

218 1797 468 1850 ceccuxvnr.
498 1775 646 1850 Nimius
663 1799 750 1849 vero
770 1775 958 1872 sanguinis
982 1775 1144 1871 impetus
1161 1796 1245 1847 vasa

169 1885 355 1972 distendit,
381 1898 504 1961 totum
522 1911 654 1985 corpus
671 1887 818 1971 excitat,
843 1885 1015 1970 ealefacit,
1033 1909 1128 1982 saepe
1145 1884 1244 1958 debi-

167 1996 271 2070 litat:
298 1998 468 2073 sudorem
486 2008 609 2098 auget,
625 1997 783 2097 reliquas
795 2006 921 2072 autem
939 1998 1154 2072 secretiones
1170 1997 1245 2071 fere

167 2109 315 2195 minuit,
341 2111 456 2184 varias
481 2111 688 2185 functiones
713 2120 790 2182 tam
818 2109 930 2183 animi
947 2133 1060 2207 quam
1086 2109 1243 2208 corporis

167 2220 324 2318 impedit
341 2233 455 2320 atque
470 2223 681 2321 perturbat:
718 2222 819 2296 sitim
835 2222 990 2308 inducit,
1016 2224 1244 2296 nutrimento

167 2331 281 2418 obest,
306 2334 454 2432 adipem
481 2336 676 2422 consumit,
701 2335 901 2433 putredini,
933 2345 975 2406 ut
1002 2332 1118 2431 vulgo
1144 2332 1243 2434 apud

168 2444 330 2519 medicos
346 2460 536 2547 receptum
554 2458 619 2536 est,
636 2449 745 2525 favet.
797 2449 934 2545 Ingens
951 2446 1148 2544 aliquando
1165 2470 1243 2521 san·

167 2557 291 2653 guinis
324 2559 496 2658 impetus,
522 2585 617 2648 vasa,
652 2585 726 2659 qua
756 2559 931 2633 debiliora
959 2569 1056 2644 sunt,
1081 2560 1242 2657 rumpit;

168 2669 269 2740 unde
285 2670 490 2758 effusiones,
507 2673 695 2771 sanguinis
711 2671 848 2758 fluxus,
865 2673 927 2745 &c
978 2670 1139 2744 Minime
1157 2694 1244 2744 vero

167 2777 313 2852 silentio
340 2784 637 2879 praetereundum
665 2792 730 2869 est,
763 2783 924 2855 nimium
954 2783 1142 2882 sanguinis
1170 2808 1244 2857 mo·

167 2898 261 2973 tum,
280 2900 471 2991 utcunque
483 2895 636 2966 vitiosus
646 2905 826 2990 appareat,
838 2894 934 2966 inter
947 2895 1243 2991 praestantissima

167 3000 304 3072 auxilia
320 3025 405 3088 esse,
431 3002 568 3102 quibus
585 3004 729 3078 Natura
746 3006 866 3079 utitur
889 3006 936 3078 ad
952 3006 1130 3105 plurimos
1147 3031 1242 3082 mor·

166 3110 230 3185 bos
247 3112 433 3187 sanandos.

215 3248 417 3300 eccenxrx.
444 3226 671 3326 Languescit
697 3254 792 3328 saepe
809 3233 996 3330 sanguinis
1013 3243 1149 3322 motus,
1174 3236 1243 3309 im·

165 3337 293 3432 primis
310 3340 358 3413 ob
383 3339 619 3426 debilitatem,
645 3354 841 3441 torporem,
866 3344 1049 3419 defectum
1071 3346 1243 3422 irritatio-

164 3447 232 3533 nis,
260 3449 377 3525 veluti
402 3454 693 3529 exercitationis:
720 3457 837 3530 sicubi
854 3457 913 3530 vel
931 3458 1026 3531 vires
1051 3458 1242 3549 deliciunt,

165 3559 225 3632 vel
242 3584 327 3647 non,
355 3575 398 3636 ut
421 3565 537 3653 decet,
566 3568 785 3655 excitantur,
812 3580 877 3643 aut
900 3571 1052 3644 excitari
1075 3585 1241 3669 possunt.

164 3670 291 3759 Porro,
318 3686 441 3751 motus
459 3677 658 3754 humorum
676 3680 889 3781 languescit,
915 3683 944 3755 si
962 3683 1165 3756 obstructio
1181 3684 1241 3757 vel

162 3807 269 3858 causa
285 3789 426 3884 qnaevis
443 3789 563 3879 fuerit,
589 3792 707 3890 qualis
730 3795 800 3868 iter
816 3817 944 3868 eorum
961 3795 1150 3892 impediat,
1180 3799 1241 3871 vel

162 3894 347 3973 difficilius
365 3902 503 3977 reddat.

211 4033 382 4087 ccccnxx.
409 4014 497 4089 Hoc
525 4017 647 4103 modo,
672 4017 719 4090 ab
748 4018 828 4114 ipso
851 4018 1013 4116 pondere
1038 4022 1239 4116 sanguinis,

159 4122 190 4195 si
207 4124 291 4221 quis
308 4124 449 4199 diutius
467 4129 623 4225 pedibus
640 4129 825 4214 institerit,
849 4130 1020 4204 humores
1037 4133 1239 4206 tardius·ab

156 4235 312 4312 ortubus
329 4238 558 4313 inferioribus
576 4239 760 4315 redibunt.
812 4242 937 4331 Porro,
964 4244 1098 4318 vitium
1120 4244 1237 4343 quod·
