2678 4794
142 402 231 457 car.
249 399 345 452 xxx.
444 397 664 452 uumerus
683 399 971 457 rnaoaamca.
1149 391 1220 467 391

142 576 304 651 moribus
320 585 450 674 praeter
465 590 635 651 naturam
652 579 958 676 spissescentibus,
975 590 1014 655 et
1025 580 1109 654 ideo
1121 604 1218 680 aegre

143 688 343 763 movendis.
404 689 494 763 Tale
521 699 647 763 autem
674 692 822 778 vitium,
847 695 1048 791 praesertim
1073 695 1110 767 in
1141 716 1220 766 san·
1296 786 1297 790 Ἴ

137 803 264 900 guina,
288 799 410 874 multo
439 801 553 874 rarius
577 812 633 876 est
649 828 763 900 quam
792 817 957 880 auctores
974 808 1107 880 medici
1136 805 1219 880 sibi·

136 924 217 986 met
235 912 512 1010 persuadebant.
561 914 617 988 Et
633 916 803 1013 quamvis
828 928 970 993 certum
988 921 1036 993 sit
1058 918 1219 992 remedia

135 1024 366 1098 stimulantia
391 1024 491 1098 haud
516 1049 647 1123 parum
672 1028 841 1126 prodesse
866 1030 919 1119 in=
931 1030 1059 1103 multis
1084 1031 1218 1106 morbis

135 1137 203 1234 qui
221 1138 267 1210 ab
283 1137 355 1210 isto
370 1137 464 1211 vitio
481 1136 640 1234 pendere
669 1140 920 1229 credebantur,
944 1151 1070 1216 tamen
1094 1144 1164 1217 alia
1180 1154 1219 1218 et

136 1250 254 1348 magis
278 1248 484 1322 verisimilis
509 1254 601 1323 ratio
627 1253 723 1324 tanti
748 1253 914 1327 beneficii
951 1255 1055 1328 reddi
1084 1262 1216 1354 potest.

138 1361 226 1435 Non
252 1362 408 1436 dubium
435 1387 522 1435 vero
558 1372 614 1437 est
642 1363 815 1438 humores
853 1367 1033 1462 quosdam
1063 1376 1217 1442 secretos

137 1482 268 1571 praeter
282 1487 451 1548 naturam
468 1474 666 1573 aliquando
683 1477 902 1574 spissescere,
931 1488 970 1552 et
993 1478 1062 1552 hoc
1079 1480 1216 1553 vitium

134 1609 202 1682 per
219 1585 430 1684 hujusmodi
446 1587 609 1660 remedia
625 1588 814 1663 interdum
831 1591 961 1688 corrigi
976 1619 986 1681 ;
1014 1591 1119 1688 cujus
1136 1592 1217 1691 qui·

133 1698 221 1770 dem
239 1700 291 1771 rei
308 1700 400 1772 ratio
417 1701 570 1773 minime
585 1701 737 1775 obscura
754 1712 820 1775 est.

183 1833 404 1887 mcnxxxrr.
432 1812 621 1886 Nonnulla
648 1811 802 1886 demum
829 1837 878 1886 ex
904 1813 959 1900 iis,
997 1815 1143 1911 partim,
1173 1824 1218 1888 ut

133 1921 294 2011 videtur,
312 1925 451 1999 obvim
469 1949 573 2000 suam
591 1923 856 2012 stimulantem,
882 1926 1028 2022 partim,
1046 1937 1084 1998 et
1100 1926 1218 2023 magis

133 2033 294 2124 fumasse,
329 2048 479 2135 propter
515 2036 600 2108 alias
638 2037 734 2110 vires
759 2037 993 2110 medicinales
1019 2062 1109 2134 quas
1142 2060 1219 2110 una

133 2169 222 2219 cum
251 2146 312 2219 illa
341 2149 537 2246 possident,
563 2146 757 2219 utilissima
786 2158 874 2220 sunt
890 2149 937 2219 ad
961 2149 1216 2246 corrigendam

130 2268 199 2332 aut
240 2260 516 2356 praecavendam
558 2259 717 2355 corporis
758 2258 993 2355 putredinem
1035 2262 1217 2354 (nxxxv),

133 2380 340 2469 nxxxvnr)
365 2397 452 2446 eum
469 2370 689 2471 generalem,
707 2379 790 2443 tum
807 2370 969 2466 partium
987 2370 1217 2466 quarundam

133 2505 210 2578 prae
225 2481 325 2568 aliis;
351 2485 520 2581 quamvis
537 2483 711 2581 pleraque
728 2503 856 2553 eorum
874 2479 1116 2553 calefaciendo
1142 2505 1217 2554 cor-

134 2617 206 2690 pus
222 2596 408 2692 putredini
426 2597 534 2695 plane
551 2595 708 2681 faveant,
726 2591 967 2689 eandemque,
996 2601 1041 2666 ut
1057 2591 1216 2681 videtur,

133 2729 231 2804 saepe
246 2704 422 2782 inducant
440 2707 499 2780 vel
516 2716 686 2806 augeant.

181 2840 423 2894 Mcnxxxrrr.
451 2820 639 2916 Denique,
657 2817 777 2891 multa
793 2818 953 2891 remedia
969 2817 1216 2892 manifestissi-

130 2954 190 3003 me
216 2932 444 3006 stimulantia
473 2956 567 3030 saepe
593 2930 691 3005 haud
722 2954 852 3028 parum
880 2929 1005 3004 valent
1041 2932 1215 3006 adversus

129 3051 257 3115 motus
273 3042 353 3116 illos
370 3045 562 3118 abnormes
579 3043 801 3141 quispasmi
830 3042 1015 3128 dicuntur,
1040 3068 1134 3140 quos
1158 3044 1213 3118 in-

131 3154 281 3227 terdum
315 3156 491 3230 instantes
526 3166 659 3241 arcent,
698 3153 888 3227 interdurn
912 3166 1108 3252 praesentes
1145 3155 1213 3228 sol-

129 3277 237 3352 vunt,
256 3277 294 3340 et
309 3267 393 3341 ideo
409 3293 484 3342 non
511 3269 697 3341 immerito
723 3268 821 3340 inter
847 3267 1009 3339 remedia
1025 3264 1213 3363 antispas-

126 3376 271 3451 modr'ea
288 3392 530 3466 recensentur,
560 3381 730 3478 quamvis
751 3377 829 3452 haec
845 3377 891 3450 ad
909 3377 1132 3451 contrarium
1150 3399 1212 3475 ge-

127 3512 211 3575 nus,
241 3491 450 3565 sedantium
478 3492 665 3577 nimirum,
692 3514 818 3564 revera
843 3489 1061 3587 pertineant.
1125 3488 1213 3563 Hoc

125 3600 272 3674 efficere
288 3602 465 3676 videntur
480 3601 613 3700 partim
628 3602 666 3675 vi
683 3625 749 3674 sua
764 3600 967 3687 roborante,
984 3626 1069 3698 quae
1081 3624 1213 3699 corpus

125 3713 253 3786 minus
270 3715 407 3787 mobile
423 3714 562 3799 reddat,
579 3714 710 3811 partim
728 3711 904 3785 validiore
921 3711 1071 3786 stimulo
1087 3735 1213 3808 corpo-

125 3825 158 3896 ri
176 3824 274 3911 dato,
292 3827 360 3922 qui
378 3850 524 3899 sensum
543 3826 601 3898 vel
616 3826 798 3900 actionem
815 3824 943 3920 prioris
955 3835 1103 3923 superet
1120 3821 1214 3918 ejus-

124 3960 203 4032 que
219 3936 394 4010 effectum
425 3936 613 4034 impediat,
643 3937 775 4035 partim
806 3933 957 4008 forsitan
976 3940 1118 4009 mutato
1135 3956 1213 4007 san-

125 4048 253 4143 guinis
270 4073 390 4135 cursu,
418 4059 455 4122 et
485 4050 597 4122 simul
614 4073 700 4123 cum
719 4048 788 4122 hoc
804 4047 860 4120 vis
881 4071 1075 4122 nervorum
1094 4044 1212 4128 fluxu,

125 4159 194 4253 qui
213 4182 278 4254 per
295 4161 474 4233 actionem
494 4161 636 4234 stimuli
661 4187 682 4234 a
712 4159 876 4258 partibus
894 4162 995 4257 prius
1022 4154 1214 4231 laboranti·

126 4269 196 4344 bus
214 4269 261 4344 ad
279 4269 364 4344 alias
382 4271 606 4347 deriventur.
1145 4302 1149 4306 ·
