2678 4794
126 373 213 434 w.
228 377 264 430 V·
384 363 606 428 mactum
624 362 912 423 anonumum.
1140 362 1187 426 53

127 1167 214 1245 Car.
227 1166 391 1247 u-De
404 1173 508 1241 tacta
524 1168 674 1266 pasqua
690 1164 813 1250 uitiis:
830 1189 988 1244 necnon
999 1165 1045 1244 de
1059 1165 1192 1247 dolore,

434 1277 630 1353 anaietate
645 1285 682 1352 et
695 1276 866 1376 pruritu.

554 1638 702 1668 *ἶ
712 1641 727 1647 -

128 2009 240 2062 clxx
265 1936 477 2061 Orruruar
494 2010 665 2066 sensuum
691 2000 926 2066 externorum
952 1997 1073 2063 taetus
1110 1989 1193 2063 sim·

127 2096 332 2196 plicissimus
348 2110 415 2185 est,
431 2109 471 2172 et
487 2103 648 2177 maxime
663 2103 863 2204 generalis;
888 2102 1028 2201 quippe
1040 2101 1107 2200 qui
1124 2103 1194 2175 toti

122 2212 247 2309 genos·
270 2236 427 2288 nervoso
451 2216 654 2292 eommunis
692 2217 762 2289 sit:
800 2216 861 2289 sed
897 2215 1004 2288 certis
1028 2213 1195 2310 partibus

129 2326 271 2412 acutior,
295 2322 415 2398 veluti
432 2325 521 2411 cuti,
546 2335 584 2400 et
599 2327 778 2424 imprimis
803 2325 966 2423 apicibus
983 2323 1195 2421 digitorum.

128 2430 181 2506 Hi
195 2435 341 2562 papillas
359 2458 528 2510 nervosas
546 2437 678 2511 habere
695 2437 880 2520 dicuntur,
897 2458 993 2530 quae,
1017 2433 1198 2509 influente

128 2546 307 2643 magnino,
331 2547 639 2647 quodammodo
630 2572 668 2621 ιιι
698 2556 801 2621 tactu
827 2546 1026 2671 erigantur,
1051 2566 1198 2618 sensum

128 2660 374 2733 accuratiorem
391 2658 551 2745 daturae;
577 2658 641 2732 sed
657 2659 782 2759 potius
799 2633 1008 2755 conjectura
1023 2679 1045 2729 a
1060 2654 1199 2755 lingua>

127 2763 251 2844 labaim
275 2761 450 2857 derivata,
473 2796 559 2870 quae
582 2796 658 2845 non
684 2781 817 2871 gustus
842 2768 965 2856 modo,
990 2769 1052 2843 sed
1079 2780 1199 2845 tactus

128 2900 268 2980 quoque
292 2881 586 2957 delimtissimum
613 2908 792 2984 organum
809 2893 875 2972 est,
900 2881 979 2956 haec
1002 2882 1128 2983 opinio
1143 2883 1198 2955 ui·

130 2991 220 3080 titur,
237 3018 350 3092 quam
369 2995 475 3069 certis
492 2996 544 3068 rei
560 2997 674 3094 ipsius
691 2995 1015 3072 observationibus.

170 3125 309 3183 caxxr.
334 3106 464 3181 Varias
492 3130 685 3206 oorporum
715 3107 908 3207 qualitates
941 3116 1061 3183 tactus
1085 3107 1199 3206 perai-

132 3212 201 3309 pit·,
237 3218 425 3308 duritiem,
458 3217 664 3310 mollitiem,
704 3221 948 3320 asperitatem,
990 3217 1199 3304 laevitatem,

131 3323 285 3416 olom,
302 3329 429 3430 frigus,
458 3329 602 3419 molem,
618 3330 787 3430 figuram,
814 3329 1036 3414 distantiam,
1059 3350 1199 3427 pressu·

133 3455 208 3526 tam,
223 3440 394 3538 pondus;
418 3467 499 3517 raro
525 3443 635 3516 fallax
652 3442 712 3515 vel
728 3443 967 3540 depravatus;
991 3441 1080 3538 quia
1108 3439 1200 3514 scili·

133 3560 181 3622 at
209 3575 370 3650 oorpora,
411 3577 571 3651 quorum
608 3553 804 3653 qualitates
837 3562 925 3628 suut
957 3550 1201 3652 explorandae,

135 3663 288 3754 proxime
304 3663 350 3738 ad
377 3664 498 3764 ipsum
528 3688 706 3766 organum
735 3666 991 3753 admoventur,
1017 3663 1121 3738 nullo
1144 3663 1201 3737 in·

136 3776 297 3871 terposito
312 3774 439 3866 audio,
466 3779 572 3877 eujus
605 3779 799 3852 varietates
826 3800 971 3852 sensum
994 3775 1117 3849 fallere
1139 3773 1200 3849 vel

137 3901 354 3984 eorrumpere
369 3890 519 3985 possint

175 4018 331 4072 csxxra
356 4001 470 4088 Quod
487 4002 534 4076 ad
549 4002 643 4076 vitia
658 4010 778 4077 tactus
804 3999 974 4101 pertinet,
995 3999 1104 4073 nimis
1120 4019 1202 4070 acu·

138 4112 189 4177 tus
202 4108 241 4181 in
269 4112 482 4187 universum
512 4114 699 4189 rarissimis
729 4114 764 4187 si·
776 4112 861 4189 ullis
889 4113 927 4186 iu
946 4107 1123 4207 exemplis
1138 4104 1202 4176 ob-

137 4230 288 4294 servatus
304 4231 369 4298 est.
419 4223 524 4300 Parti
540 4224 714 4326 singulari
730 4249 818 4303 vero
835 4224 975 4300 acutior
984 4222 1089 4318 justo
1105 4234 1200 4310 soepe
