2678 4794
196 397 269 466 424
588 403 839 461 eousracrur
1047 402 1277 460 esnxm.

249 606 433 660 Mccnxvr.
451 582 653 669 Postremo,
670 591 862 679 utcunque
878 579 918 652 in
935 577 1123 678 plerisque
1135 581 1273 655 morbis

197 699 315 773 acutis
331 696 525 771 necessaria
553 695 601 767 sit
626 695 789 792 regimen
819 693 888 767 hoc
915 690 1272 792 antiplrlogr'etiwm,

197 812 449 908 scireoportet,
465 808 504 880 in
520 805 708 879 nonnullis
716 805 897 903 exemplis
911 806 959 878 ab
974 830 1018 877 eo
1034 804 1269 902 aliquantum

196 947 276 997 esse
291 920 562 996 decedendum:
589 919 725 993 scilicet
733 942 821 992 cum
831 917 976 1016 gravior
984 917 1143 991 irritatio
1154 916 1269 1016 (quod

197 1047 295 1109 oerte
310 1033 496 1107 interdurn
522 1033 631 1130 plane
647 1033 893 1116 observatum,
917 1036 954 1103 et
972 1030 1203 1104 medicorum
1218 1040 1268 1104 at·

197 1146 362 1220 tentione
372 1169 446 1218 non
456 1145 656 1242 indignum
672 1151 741 1242 est)
758 1169 780 1216 a
795 1143 957 1217 remedio
973 1167 1084 1240 quam
1103 1168 1127 1215 a
1142 1143 1267 1216 morbo

195 1258 280 1331 oriri
307 1258 384 1331 visa
409 1268 473 1333 est.
527 1257 587 1330 Sic
613 1257 716 1328 verbi
744 1257 870 1353 gratia,
906 1254 1076 1352 quamvis
1104 1256 1144 1327 in
1174 1253 1266 1329 lecto

192 1368 415 1442 decumbere
439 1367 729 1441 febricitantibus
753 1366 971 1464 plerumque
999 1368 1207 1453 conveniat,
1229 1375 1265 1439 et

194 1493 344 1581 gratum
369 1483 427 1568 sit,
453 1491 492 1555 et
508 1506 603 1580 saepe
627 1480 779 1555 omnino
794 1478 1046 1565 necessarium,
1070 1477 1266 1576 aliquando

196 1606 323 1667 tamen
339 1593 509 1668 deliranti
535 1593 634 1667 haud
651 1615 781 1691 parurn
798 1590 957 1689 prodest,
982 1614 1144 1689 surgere,
1168 1601 1209 1665 et
1223 1590 1265 1664 si·

195 1713 280 1779 tum
294 1716 457 1780 ereetum
469 1705 651 1803 paulisper
661 1702 838 1801 experiri;
864 1703 1065 1799 praesertim
1081 1727 1170 1777 cum
1187 1726 1265 1777 auc

195 1825 258 1892 tus
275 1818 463 1915 sanguinis
479 1825 591 1915 caput
607 1838 732 1888 versus
749 1815 910 1911 impetus
936 1813 1109 1888 delirium
1134 1816 1266 1891 indux-

192 1929 265 2002 erit
281 1928 341 2002 vel
356 1928 523 2009 auxerit3
548 1936 587 1998 et
603 1934 701 1999 certe
717 1925 922 2024 plurimum
949 1951 1044 2025 saepe
1067 1929 1209 2015 nocuit,
1232 1936 1267 2001 et

191 2038 451 2135 grantsimum
479 2035 677 2134 aliquando
705 2036 878 2112 delirium
907 2037 1038 2127 effecit,
1064 2039 1266 2115 febricitari

192 2157 284 2234 tem,
307 2162 374 2222 aut
399 2147 532 2223 leviter
547 2148 776 2236 delirantem,
800 2150 839 2223 in
858 2149 991 2225 lectulo
1007 2153 1168 2251 pervim
1185 2176 1266 2227 oon·

192 2260 321 2336 tinere.
372 2262 459 2335 Pari
469 2263 619 2349 ratione,
628 2263 1162 2363 initationesillaeplerumque
1170 2263 1266 2341 haud

190 2396 324 2471 parum
341 2375 482 2448 nocivae
498 2400 583 2473 quae
598 2399 620 2448 a
636 2376 731 2463 visu,
755 2385 866 2473 atque
890 2376 1032 2462 auditu,
1057 2385 1173 2476 atque
1198 2376 1265 2452 ool-

190 2483 327 2585 loquiis
344 2484 524 2574 oriuntur,
541 2487 731 2562 interdum
741 2510 814 2562 non
826 2513 971 2586 prorsus
981 2499 1071 2563 sunt
1082 2491 1263 2574 arcendae;

192 2597 333 2672 scilicet
350 2623 435 2696 quae
451 2598 634 2687 delirium,
650 2601 904 2699 gravissimum
922 2601 1093 2676 futurum
1119 2605 1152 2677 si
1173 2626 1266 2702 aeger

189 2709 231 2782 in
261 2709 433 2798 tenebris,
459 2719 497 2784 et
525 2712 683 2801 silentio,
708 2724 747 2787 et
762 2712 961 2788 solitudine
976 2723 1175 2805 teneretur,
1199 2715 1265 2788 mi·

189 2841 305 2893 nuere
323 2821 530 2919 (ocxcvru),
547 2824 607 2897 vel
624 2826 778 2899 omnino
794 2825 975 2924 depellere
990 2827 1140 2925 possint.
1190 2826 1262 2898 Ne·

186 2953 265 3028 que
281 2930 445 3029 profecto
462 2934 598 3009 desunt
614 2936 793 3033 exempla,
811 2939 876 3011 nbi
888 2938 1185 3023 febricitantibus,
1201 2933 1261 3010 vel

188 3041 303 3115 etiarn
337 3042 529 3140 phthisicis
558 3044 658 3120 lenta
686 3047 786 3121 febre
814 3051 1094 3138 tabescentibus,
1116 3049 1263 3123 diaetam

186 3150 401 3227 validiorem
420 3178 468 3229 ex
485 3155 655 3231 carnibus
671 3181 759 3232 cum
776 3161 941 3258 pauxillo
957 3165 1036 3236 vini
1054 3164 1264 3262 permittere

185 3275 377 3363 oporteat3
415 3267 586 3367 quamvis
616 3271 848 3347 notissimum
883 3275 932 3349 sit
965 3275 1078 3350 talem
1108 3276 1264 3361 diaetam,

184 3388 336 3475 propter
352 3377 546 3454 stimulum
564 3403 686 3469 suurn,
711 3385 884 3460 omnibus
899 3387 1204 3475 febricitantibus,
1227 3396 1262 3460 et

183 3491 386 3584 praesertim
402 3489 603 3589 phthisicis,
621 3495 839 3597 plerumque
852 3522 1000 3574 nocere:
1028 3500 1135 3599 cujus
1145 3500 1260 3574 forsan

183 3597 237 3669 rei
253 3597 331 3672 haec
356 3602 425 3676 erit
446 3603 561 3690 ratio;
597 3607 699 3704 quod
725 3619 875 3709 propter
899 3611 1130 3686 debilitatem
1161 3634 1261 3687 suam

183 3720 402 3808 egrotantes
429 3715 586 3807 (uccrx,
605 3729 746 3819 Mccnv)
772 3722 880 3797 valde
895 3722 1083 3799 laeduntur
1098 3750 1120 3798 a
1137 3722 1261 3798 multis

182 3820 262 3896 eliis
277 3823 541 3916 irritationibus
553 3856 639 3930 quae
655 3833 734 3910 tolli
751 3844 954 3933 nequeunt,
972 3838 1146 3935 quamvis
1157 3837 1262 3911 diaeta

183 3936 398 4010 tenuissima
414 3942 593 4041 omnique
621 3945 696 4019 fere
722 3945 874 4020 stimulo
890 3971 1005 4022 vacua
1031 3947 1167 4034 fuerit;
1200 3969 1261 4045 per

181 4042 396 4123 validiorem
425 4061 551 4127 autem
580 4056 739 4145 diaemm,
765 4081 1032 4158 corporumque
1060 4057 1261 4135 conditioni

180 4156 250 4232 rite
266 4162 587 4254 accommodatam,
604 4168 746 4246 refectis
763 4171 837 4247 siris
847 4171 1007 4263 uiribus,
1031 4172 1123 4272 aegri
1138 4180 1178 4249 et
1195 4171 1257 4246 hu·
