2678 4794
68 406 161 462 CAP.
179 404 293 459 xv111.
369 398 588 458 MEDICINAE
607 400 893 456 THEORETICAE.
1079 392 1150 467 187
1191 464 1192 468 ¹
1231 400 1266 419 “““
1286 422 1312 437 --

124 603 295 658 ocxxxr.
319 578 425 667 Quin
445 588 483 653 et
500 579 598 655 idem
623 600 753 655 succus
769 577 867 652 cibos
885 575 1005 665 solvit,
1030 602 1151 677 neque

65 694 173 771 facile
189 691 415 767 ventriculus
431 715 523 791 quos
539 692 703 766 continet
719 692 818 765 cibos
845 691 947 789 prius
964 690 1150 767 intestinis

65 806 273 893 tradiderit,
299 828 413 903 quam
443 804 557 903 probe
586 802 697 878 soluti
725 802 873 876 fuerint.
939 803 1072 901 Neque
1096 805 1152 880 vis

67 919 217 993 solvens
230 918 271 991 in
284 914 687 990 omnibusanimalibus
699 915 826 989 eadem
845 923 920 987 est:
947 926 1035 989 sunt
1052 917 1152 989 enim

10 1118 12 1123 ¹
66 1054 154 1129 quae
169 1052 310 1115 carnes,
335 1037 422 1102 sunt
446 1050 532 1124 quae
555 1026 692 1124 fruges,
717 1026 820 1100 facile
845 1025 1005 1113 solvunt,
1030 1050 1152 1125 neque

67 1142 228 1217 alterum
257 1163 377 1239 genus
401 1140 555 1212 omnino
584 1147 756 1236 tangunt.
820 1137 950 1237 Homo
978 1162 1077 1225 vero,
1114 1149 1153 1214 et

69 1250 242 1327 animalia
257 1252 459 1337 omnivora‚
484 1274 618 1348 nempe
634 1275 719 1348 quae
746 1248 824 1322 aliis
841 1251 1088 1325 animantibus
1112 1263 1150 1324 et

70 1362 197 1439 herbis
212 1364 416 1461 pmmiscue
431 1373 644 1448 vescuntur,
663 1373 867 1458 utrumque
883 1385 1001 1459 genus
1017 1364 1152 1461 pariter

72 1472 236 1549 solvunt
284 1474 704 1572 Docentexperimenta
714 1472 883 1571 quaedam
897 1484 1002 1547 extra
1018 1498 1151 1573 corpus

70 1584 254 1673 instituta,
282 1598 321 1661 et
337 1586 470 1661 melius
486 1585 608 1659 adhuc
632 1594 670 1658 et
699 1584 843 1670 certius,
869 1610 954 1682 quar
970 1610 1089 1685 nuper
1113 1589 1153 1661 in

69 1697 168 1773 vivis
196 1697 424 1783 animalibus,
452 1707 492 1772 et
521 1696 674 1795 quidem
699 1697 739 1769 in
763 1697 844 1794 ipso
868 1696 1029 1783 homine,
1058 1699 1153 1774 facta

65 1818 158 1885 sunt
174 1810 315 1885 avariis
331 1810 551 1897 auctoribus,
561 1809 762 1908 praesertim
773 1834 794 1881 a
806 1807 887 1882 clar.
901 1807 1153 1909 §palleorum

67 1930 111 1997 et
127 1920 296 1997 Stevens.
346 1921 526 1996 Plurimae
535 1933 659 1996 autem
673 1920 809 2021 fruges,
826 1934 903 1995 tam
920 1922 1023 1995 durae
1039 1946 1152 2021 quam

66 2033 213 2123 molles,
236 2033 585 2133 neque'solvuntur,
611 2058 679 2109 nec
695 2033 772 2107 ullo
790 2033 901 2107 modo
918 2058 1151 2133 concoquun-

65 2158 135 2223 tur
148 2145 198 2220 ab
214 2146 365 2221 homine
382 2147 580 2236 sanissimo,
607 2146 677 2219 nisi
695 2146 797 2244 prius
822 2146 996 2221 dentibus
1013 2146 1152 2220 eonsec-

68 2268 129 2347 tae,
154 2256 217 2333 vel
233 2258 306 2333 alio
322 2260 434 2333 modo
452 2258 573 2333 fracta)
590 2269 655 2332 aut
672 2267 836 2332 coutusae
852 2258 999 2332 fuerint.

119 2392 312 2447 ncxxxrr.
337 2372 473 2470 Neque
490 2372 562 2446 cibi
572 2371 652 2468 jam
670 2371 949 2469 quodammodo
967 2371 1088 2458 soluti,
1114 2382 1152 2446 et

68 2484 255 2583 insignem
289 2506 442 2570 acorem,
485 2484 514 2556 si
549 2482 830 2579 permansissent
864 2483 901 2553 iu
936 2484 1153 2569 ventriculo,

68 2594 172 2671 brevi
188 2595 416 2694 acquisituri,
433 2604 629 2693 postquam
641 2595 679 2666 in
698 2593 872 2666 intestina
889 2593 1036 2666 demissi
1054 2604 1153 2681 sunt,

69 2706 145 2781 ulla
163 2706 311 2799 (saltem
326 2707 366 2780 in
379 2731 466 2781 sano
479 2713 642 2805 corpore)
660 2706 773 2779 acoris
786 2707 922 2780 indicia
939 2707 1152 2780 ostendunt.

73 2816 208 2894 Obstat
225 2819 374 2893 fortasse
391 2843 519 2893 succus
537 2819 808 2905 intestinorum,
834 2818 1029 2892 ventriculi
1047 2844 1154 2893 succo

72 2928 172 3005 haud
189 2929 386 3019 dissimilis,
411 2941 449 3005 et
474 2931 641 3030 copiosus
656 2931 878 3031 pancrcatrs
895 2932 1008 3019 latex,
1033 2931 1154 3005 salivae

73 3042 296 3132 simillimus,
314 3044 388 3130 sed,
406 3044 672 3141 praeomnibus,
689 3043 737 3117 fel
750 3044 871 3142 ipsum
886 3070 906 3116 a
918 3044 1080 3142 jecinore
1093 3045 1153 3117 de·

74 3151 206 3241 latum,
229 3156 332 3253 quod
348 3178 423 3228 non
441 3155 529 3230 sinit
545 3180 700 3231 massam
718 3155 978 3231 alimentorum
995 3156 1154 3253 amplius

76 3262 361 3354 fermentescere,
382 3289 504 3365 neque
520 3270 671 3368 propius
688 3269 734 3342 ad
752 3269 892 3342 acidam
911 3276 1082 3341 naturam
1098 3293 1153 3339 ac·

76 3377 219 3479 redere,
236 3390 274 3453 et
304 3403 389 3453 sane
418 3398 567 3454 acorem·
584 3381 660 3477 jam
690 3381 910 3455 existentem
938 3378 1153 3451 mirabiliter

10 3548 14 3565 .
76 3490 232 3591 corrigit.
285 3492 390 3579 Quin
407 3501 445 3566 et
471 3491 692 3567 solutionem
720 3492 980 3565 alimentorum
1011 3516 1154 3589 promo-

77 3622 157 3675 vere
168 3603 322 3678 videtur
337 3602 397 3693 fel,
414 3603 533 3678 oleosa
549 3630 636 3679 cum
653 3606 799 3704 aquosis
815 3605 928 3703 probe
944 3604 1152 3685 miscendo;

79 3724 110 3786 et
125 3714 302 3789 intestina
313 3741 464 3814 quoque
479 3718 628 3791 incitare
640 3717 687 3789 ad
698 3716 835 3813 justam
855 3717 1151 3791 contractionem.

121 3848 328 3902 ncxxxrrr.
355 3829 517 3902 Actione
543 3828 658 3928 igitur
682 3828 941 3914 manducandi,
967 3839 1005 3900 et
1022 3828 1060 3900 vi
1086 3826 1153 3899 sol-

81 3948 183 4011 vente
201 3937 404 4012 humorum
421 3940 503 4026 oris,
529 3951 566 4014 et
584 3938 790 4027 ventriculi,
816 3952 855 4013 et
881 3940 1152 4020 intestinorum,

81 4057 112 4121 et
126 4048 282 4123 demum
300 4048 402 4137 fellis,
427 4052 499 4126 cibi
525 4053 562 4124 in
580 4051 731 4127 fluidam
750 4051 905 4125 formam
921 4051 1153 4146 rediguntur,

78 4155 225 4250 juvante
254 4161 402 4235 forsitan
429 4164 591 4263 ipsorum
619 4164 665 4237 ud
690 4162 1047 4237 fermentesccndum
1073 4180 1154 4253 pro·

84 4267 248 4361 diritate,
265 4298 350 4373 quae
363 4275 510 4351 vincula
526 4275 742 4352 adhaesionis
759 4275 868 4350 laxet.
905 4273 1057 4347 Humor
1067 4290 1156 4340 vcro
