2678 4794
221 274 291 345 112
611 285 862 345 comnenus
911 331 914 335 .
1116 290 1202 347 car.
1219 291 1291 347 xm

219 490 314 564 saepe
330 465 397 539 vix
423 465 516 539 satis.
572 462 671 534 Vitae
694 484 812 559 genus
837 460 1009 549 otiosum,
1035 463 1292 554 sedentarium,

219 579 339 653 victus
356 577 496 676 plenus,
513 574 697 671 opiparas,
714 574 939 646 excretioncs
956 573 1072 648 aolitae
1082 602 1293 675 suppressae,

218 689 411 788 plenitudo
427 708 596 758 vasorum
613 708 699 782 quae
715 684 931 784 sanguinem
949 685 1103 773 vehunt,
1121 712 1295 764 nonnun-

217 825 328 898 quam
346 797 465 871 subita
482 796 684 869 exinanitio
701 797 913 882 eorundem,
938 794 1068 871 laxitas
1093 822 1156 871 seu
1174 799 1294 873 flacci·

216 913 309 984 ditas
326 907 520 982 solidarum
535 909 718 1005 partium;
735 907 933 1005 aliquando
943 932 1031 982 vero
1042 911 1160 983 tensio
1176 912 1296 985 nimia

215 1022 384 1094 fibrarum
406 1020 650 1106 moventium,
667 1044 756 1093 usus
773 1017 1009 1105 diluentium,
1026 1022 1227 1117 praesertim
1241 1034 1294 1096 te-

213 1131 395 1230 pidorum,
413 1129 517 1218 calor,
534 1130 871 1229 quomodocunque
885 1130 1055 1204 admotus
1071 1130 1194 1218 fuerit,
1212 1157 1292 1207 sen·

213 1267 274 1316 sus
290 1243 441 1330 acutior,
459 1245 613 1318 nimiam
630 1242 875 1317 mobilitatem
892 1242 994 1316 dant.
1210 1320 1215 1326 ,

261 1376 481 1430 cccnxxru
506 1355 638 1430 Potest
662 1379 739 1430 esse
754 1354 815 1429 vel
839 1353 1016 1453 generalis
1032 1354 1093 1429 vel
1117 1353 1291 1453 specialis,

211 1480 323 1565 prout
339 1492 456 1540 causae
480 1465 560 1563 ejus
585 1467 645 1541 vel
661 1467 757 1565 parti
781 1465 926 1539 cuidam
944 1465 1004 1540 vel
1020 1467 1191 1541 universo
1216 1492 1290 1541 cor-

210 1579 290 1676 pori
307 1579 465 1652 admotae
481 1577 628 1651 fuerint.

259 1713 461 1765 ccccxxv,
490 1689 607 1787 Vigor
621 1687 798 1787 generalis
814 1712 895 1762 raro
911 1689 1104 1764 morbosus
1129 1699 1205 1765 est:
1232 1691 1286 1765 ni·

208 1803 307 1876 mius
324 1813 449 1875 tamen
465 1800 696 1900 quarundam
714 1799 877 1898 partium
890 1798 1192 1890 musculosar'um,
1211 1827 1287 1902 prae

208 1913 297 1998 aliis,
313 1915 429 2011 vigor,
447 1934 714 2010 nonnunquam
739 1909 956 1985 observatus
980 1922 1045 1985 est.
1097 1914 1145 1987 In
1163 1925 1289 1990 mente

208 2025 332 2122 captis,
362 2025 401 2097 in
430 2022 655 2123 phreniticis,
683 2022 814 2122 ingens
831 2022 887 2096 vis
913 2023 1087 2098 omnium
1105 2025 1288 2125 musculo·

207 2161 302 2223 rum,
331 2135 529 2234 prasertim
547 2136 615 2233 qui
640 2132 826 2208 voluntati
856 2145 997 2233 parent,
1026 2146 1225 2234 spectatur,
1249 2150 1287 2213 et

207 2271 283 2321 non
299 2248 485 2323 immerito
497 2245 842 2321 morbidahabetur.
880 2246 995 2321 Ratio
1006 2248 1101 2322 tanti
1118 2272 1286 2325 excessus
1311 2328 1317 2343 ,

208 2360 293 2433 satis
309 2359 461 2434 obseura
477 2359 647 2445 videtum
685 2359 751 2458 qui
778 2367 902 2433 tamen
930 2359 977 2432 ad
994 2369 1134 2437 statum
1151 2363 1285 2437 cerebri

206 2472 302 2546 male
318 2497 356 2546 se
372 2472 540 2547 habentis
556 2470 665 2572 plane
681 2470 894 2546 referendus
906 2481 976 2566 ¹est
1017 2474 1021 2481 ’

256 2608 476 2661 cccnxxvr.
502 2582 760 2683 Frequentior,
787 2593 826 2659 et
852 2582 1000 2681 majoris
1017 2587 1209 2675 momenti,
1233 2584 1286 2661 vi·

206 2697 304 2794 goris
320 2721 498 2783 excessua,
527 2697 741 2771 observatur
766 2693 922 2768 inlibris
938 2694 1190 2771 miraculorum
1222 2698 1287 2798 qui

207 2804 409 2880 voluntatis
435 2808 632 2907 imperium
661 2831 736 2881 non
770 2815 984 2905 agnoscunt,
1019 2809 1221 2904 prasertim
1248 2812 1288 2887 in

206 2915 250 2987 iis
279 2918 346 3014 qui
375 2919 592 3015 sanguinem
622 2927 786 2993 movent.
837 2914 965 3013 Hujus
989 2915 1164 2992 circuitus
1188 2944 1288 3023 saepe

204 3037 336 3122 praeter
351 3025 499 3101 solitum
519 3028 738 3116 intenditur,
754 3053 829 3103 non
848 3029 926 3104 sine
941 3029 1045 3128 gravi
1060 3029 1286 3110 valetudinis

203 3150 243 3211 et
260 3138 348 3212 vitae
363 3139 599 3213 incommodo
614 3152 680 3215 aut
696 3139 868 3240 periculo.
919 3140 1056 3243 Levior
1073 3141 1286 3240 hujusmodi

204 3274 383 3339 excessus,
413 3260 537 3326 totum
567 3275 698 3350 corpus
715 3252 928 3353 pervadens,
957 3252 1124 3328 homines
1149 3257 1285 3332 morbis

203 3361 528 3438 inflammationem
563 3363 784 3440 habentibus
816 3375 1045 3464 opportunos
1078 3366 1212 3455 reddit,
1246 3381 1284 3444 et

201 3471 379 3550 diathesis
388 3475 616 3576 phlogistico
632 3477 732 3575 apud
751 3476 909 3550 medicos
926 3477 1047 3551 vocari
1064 3477 1178 3554 solet:
1204 3504 1284 3579 gra-

203 3584 283 3658 vior
298 3598 435 3674 autem,
452 3601 490 3662 et
507 3590 618 3687 partis
631 3588 833 3688 singularis,
851 3588 889 3661 in
903 3588 982 3685 ipsa
994 3586 1284 3667 inflammatione

201 3696 373 3771 cernitur.

250 3831 484 3898 cccnxxvn.
508 3813 659 3890 Nimius
676 3814 783 3913 vigor
797 3811 973 3889 fibrarum
990 3813 1283 3891 musculosarum

200 3919 285 3992 oriri
302 3932 433 4019 potest,
458 3923 518 3997 vel
544 3927 621 3999 avi
644 3923 1020 4023 nervosa(cccxxv1)
1051 3940 1184 4025 praeter
1208 3952 1282 4001 mo·

201 4030 290 4106 dum
316 4044 433 4120 aucta,
459 4033 576 4108 veluti
601 4037 640 4109 iu
669 4035 818 4120 insania,
844 4035 1064 4134 phrenitide,
1090 4048 1156 4113 aut
1174 4037 1282 4113 vehe-

202 4153 327 4217 mente
343 4145 455 4218 animi
471 4144 628 4228 affectu.;
662 4144 723 4219 vel
738 4169 761 4219 a
777 4145 891 4221 nimia
907 4147 1082 4223 fibrarum
1113 4152 1298 4240 tensione
