2678 4794
136 251 182 328 98
330 344 340 363 .
541 268 790 327 constructus
1045 271 1130 326 cre.
1147 267 1207 327 xt

136 445 237 521 unde
260 442 354 522 rnir'a
376 468 502 522 eorum
527 447 583 521 vis
607 444 770 520 derivate
793 454 908 529 esset;
946 443 1117 523 subtilius
1145 448 1208 522 ali·

137 560 286 658 quando
302 585 413 662 quum¹
429 581 514 632 vere
529 557 632 631 dere
647 556 733 629 satis
748 556 912 654 simplice
927 556 1142 634 ratiocinati.

187 695 332 749 cccxx.
357 671 446 743 Vim
472 668 653 743 resiliendr
680 666 777 741 haud
794 669 978 767 exiguam,
1003 691 1077 742 non
1104 695 1211 745 secus

137 808 178 858 ac
193 787 311 858 omnis
327 805 406 881 pars
422 780 535 855 solida
552 802 744 880 corporum
762 779 975 854 animalium
1014 779 1210 856 manifeste

136 895 321 996 possident
337 891 513 978 musculi;
538 895 649 968 etiam
666 905 748 991 post
766 903 921 967 mortem
949 893 1207 991 superstitem:

136 1005 311 1107 quicquid
327 1024 415 1080 vero
442 1013 566 1080 motus
582 1004 739 1104 emplius
755 1005 902 1091 hubent,
927 1003 967 1077 id
991 1004 1106 1077 avita
1127 1029 1206 1077 om·

135 1118 226 1192 nino
238 1115 386 1214 pendet,-
410 1129 449 1191 et
476 1140 615 1192 auexu
631 1118 698 1216 qui
726 1117 822 1218 ipsos
850 1116 946 1191 inter
962 1124 1000 1189 et
1016 1114 1208 1193 cerebrum

135 1236 172 1300 et
188 1250 319 1302 nervos
334 1229 542 1305 intercedit

180 1357 344 1416 cccxxi.
363 1339 540 1416 Proxima
555 1351 679 1416 temen
695 1349 779 1441 post
794 1339 889 1414 hanc
904 1338 1106 1437 simplicem
1125 1340 1205 1414 vim

131 1449 323 1538 resiliendi,
351 1465 406 1527 est
430 1453 486 1527 vis
501 1477 587 1552 quae
601 1463 754 1527 vocatur
777 1452 902 1528 tonica
932 1448 1206 1526 musculorum:

131 1563 321 1649 nimirum,
337 1562 511 1637 distentio
526 1564 604 1662 ipsa
620 1562 792 1638 stimulus
809 1572 875 1649 est,
894 1563 955 1638 cui
971 1562 1091 1636 omnis
1107 1586 1207 1637 mus·

130 1674 235 1749 culus
264 1684 366 1772 paret
394 1675 521 1766 (cocu,
550 1679 705 1771 cccv1);
744 1681 781 1747 et
806 1697 933 1748 omnes
957 1672 1032 1746 fere
1048 1674 1207 1748 musculi

131 1787 209 1861 vivr
198 1783 385 1861 hominis
413 1787 495 1887 plus
511 1786 636 1860 minus
662 1785 924 1860 distenduntur
945 1784 1041 1858 ultra
1066 1795 1206 1861 statum

131 1898 346 1985 naturalem,
374 1922 462 1973 eum
491 1895 627 1973 scilicet
643 1906 792 1987 statum,
819 1921 944 1998 quem,
965 1922 1042 1972 suae
1065 1898 1205 1996 spontis

133 2008 227 2095 fecti,
244 2019 422 2083 tenerent.
733 2043 739 2053 ·
1060 2042 1077 2077 ⁴

139 2142 356 2196 mcccxxu
399 2120 629 2219 Hujusmodi
662 2121 837 2197 distentio
868 2119 1023 2207 datur,
1014 2123 1204 2220 rmprimis‚

131 2231 217 2331 ipsis
233 2233 369 2332 quibus
385 2233 633 2309 adnectuntur
658 2235 908 2327 crescentibus,
930 2234 1092 2318 ossibus;
1121 2241 1204 2308 tum

131 2369 281 2446 quoque
309 2346 452 2421 actione
481 2344 731 2422 musculorum
762 2348 1026 2447 oppositorum,
1051 2345 1203 2444 recipro-

128 2481 274 2544 eorum3
300 2467 381 2534 tum
394 2482 504 2564 porro
512 2458 674 2558 pondere
690 2462 851 2560 partium
869 2459 1097 2560 quarundam
1112 2481 1203 2555 quas

128 2570 287 2645 musculi
304 2572 507 2657 sustinent3
532 2582 570 2646 et
597 2571 757 2671 denique
783 2572 1013 2671 plenitudine
1028 2589 1202 2644 cavorurn

129 2705 347 2779 organorum
375 2692 442 2756 aut
457 2676 648 2767 viscerum,
677 2707 763 2779 quae
792 2680 947 2754 musculi
976 2680 1204 2770 circundant,

128 2792 189 2863 vel
204 2793 425 2888 quibuscum
442 2793 565 2889 quivis
582 2783 694 2865 modo
709 2799 987 2864 connectuntur.

135 2932 140 2939 ·
177 2920 374 2976 cccxxiii.
404 2902 474 2975 Vis
498 2901 620 2976 turrim
644 2909 813 2999 augetur,
842 2907 880 2971 et
906 2898 1012 2997 vigor
1048 2898 1204 2976 actionis

128 3011 284 3086 musculi
295 3011 415 3098 simul,
433 3011 567 3108 majore
576 3010 820 3085 distentione:
838 3009 989 3097 minore,
1007 3010 1201 3090 minuitur.

129 3120 233 3195 Hinc
258 3121 519 3222 intelliguntur
533 3145 701 3197 vasorum
720 3121 959 3220 plenitudinis
984 3122 1136 3197 effectus
1161 3126 1200 3201 in

126 3245 234 3309 motu
259 3232 446 3334 sanguinis
469 3233 676 3309 incitando:
706 3233 792 3310 hinc
816 3260 967 3335 quoque
994 3236 1087 3308 ratio
1111 3258 1202 3334 pen·

126 3346 201 3433 det,
226 3348 414 3448 sanguinis
437 3347 477 3421 in
495 3338 623 3421 multis
640 3347 775 3422 morbis
792 3348 986 3432 mittendi;
1011 3349 1200 3437 nimirum,

119 3471 202 3556 'quo
218 3480 293 3533 non
310 3459 429 3545 detur,
446 3458 519 3532 ad
510 3469 690 3556 impetum
710 3486 897 3561 sangumu
907 3460 1200 3561 temperandum

124 3569 258 3644 certius
274 3583 341 3644 aut
357 3571 571 3674 presentius
587 3573 779 3647 auxilium

174 3703 362 3758 cccxxm
388 3682 485 3758 Haec
507 3693 632 3758 autem
650 3685 705 3759 vis
731 3684 864 3773 tonica,
893 3696 1075 3784 quatenus
1091 3711 1113 3758 a
1129 3686 1201 3760 dis

124 3794 289 3867 tentione
305 3794 486 3924 pendeat,
492 3819 585 3883 suos,
603 3806 641 3871 et
657 3798 809 3895 quidem
823 3800 908 3871 satis
932 3809 1048 3873 arctos
1064 3798 1202 3872 limites

124 3902 292 3981 habet:
281 3931 412 4006 lugens
429 3908 529 3980 enim
546 3919 611 3982 aut
634 3909 811 3983 diuturna
825 3909 997 3985 fibrarum
1017 3909 1199 3984 musculo·

123 4041 244 4093 sarum
255 4018 430 4092 distentio
440 4028 586 4093 tantum
598 4021 700 4094 abest
717 4031 760 4094 ut
776 4023 1060 4119 contractionem
1071 4044 1199 4096 earum

122 4129 318 4210 faciliorem
344 4140 382 4205 et
411 4130 624 4206 validiorem
661 4131 799 4221 reddat,
836 4142 881 4206 ut
910 4134 1064 4210 eandem
1081 4143 1084 4149 ’
1100 4156 1200 4233 saepe
