2678 4794
147 382 222 455 316
551 393 803 451 consuamus
1026 394 1221 450 canxxv.

147 576 318 663 strumis,
331 570 507 658 aeorbuto,
531 573 594 644 &a
619 568 760 645 curatio
785 568 844 643 vel
859 569 988 657 omnis,
1011 571 1072 645 vel
1088 593 1220 669 magna

146 713 196 763 ex
212 701 323 787 parte,
347 685 464 759 dieta
478 680 744 768 committitun
770 681 833 755 et
823 705 1028 769 innumera,
1056 697 1095 757 et
1112 682 1221 759 valde

146 798 347 900 perurbana
372 821 457 896 quae
472 794 606 869 medici
630 794 679 869 de
702 818 745 869 ea
768 795 1028 892 egrotantibus
1052 795 1140 869 dare
1167 818 1223 869 so·

145 911 223 986 lent
245 919 434 1009 praeoepta,
458 907 507 981 ad
522 908 638 982 varias
661 930 729 994 res,
759 916 842 983 tum
859 906 976 983 morbi
993 917 1165 981 naturam
1185 915 1222 981 et

143 1022 332 1122 originem,
356 1031 441 1095 tum
464 1043 617 1120 quoque
640 1019 730 1119 oegri
755 1028 903 1106 statum,
929 1028 1089 1116 spectare
1113 1042 1218 1116 opor·

144 1144 207 1210 tet.

190 1267 279 1320 nnv,
305 1244 664 1351 Oportetimprimis
680 1243 784 1319 oibus
799 1254 932 1319 natura
954 1253 992 1318 et
1009 1243 1115 1340 eopia
1139 1241 1216 1317 talis

119 1357 197 1444 sit,
223 1357 342 1455 qualis
369 1366 408 1432 et
423 1366 532 1457 aptus
556 1358 603 1432 sit
626 1355 759 1433 alendo
782 1365 821 1430 et
846 1355 1042 1430 reficiendo
1067 1354 1213 1454 oorpori,

138 1477 177 1543 et
193 1469 305 1546 simul
322 1494 397 1545 non
421 1470 532 1544 nimis
549 1470 768 1544 nutrimenti
785 1469 954 1567 praebeat,
979 1478 1017 1542 at
1039 1478 1211 1543 conooetu

137 1581 251 1657 facilis
277 1585 336 1671 sit,
360 1592 398 1657 et
427 1581 529 1656 nulla
558 1582 676 1655 morbi
693 1581 828 1655 indicia
855 1591 1000 1680 augeat,
1030 1604 1099 1656 neo
1122 1602 1213 1656 nora

139 1694 234 1768 mala
248 1696 412 1782 induoat,
429 1695 493 1769 sed
509 1694 686 1768 morbosae
697 1694 856 1790 eorporis
872 1693 1087 1779 conditioni,
1104 1714 1213 1792 quen·

139 1815 224 1882 turn
251 1808 329 1882 fieri
355 1807 478 1906 possit,
504 1805 729 1894 adversetur,
761 1814 802 1879 et
829 1805 934 1902 quasi
967 1805 1133 1879 remedio
1159 1805 1211 1881 sit.

138 1918 272 2016 Neque
287 1919 448 2016 profecto
463 1917 556 1992 levis
568 1917 749 1992 momenti
759 1926 825 2004 est,
838 1927 882 1991 ut
892 1916 1000 1990 diaeta
1011 1918 1213 2016 prescripta

136 2031 242 2126 aegris
258 2030 344 2128 ipsis
361 2052 436 2103 non
453 2029 567 2104 nimis
582 2029 727 2127 ingrata
743 2028 811 2113 sit;
834 2030 890 2101 sin
908 2030 1032 2103 minus
1048 2040 1212 2105 metuen-

136 2141 229 2214 dum
246 2142 325 2229 erit,
342 2164 391 2215 ne
406 2141 541 2215 medici
557 2142 605 2215 de
620 2165 664 2214 ea
687 2151 869 2240 praesepta
892 2151 958 2216 aut
982 2165 1131 2239 prorsus
1153 2162 1212 2215 ne·

136 2251 336 2352 gligantur,
368 2263 434 2328 aut
457 2277 589 2353 parum
615 2262 781 2327 accurate
809 2252 1072 2339 observentur;
1108 2251 1211 2354 pauci

134 2365 234 2438 enirn
262 2374 405 2441 tantam
420 2368 497 2441 vim
519 2375 633 2465 atque
656 2365 898 2441 constantiam
921 2366 1036 2439 animi
1063 2365 1209 2454 habent,

135 2484 181 2551 ut
204 2477 244 2552 in
268 2476 326 2552 his
350 2479 459 2555 rebus
475 2477 657 2578 quamdiu
679 2503 774 2579 opus
798 2477 910 2552 fuerit
925 2478 994 2552 sibi
1018 2478 1209 2578 imperent,

134 2590 330 2690 morbique
346 2593 573 2668 sanationem
590 2602 673 2667 tam·
684 2593 777 2667 dura
791 2590 873 2690 lege
888 2590 1081 2689 aucipiant

184 2725 255 2777 arv.
281 2704 396 2793 Quod
412 2708 555 2804 copiam
571 2705 643 2781 cibi
658 2706 804 2790 attinet,
819 2704 884 2776 vix
900 2713 967 2778 aut
983 2726 1031 2777 ne
1047 2702 1115 2777 vix
1130 2701 1209 2801 qui·

132 2812 219 2884 dem
244 2814 390 2888 definiri
414 2828 558 2914 potest;
584 2826 825 2915 preterquam
851 2815 951 2888 enim
980 2812 1081 2913 quod
1104 2813 1209 2910 oopia
1248 2896 1251 2903 ,

44 3010 50 3019 ι
132 2946 219 3019 quae
247 2929 445 2999 neoesaria
472 2951 619 3025 prorsus
642 2926 755 2999 fuerit
782 2927 897 3001 variat
918 2948 1026 3025 quam
1043 2924 1208 2998 maxime

130 3033 171 3106 in
196 3032 347 3108 diversis
373 3035 596 3122 bominibus,
619 3045 685 3109 aut
712 3037 751 3109 in
769 3037 911 3125 iisdem,
940 3037 1088 3113 diversis
1113 3045 1208 3110 tem·

131 3144 291 3243 poribus,
317 3144 439 3219 multo
453 3146 640 3221 difficilius
663 3154 720 3220 est
743 3147 783 3221 in
808 3150 1016 3247 quantitate
1031 3173 1147 3248 quam
1169 3149 1206 3223 in

129 3257 308 3357 qualitate
321 3282 413 3333 esoae
428 3257 576 3333 sibimet
591 3273 803 3358 temperare.
854 3261 974 3336 Multi
1001 3287 1024 3335 a
1040 3261 1205 3362 volupta»

130 3371 231 3447 tibus
257 3372 458 3472 splendidae
488 3395 631 3460 mensae,
670 3397 760 3472 quas
784 3374 968 3448 nocituras
993 3375 1129 3462 sciunt,
1156 3373 1206 3447 lu·

127 3478 256 3557 bentes
270 3484 525 3572 abstinuerint,
550 3486 618 3583 qui
642 3495 767 3561 tamen
791 3487 927 3560 famem
943 3486 1150 3585 quotidie
1139 3508 1203 3559 un·

125 3601 325 3691 portunam
342 3596 476 3696 agrius
492 3597 747 3685 toleraverint3
773 3608 1006 3698 quapropter,
1022 3597 1097 3673 nisi
1113 3596 1203 3698 peri

125 3704 253 3780 culum
269 3706 411 3808 aliquid
427 3712 576 3810 gravius
593 3721 722 3811 urgeat
737 3723 776 3786 et
792 3713 917 3798 instet,
946 3712 1040 3785 aut
1029 3712 1101 3810 apsi
1117 3706 1203 3810 regri

124 3816 401 3895 inoomrnodum
427 3846 503 3899 suae
519 3824 726 3899 voracitatis
744 3823 825 3921 jam
854 3823 999 3922 experti
1025 3823 1114 3910 sint,
1137 3821 1202 3897 vix

123 3952 217 4029 opus
241 3932 313 4006 erit
348 3924 595 4031 quantitatem
632 3935 797 4010 alimenti
825 3934 1077 4036 praescribam
1120 3943 1201 4009 tum

123 4042 276 4141 quidem
300 4043 409 4119 diaeta
443 4049 650 4145 parcissima
686 4056 725 4146 et
759 4049 972 4124 tenuissima
1002 4045 1201 4122 neoessaria

122 4180 199 4231 esse
214 4167 349 4257 potest,
363 4157 481 4235 forsan
499 4162 611 4237 etiarn
627 4159 750 4236 inedia
765 4160 844 4260 ipsa
859 4185 925 4262 per
939 4159 1092 4260 aliquod
1108 4169 1199 4235 tem·

122 4291 192 4365 pus
208 4269 308 4358 haud
323 4270 475 4349 inutilia
