2678 4794
74 402 166 458 cnr.
183 397 241 455 nr
358 362 581 456 ueniente
599 400 889 462 rnronnrrcn.
1108 400 1159 477 tt

68 588 116 655 nt
132 576 382 655 mirationem
409 579 588 669 redderet,
615 581 751 659 Pmteo
775 585 856 684 ipso
872 584 1086 661 mutabilior
1109 597 1148 664 et

66 693 239 794 fugacior,
256 693 326 767 diu
355 693 598 793 multumque
620 695 698 794 jam
716 696 850 772 snrstra
866 699 1039 797 agitatus,
1070 710 1149 774 tan·

66 805 146 880 dem
161 805 371 907 requieseat
383 808 423 881 in
441 831 540 906 paee.
591 808 691 885 Nam
705 835 790 909 quae
802 834 883 910 spes
894 811 1149 911 prehendendi

66 929 86 963 ‘⁴
99 921 159 996 eui
174 920 218 996 in
227 919 445 1022 pluresjus
461 929 516 997 ert
531 922 700 999 transire
703 923 866 1026 figuras
877 927 916 1003 ?’'

140 1155 162 1184 “
175 1147 253 1209 Nam
266 1146 356 1208 modo
369 1160 399 1207 te
407 1150 558 1227 juvenem,
572 1150 659 1210 modo
674 1164 703 1211 te
715 1152 814 1212 videre
827 1153 950 1225 leonem,

142 1249 163 1277 “
176 1243 263 1302 Nunc
275 1244 420 1303 violentus
434 1264 523 1322 eper3
544 1265 621 1303 nune
634 1266 719 1322 quem
734 1248 862 1324 tetigisse
876 1249 1012 1310 timerent

145 1344 165 1372 “
181 1338 291 1416 Anguis
303 1359 385 1408 eras3
408 1338 494 1399 modo
505 1351 537 1398 te
550 1339 693 1398 faciebant
705 1359 811 1399 cornus
824 1353 939 1400 taurum
952 1365 960 1402 ι

148 1438 168 1465 “
183 1430 262 1509 Saepe
274 1432 340 1510 lepis
353 1445 477 1512 poteras,
491 1435 576 1493 arbor
590 1454 703 1512 quoque
716 1454 792 1512 saepe
806 1435 906 1494 videri.

147 1532 168 1559 “
180 1514 334 1594 Interdum,
350 1526 451 1586 faciem
465 1527 638 1605 liquidarum
653 1530 783 1587 imitatus
797 1548 945 1607 aquarum,

143 1627 164 1656 “
176 1618 297 1680 flumen
309 1642 372 1680 eras
382 1645 393 1694 ;
403 1623 567 1692 interdum,
582 1623 668 1681 undis
682 1624 842 1682 contrarius
856 1625 959 1704 ignis.''

107 1847 237 1900 cxxn.
263 1825 368 1900 Male
392 1851 480 1901 vero
497 1828 544 1902 de
560 1828 617 1902 his
634 1839 700 1904 aut
716 1829 899 1905 similibus
924 1836 1143 1907 commentis

66 1935 191 2013 medici
207 1938 312 2038 prius
330 1940 611 2041 disputaverint,
628 1964 743 2041 quam
760 1942 820 2016 vel
837 1944 1065 2019 observando
1081 1945 1141 2021 vel
1208 2019 1211 2025 .

61 2052 290 2150 experiendo,
318 2054 612 2128 demonstratum
637 2056 761 2143 l'uerit,
786 2055 898 2130 talem
916 2058 1052 2132 retbere
1076 2078 1140 2133 ex·

63 2161 171 2252 idere,
205 2165 373 2265 talesque
399 2167 438 2241 in
462 2190 605 2266 genere
620 2190 777 2243 nervoso
801 2180 927 2243 motus
951 2170 1053 2258 fieri;
1079 2172 1139 2248 vel

61 2275 183 2351 saltem
214 2280 389 2354 credibile
411 2279 561 2356 ¹suetum
593 2281 717 2367 fuerit,
755 2279 890 2355 talibus
920 2283 1139 2379 conjecturis

64 2389 200 2464 nodum
224 2390 389 2466 solutum
413 2394 468 2468 iri.
536 2392 726 2466 Conoessis
755 2393 856 2465 enim
894 2394 1068 2468 omnibus
1093 2395 1144 2468 de

64 2500 197 2575 aetlrere
211 2514 249 2577 et
263 2506 426 2579 motibus
451 2507 489 2580 in
516 2527 660 2605 genere
676 2525 833 2577 nervoso
849 2503 1052 2601 postulatis,
1077 2526 1141 2605 pa·

63 2636 140 2686 rum
158 2616 307 2690 omnino
322 2617 535 2717 proficitur;
564 2639 652 2691 nam
669 2624 846 2690 tremores
863 2638 1063 2691 nervorum
1079 2615 1141 2690 vel

64 2737 178 2802 motus
201 2729 361 2818 etheris,
388 2731 665 2829 qualescunque
688 2737 988 2803 eommentorum
1014 2728 1141 2829 hujus·

64 2840 154 2914 modi
186 2843 429 2916 amantissimi
461 2843 611 2917 sibimet
643 2841 784 2942 fingere
817 2843 1018 2941 potuerint,
1052 2866 1139 2918 nus-

64 2972 164 3046 quam
192 2963 261 3028 aut
290 2979 417 3030 sensus
444 2968 566 3044 erunt,
592 2966 658 3030 eut
684 2958 809 3031 sensui
831 2956 981 3047 similes,
1007 2957 1137 3032 autin

64 3084 212 3156 sensum,
229 3069 438 3144 seeundum
454 3079 560 3145 notar
573 3069 728 3145 Naturae
743 3069 856 3173 leges,
870 3092 1037 3169 unquam
1054 3093 1138 3144 mu·

63 3175 193 3254 labiles.

105 3310 248 3368 cxxm.
275 3293 358 3369 Nee
374 3294 478 3370 facile
493 3296 692 3394 quisquam
709 3295 912 3369 ostenderit
937 3318 1014 3392 quo
1029 3301 1139 3392 paeto

63 3399 221 3479 voluntas
246 3407 375 3496 animi,
412 3408 473 3483 cui
498 3405 683 3482 voluntati
710 3406 803 3482 nihil
828 3406 925 3481 inest
961 3407 1139 3505 corporei,
1193 3458 1197 3463 -

63 3518 326 3608 tenuissimum,
363 3530 403 3595 et
444 3519 739 3609 subtilissimum,
778 3519 1140 3617 mobilissimumque

63 3627 194 3718 erlem,
220 3631 366 3707 facilius
400 3643 467 3708 aut
491 3631 625 3723 melius
651 3658 764 3731 quam
799 3656 930 3707 saxum
967 3631 1138 3718 afficeret,
1194 3659 1197 3664 ·

64 3758 213 3842 eumque
229 3744 271 3818 in
289 3752 418 3821 motus
433 3744 639 3844 conjiceret.

101 3876 243 3932 cmv,
282 3854 366 3930 Nee
401 3856 533 3932 melior
569 3856 641 3931 boc
677 3856 791 3931 modo
814 3866 880 3931 aut
904 3858 1023 3956 magis
1060 3879 1140 3954 per-

63 3964 175 4061 tpienn
190 3970 290 4043 ratio
306 3969 477 4044 redditur
493 3993 669 4045 sensuum
686 3971 754 4068 qui
779 3969 956 4044 dicuntur
984 3966 1141 4047 intemi;

62 4082 242 4157 memoriae
281 4079 430 4168 seilicet,
469 4082 753 4182 imaginationis,
788 4092 827 4156 et
849 4081 996 4180 judieii.
1060 4078 1142 4149 Vix

61 4190 223 4267 credibile
240 4192 313 4265 erit
328 4204 457 4267 motus
475 4193 570 4269 ullos
587 4194 625 4268 in
638 4219 782 4295 genere
809 4215 966 4268 neruoso
994 4183 1145 4264 retineri

14 4378 19 4389 ,
61 4310 96 4373 et
109 4304 230 4395 eundi,
249 4316 381 4382 nostro
397 4307 549 4383 arbitrio
565 4309 691 4385 denuo
703 4315 899 4406 erupturos
915 4310 954 4375 et
971 4315 1147 4374 renovun·
1253 4394 1258 4403 .
