2678 4794
217 405 287 480 106
615 428 865 484 cossrucrus
1124 432 1210 485 csr.
1228 430 1281 484 x1.

213 615 339 679 motus
355 605 461 689 fiunt,
477 602 664 700 eoplures,
681 614 720 678 et
732 629 826 703 saepe
840 605 960 678 minus
976 604 1164 691 intellecti,
1181 603 1283 703 quod

214 729 333 814 partes
349 717 435 814 ipsae
446 715 592 790 intactae
609 728 807 791 moventur
829 715 991 802 stimulo,
1016 716 1285 814 qualiscunque

213 827 244 900 is
270 828 389 912 fuerit,
426 825 504 900 aliis
530 839 569 901 et
597 829 746 903 remotis
773 831 936 928 partibus
963 829 1120 904 udmoto.
1184 829 1287 914 Hoc,

212 961 415 1022 consensus,
433 938 490 1012 vel
508 939 720 1040 sympathia
737 966 905 1028 nervoso,
931 942 1051 1016 vocari
1068 941 1181 1020 solet:
1221 966 1286 1015 cu·

205 1049 268 1147 jus
297 1049 456 1135 scientia,
481 1052 636 1140 medico,
661 1065 744 1128 tum
773 1054 821 1127 ad
837 1054 1101 1152 dignoscendos
1126 1065 1210 1127 tum
1236 1054 1285 1127 ad

209 1160 386 1236 sanandos
406 1164 558 1250 morbos,
583 1166 763 1264 imprimis
780 1165 881 1239 utilis
897 1165 977 1239 erit.

258 1295 400 1349 ccccvr.
440 1276 580 1351 Totum
616 1302 746 1376 corpus
780 1301 853 1351 uua
882 1277 1051 1352 machina
1078 1285 1142 1361 est,
1177 1276 1283 1374 cujus

208 1386 319 1465 variae
348 1401 477 1485 partes,
511 1389 695 1487 variaeque
723 1391 893 1475 actiones,
927 1390 973 1463 ad
1000 1400 1140 1462 certum
1168 1387 1283 1462 finem

209 1499 426 1594 conspirant.
477 1499 605 1574 Partes
622 1501 792 1598 quaedam
816 1500 915 1574 illius
939 1523 1092 1573 munere
1109 1499 1178 1570 sibi
1202 1524 1284 1598 pro·

169 1655 173 1666 ·
209 1612 289 1709 prio
323 1610 558 1711 funguntur:
613 1612 724 1708 longe
757 1636 844 1687 vero
885 1611 1008 1708 plures
1049 1633 1283 1686 communem

209 1747 294 1798 cum
313 1723 390 1798 aliis
408 1725 570 1822 partibus
594 1723 821 1798 functionem
844 1722 1000 1796 habent:
1038 1745 1161 1820 neque
1177 1733 1284 1798 oertae

208 1848 329 1936 partes
353 1837 446 1912 affici
482 1847 645 1936 possunt,
671 1836 761 1934 quin
799 1844 878 1908 tota
902 1834 1080 1919 machina,
1118 1834 1284 1932 ejusdem

209 1948 409 2022 affectionis
427 1941 606 2047 particeps
631 1946 734 2032 facta,
761 1970 890 2046 graves
908 1947 1127 2021 mutationes
1145 1946 1282 2021 subeat.

209 2060 314 2135 Hinc
330 2084 526 2135 consensus
554 2062 623 2135 iste
650 2059 838 2160 generalis,
864 2084 941 2157 quo
958 2083 1086 2132 omnes
1110 2058 1185 2132 fere
1209 2083 1284 2132 cor-

209 2173 305 2271 poris
330 2183 450 2268 partes
475 2181 675 2273 reguntur;
713 2173 799 2247 hinc
827 2195 978 2271 quoque
1002 2195 1198 2245 consensus
1224 2169 1285 2244 ille

209 2283 381 2381 specialis,
420 2309 496 2384 quo
520 2285 564 2359 fit
588 2295 633 2360 ut
657 2295 778 2384 partes
806 2310 891 2383 quae
915 2284 1106 2359 communi
1131 2307 1285 2357 munere

208 2393 428 2494 funguntur,
453 2407 570 2472 semet
595 2399 754 2474 invicem
776 2399 944 2484 afficiant,
969 2397 1112 2496 reliquo
1136 2419 1285 2496 corpore

209 2533 339 2607 parum
358 2508 417 2583 vel
434 2509 527 2584 nihil
544 2521 699 2586 mutato.

258 2645 431 2696 cccnvu.
461 2622 650 2697 Generalis
666 2610 862 2698 consensus
877 2623 1089 2697 observatur'
1117 2621 1215 2694 inter
1230 2644 1286 2694 oe·

208 2733 356 2805 rebrum
373 2745 412 2805 et
428 2741 552 2806 totum
566 2757 692 2831 genus
707 2756 915 2815 nervosum,
940 2731 1098 2825 ideoque
1115 2731 1294 2807 interce..

208 2841 355 2914 rebrum
389 2852 427 2914 et
462 2843 676 2915 universum
709 2864 859 2937 oorpus:
900 2839 1003 2936 quod
1035 2838 1199 2935 profecto
1233 2842 1289 2919 nil

208 2952 356 3038 mirum,
383 2952 522 3047 quippe
538 2951 643 3048 cujus
660 2949 714 3021 vis
731 2950 889 3023 omnisa
912 2950 1058 3023 cerebro
1087 2948 1288 3031 derivetur.

208 3063 334 3148 Porro,
351 3085 546 3135 consensus
566 3063 629 3135 vix
646 3061 769 3134 minus
785 3060 964 3159 generalis
977 3060 1173 3136 intercedit
1189 3065 1287 3142 inter

208 3172 454 3249 ventriculum
484 3182 523 3247 et
555 3183 678 3248 totum
703 3195 830 3271 genus
858 3197 1054 3249 nervosum
1066 3203 1078 3257 ;
1121 3177 1214 3273 quin
1248 3186 1287 3252 et

208 3289 302 3362 cutis
319 3289 407 3387 ipsa,
418 3287 629 3361 membrana
642 3285 841 3373 reticulata,
858 3287 952 3360 vasis
965 3289 1161 3385 nervisque
1173 3289 1295 3386 probe'

206 3400 394 3486 instructa,
424 3412 569 3476 tuntum
599 3421 817 3474 consensum
845 3423 932 3473 cum
956 3397 1105 3496 reliquis
1121 3401 1288 3496 partibus

207 3513 365 3608 corporis
395 3512 514 3600 habet,
544 3524 587 3588 ut
618 3537 729 3611 parva
746 3511 948 3585 admodum
977 3511 1056 3607 ejus
1073 3536 1164 3609 pars,
1189 3523 1290 3587 certa

207 3624 347 3698 ratione
363 3624 503 3707 affecta,
534 3635 649 3699 totam
668 3625 813 3710 afficiat,
842 3633 880 3696 et
897 3623 936 3696 in
954 3623 1103 3696 remotis
1128 3625 1288 3722 corporis

206 3737 382 3834 partibus,
400 3736 613 3824 ventriculo,
630 3737 789 3822 renibus,
806 3745 844 3809 et
861 3737 1031 3810 universo
1043 3758 1186 3834 genere
1201 3759 1288 3810 ncr-

208 3871 302 3931 vosu
321 3849 428 3923 miras
446 3852 673 3925 mutationes
685 3850 846 3923 inducat.

256 3983 446 4036 cccrvrrr.
466 3943 844 4060 Specialisoousensris
862 3958 979 4034 multa
992 3959 1162 4057 exempla
1178 3970 1288 4035 sunt:

207 4071 303 4147 inter
329 4075 432 4147 binos
457 4073 594 4159 oculos,
623 4075 720 4147 inter
744 4070 903 4147 retinam
928 4080 966 4144 et
983 4071 1194 4145 musculum
1220 4096 1289 4171 pu·

207 4184 305 4283 pillae
320 4185 485 4284 ejusdem
504 4185 612 4271 oculi,
638 4185 734 4258 inter
750 4197 899 4260 uterum
917 4194 955 4257 et
972 4206 1162 4272 mammas,
1191 4185 1290 4258 inter

206 4297 423 4396 pulmonem
448 4309 486 4376 et
511 4309 659 4399 sept-um
684 4309 943 4386 transversum,
980 4297 1077 4372 inter
1104 4295 1227 4373 fauces
1253 4302 1290 4368 et
