2678 4794
59 326 155 385 car.
172 321 265 379 xix.
362 321 584 380 nnmerum
603 316 891 379 runonurma.
1078 314 1147 390 193

58 500 282 602 deniqussi
297 498 392 575 forte
408 500 501 601 quid
519 500 617 588 mali,
633 510 699 575 aut
715 500 846 575 abortu
863 509 928 575 ant
945 503 1148 600 puerperio,

58 614 212 692 mulieri
227 613 408 701 acciderit,
425 615 514 712 ipsae
529 637 605 687 suae
621 614 747 687 uxoris
764 613 942 711 parricida
961 612 1148 687 habeatur.

112 749 279 803 ncxnvn
317 726 601 829 Nonnunquam
636 725 848 824 appetentia
872 722 1072 799 vehemens
1096 723 1150 799 rei

54 840 217 917 insolita
232 839 378 937 vixque
406 837 602 912 esculentae
630 838 854 923 observatur,
880 862 902 911 a
926 850 1025 911 certo
1049 845 1149 911 statu

55 950 268 1037 ventriculi,
308 974 395 1049 quae
419 962 545 1024 tamen
570 949 722 1024 salubris
747 974 824 1023 esse
852 957 996 1047 potest:
1031 947 1150 1023 veluti

55 1066 244 1165 cupiditas
260 1060 545 1150 atrabensem,
562 1071 806 1149 utvocantur,
824 1060 979 1135 amulto
991 1084 1094 1135 acore
1106 1060 1148 1133 in

58 1175 282 1263 ventriculo,
300 1175 359 1249 vel
376 1175 565 1250 acidorum
582 1185 621 1247 et
636 1174 756 1247 omnis
773 1173 894 1247 herbae
910 1177 949 1247 in
964 1173 1146 1260 scorbato,

60 1288 127 1363 vel
141 1288 224 1362 vini
239 1296 278 1362 et
294 1287 470 1361 similium
488 1287 527 1359 in
545 1286 654 1359 febre.
703 1284 935 1382 Hujusmodi
959 1286 1145 1373 desideria,

58 1401 95 1475 si
113 1400 160 1473 iis
175 1397 308 1473 modici
324 1398 552 1498 indulgetur,
569 1421 664 1496 saepe
680 1407 845 1495 prosunt,
862 1420 942 1471 raro
959 1408 1103 1472 nocent.

115 1532 295 1587 nexum
314 1511 412 1600 Sitis,
433 1535 508 1586 non
525 1532 628 1584 secus
645 1533 686 1584 ac
703 1509 825 1596 fames,
841 1508 1040 1608 aliquando
1057 1508 1145 1583 defi-

59 1623 126 1711 cit,
150 1622 348 1723 aliquando
372 1626 485 1699 nimia
502 1623 726 1698 observatur.
776 1620 958 1697 Defectus
983 1622 1062 1721 ejus
1079 1622 1145 1695 vix

55 1735 252 1812 morbosus
275 1735 466 1811 habendus
491 1748 556 1824 est,
581 1735 788 1811 dummodo
812 1734 987 1810 valetudo
1015 1743 1144 1808 caetera

53 1848 221 1927 secunda
255 1848 379 1939 fuerit,
416 1860 455 1923 et
479 1850 666 1923 concoctio
690 1848 762 1922 cibi
795 1848 912 1933 bona;
953 1847 1143 1931 nimirum,

52 1963 148 2061 quia
182 1970 277 2037 tuno
299 1961 496 2035 verisimile
531 1971 597 2049 est,
634 1985 765 2060 corpus
800 1971 893 2060 potu
918 1982 995 2033 non
1024 1980 1142 2058 egere.

52 2073 157 2149 Sunt
171 2073 239 2171 qui
254 2095 449 2170 nunquam
466 2073 620 2160 sitiunt;
646 2073 824 2158 homines
842 2073 988 2159 scilicet,
1005 2071 1140 2147 cousti-

53 2186 214 2261 tutionis
228 2186 388 2284 corporis
404 2184 578 2271 humidae,
594 2184 786 2283 fluidoque
797 2185 878 2261 cibo
889 2194 1046 2272 utentes,
1058 2183 1140 2282 qui·

52 2295 124 2373 bris
138 2297 323 2398 copiosior
350 2297 422 2373 oris
439 2296 640 2372 hmnomm
664 2298 815 2371 secretio
832 2319 1025 2394 nunquam
1052 2294 1141 2370 sinit

52 2406 177 2485 uuoes
191 2432 362 2484 arescere.

104 2544 313 2599 uchvm.
344 2522 431 2596 Sitis
448 2545 535 2593 vero
553 2518 666 2606 nulla,
683 2542 769 2592 cum
786 2517 911 2592 fauces
927 2517 1048 2604 aridae,
1075 2514 1143 2589 lin·

56 2658 133 2734 gua
147 2634 286 2720 scabra,
304 2632 447 2732 alioque
464 2634 569 2731 signa
595 2640 778 2704 testantur
795 2630 915 2704 multo
931 2638 1024 2727 potu
1051 2650 1145 2726 opus

57 2770 158 2833 esse3
182 2771 228 2821 ea
246 2747 398 2821 demum
415 2769 502 2820 vere
530 2743 700 2817 morbosa
715 2755 781 2829 est,
810 2751 849 2816 et
877 2741 976 2817 haud
994 2739 1146 2815 secundi

57 2858 216 2945 ominis;
241 2858 290 2933 ad
307 2854 506 2957 stuporem,
533 2856 716 2942 delirium,
745 2855 874 2929 laesum
891 2855 1015 2952 aliquo
1031 2853 1144 2927 modo

57 2971 260 3059 cerebrum,
276 2972 352 3045 sere
367 2971 577 3055 referenda;
604 2994 679 3068 quo
691 2969 745 3055 fit,
763 2978 808 3043 ut
823 2993 920 3067 aeger
937 2966 1142 3052 stimulum,

57 3085 230 3181 quamvis
247 3083 432 3170 validum;
440 3093 601 3180 nequeat
617 3083 811 3181 percipere.

108 3216 280 3271 ncxnlx.
298 3196 426 3270 Nimia
439 3196 528 3280 sitis,
541 3194 770 3293 frequentius
782 3192 905 3267 multo
917 3193 1000 3266 vitii
1012 3215 1141 3291 genus

58 3306 190 3393 oritur,
215 3305 273 3379 vel
298 3306 344 3379 ab
369 3306 493 3404 inopia
516 3309 678 3403 partium
701 3305 900 3380 fluidamm
925 3304 964 3375 in
982 3325 1141 3400 corpore,

60 3417 176 3493 veluti
193 3418 225 3492 si
242 3429 354 3517 potus
371 3418 435 3492 diu
447 3428 603 3516 negatus
615 3417 748 3503 fuerit:
767 3418 825 3493 vel
838 3419 869 3491 si
879 3440 1010 3515 corpus
1023 3413 1144 3488 valida

62 3531 330 3617 exercitatione,
353 3541 420 3605 aut
437 3531 579 3617 sudore,
605 3540 671 3605 aut
686 3529 759 3605 alvi
776 3541 841 3604 aut
859 3529 974 3603 urinae
990 3528 1142 3627 ingente

63 3642 254 3737 profluvio,
271 3667 339 3717 suo
355 3643 580 3718 exhaustum
597 3641 711 3717 fuerit
726 3641 900 3727 humore;
931 3640 990 3712 vel
1007 3639 1053 3712 ab
1070 3638 1142 3711 acri

65 3750 180 3853 aliquo
209 3754 252 3827 in
280 3778 412 3853 corpus
428 3755 598 3841 admisse,
626 3753 734 3851 quale
749 3753 894 3828 Natura
910 3749 1063 3850 provida
1077 3748 1143 3833 dn·

67 3874 115 3941 oct
140 3865 267 3941 multo
294 3878 387 3965 potu
416 3867 638 3942 diluendum
654 3888 744 3952 esse,
773 3876 817 3940 ut
845 3867 1049 3938 innocuum
1065 3859 1141 3947 fiat,

70 3975 222 4053 velutisi
253 3978 316 4066 sal,
342 3980 458 4078 piper,
487 3978 707 4063 sacchamm,
736 3974 880 4075 aliaque
896 3975 1141 4058 condimenta,

71 4097 123 4163 aut
137 4089 210 4165 cibi
227 4090 379 4164 demum
397 4091 571 4178 duriores,
588 4101 627 4165 et
643 4090 804 4177 acriores,
822 4097 970 4187 sumpta
982 4085 1142 4163 fuerintz

74 4196 120 4273 vel
134 4227 155 4276 a
170 4202 379 4280 ventriculo
407 4204 488 4304 ipso
504 4202 600 4279 male
616 4226 654 4278 se
670 4202 839 4291 habente,
869 4212 907 4275 et
936 4220 1046 4274 onere
1069 4190 1142 4269 cibi

584 4335 614 4389 N
