2694 4792
126 375 202 449 trs
544 363 802 426 cousrscrnr
1023 361 1238 421 curma

129 558 314 644 dederint,
338 553 460 629 adhuc
474 548 584 625 valde
614 543 762 622 difficile
789 549 857 628 est,
884 539 1054 616 fortasse
1071 542 1237 642 impossi.

129 673 217 761 bile,
234 679 335 746 certo
344 665 513 765 judicare
525 685 620 736 num
637 656 811 735 lumbrici
827 656 867 730 in
886 655 1088 730 intestinis
1104 656 1234 744 adsint,

131 785 204 860 nisi
220 785 386 882 ipsorum
402 777 517 876 aliqui
541 773 601 850 vel
629 797 695 872 per
710 793 752 845 os
768 766 828 844 vel
845 793 917 868 per
932 767 1066 842 alvum
1084 769 1230 857 redditi,

131 895 281 971 fuerint.
332 890 460 967 Multa
475 885 646 964 animalia
656 882 792 959 talibus
802 879 1018 981 hospitibus
1032 883 1230 970 rarissime,

132 1009 165 1084 ci
181 1029 361 1107 unquam,
383 1011 517 1091 carent,
534 1022 658 1099 neque
673 995 749 1071 fere
764 993 812 1068 ab
827 995 873 1068 iis
892 992 1097 1092 quicquam
1113 993 1230 1068 detri-

132 1121 251 1195 menti
267 1117 481 1217 patiuntur:
508 1114 619 1188 multi
635 1110 748 1185 etiam
764 1107 949 1195 homines,
967 1117 1010 1180 et
1027 1109 1229 1207 pmertim

132 1232 250 1330 pueri,
268 1228 439 1328 quamvis
455 1226 621 1325 alioquin
639 1222 830 1309 sanissimi,
846 1218 1060 1296 lumbricos
1071 1220 1225 1307 habent;

132 1365 201 1417 nec
216 1341 322 1416 focile
339 1341 422 1439 quis
434 1340 573 1414 dixerit
585 1347 699 1438 quota
714 1360 797 1437 pars
808 1356 1021 1434 puerorum
1039 1334 1086 1408 iis
1101 1345 1223 1408 eareat

132 1453 241 1529 Hinc
256 1452 429 1527 nonnulli
446 1452 595 1528 sibimet
611 1456 881 1551 persuasemnt,
910 1445 1121 1522 lumbricos
1137 1469 1224 1545 sape

132 1566 201 1641 vix
217 1565 406 1641 morbosos
423 1589 501 1640 esse
517 1564 714 1652 habendos,
739 1571 778 1637 et
794 1569 948 1636 tantum
968 1582 1115 1647 nocere,
1131 1582 1220 1646 cum,

132 1677 331 1754 deficiente
356 1679 491 1753 idoneo
507 1675 644 1777 pabulo
660 1685 809 1776 propter
824 1674 1001 1773 ipsorum
1020 1671 1222 1749 multitudi-

132 1812 233 1879 nem,
249 1802 316 1866 aut
332 1812 483 1890 corpore
498 1790 606 1864 variis
623 1789 744 1863 modis
761 1787 856 1861 male
867 1811 912 1860 se
924 1786 1096 1873 habente,
1112 1785 1217 1859 intes

133 1902 213 1977 tina
228 1903 378 2000 gravius
394 1902 589 1988 irritarent,
614 1898 801 1998 suumque
817 1896 979 1973 forsitan
999 1896 1218 1972 domicilium
1281 1928 1285 1939 ·

131 2014 313 2087 roderent.
366 2012 440 2086 Sed
455 2011 537 2100 hoc,
553 2012 727 2110 quamvis
744 2031 1029 2109 nonnunquam
1046 2009 1216 2096 acciderit,

130 2122 239 2197 valde
255 2147 380 2197 rarum
398 2131 464 2198 est
597 2201 601 2210 ,
1028 2185 1033 2199 .

181 2257 374 2312 ccccxxv.
402 2236 507 2336 Saepe
522 2246 661 2326 autem,
686 2235 857 2336 quamvis
885 2259 1020 2335 neque
1035 2235 1143 2310 valde
1156 2259 1217 2308 nu·

130 2350 276 2438 merosi,
293 2373 416 2448 neque
427 2349 592 2424 alimenti
606 2350 744 2448 inopes,
761 2349 907 2447 corpori
922 2349 1144 2448 gravissime
1157 2370 1216 2420 no

131 2470 228 2536 cent.
278 2461 343 2536 Ex
360 2462 565 2537 innumeris
590 2461 666 2536 fere
682 2462 795 2562 signis
812 2461 1001 2536 morbosis
1019 2485 1106 2561 quse
1119 2460 1164 2534 ab
1177 2461 1216 2532 iis

128 2573 326 2672 provenire
341 2574 529 2662 dicuntur,
555 2575 747 2672 sequentia
768 2573 844 2648 fere
859 2582 956 2649 sunt
973 2571 1215 2673 frequentissi-

130 2680 203 2773 ma,
230 2697 269 2763 et
285 2686 441 2760 maximi
466 2688 659 2762 momenti
709 2685 956 2764 Ventriculus
983 2697 1024 2761 et
1051 2684 1215 2759 intestina

128 2798 239 2870 variis
256 2799 377 2873 modis
393 2797 489 2874 mele
505 2823 544 2872 se
560 2797 708 2888 babent,
728 2822 902 2899 agerque
918 2807 1084 2874 vexatur
1098 2797 1210 2871 tormi-

129 2907 252 2998 nibus,
277 2934 423 3000 nansea,
456 2912 614 3000 vomitu,
647 2911 827 3013 singultu,
859 2909 1064 2998 doloribus,
1094 2907 1208 2982 inedia

128 3021 480 3119 ingravescentibus,
505 3025 655 3112 ventris,
681 3033 720 3098 et
743 3021 955 3112 ventriculi,
983 3032 1022 3098 et
1035 3021 1209 3104 laterum:

127 3129 329 3232 alvumque
345 3134 457 3209 habet
482 3158 584 3211 nunc
612 3135 724 3210 nimis
753 3134 953 3224 astrictam,
981 3158 1083 3212 nunc
1108 3132 1213 3207 nimis

128 3243 292 3321 solutam
308 3255 346 3322 et
364 3271 563 3337 mucosam‚
588 3259 628 3323 et
644 3248 745 3323 sitim
761 3259 801 3322 et
816 3245 889 3322 eibi
914 3249 1133 3349 appetitum
1157 3243 1212 3319 ad·

127 3357 285 3433 modum
296 3358 529 3458 inequalem,
546 3360 737 3436 interdum
753 3358 828 3434 fere
843 3358 1011 3448 nullum,
1028 3357 1214 3435 interdum

127 3467 300 3558 nimium,
317 3482 357 3546 et
373 3473 519 3546 urinam
535 3474 686 3562 variam,
703 3472 893 3548 interdum
909 3471 1092 3561 albidam,
1109 3474 1213 3547 inter·

127 3576 219 3654 dum
237 3579 450 3681 limpidam3
476 3594 609 3660 venter
623 3610 774 3686 qnoque
790 3585 891 3660 baud
914 3608 1003 3661 raro
1018 3597 1158 3673 tumet,
1180 3592 1213 3657 et

128 3715 224 3791 srepe
239 3705 460 3784 murmurat,
485 3696 671 3798 reliquum
698 3723 830 3799 corpus
845 3696 1055 3786 marcescit,
1082 3697 1214 3773 balitus

127 3804 200 3879 oris
216 3805 409 3905 insigniter
425 3809 545 3899 foetet,
570 3811 682 3895 saliva
697 3821 831 3911 praeter
846 3809 999 3887 solitum
1017 3809 1122 3898 fluit,
1138 3806 1214 3884 vul-

127 3926 190 3990 tus
205 3918 327 4017 pallet,
352 3929 392 3995 et
407 3922 606 4023 aliquando
632 3923 709 4000 fere
736 3922 838 4012 livet,
862 3935 903 4000 et
931 3925 1040 4024 quasi
1058 3922 1216 4008 virescit,

127 4033 329 4126 prasertim
345 4033 415 4109 sub
430 4036 568 4124 oeulis;
593 4037 783 4113 interdum
799 4059 889 4112 vero
912 4036 1021 4112 brevi
1049 4046 1093 4111 et
1124 4059 1216 4111 mor·

125 4139 217 4220 boso
245 4145 378 4220 rubore
402 4146 608 4224 identidem
633 4149 884 4234 suffunditurr
909 4149 1024 4225 tussis
1056 4150 1153 4225 sicca
1179 4155 1218 4223 et

127 4250 282 4331 molesta
305 4280 402 4360 sepe
424 4259 539 4383 adest,
562 4262 767 4366 pulsusque
781 4261 989 4341 admodum
1005 4264 1139 4342 varius
1153 4268 1219 4349 est,
