2678 4794
97 331 123 392 r.
138 326 277 387 xxvm
329 326 550 385 maurorum
569 330 857 390 aenoandron.
1038 321 1112 399 stt

97 508 224 587 duram
238 507 411 607 hyemem
428 507 611 597 secedens,
637 518 705 585 aut
729 509 903 609 migratio
930 509 968 583 in
995 510 1113 609 regio

97 646 121 697 u
140 620 333 696 fervidiore
350 619 424 696 sole
440 619 630 709 calentem,
654 633 721 697 aut
735 620 908 721 frequens
925 646 1012 697 usus
1040 621 1117 697 bal·

111 733 231 821 calidi,
257 744 324 809 aut
339 735 497 809 vestitus
512 743 659 808 tantum
677 732 820 832 plenior
834 744 873 807 et
895 734 1053 822 calidior,
1077 744 1119 809 et

97 857 144 922 eta
167 846 304 931 tenuis,
332 856 372 921 et
397 847 610 920 exercitatio
627 847 778 934 modica,
807 855 845 920 et
869 844 990 921 frictio
1021 846 1117 922 cutis

97 958 167 1045 bra,
183 956 334 1032 senibus
349 957 449 1033 baud
466 982 547 1033 raro
563 957 753 1033 utilissima
769 955 933 1033 fuerunt.

97 1092 272 1147 unxxxv.
298 1069 550 1168 Frequentius
570 1093 668 1158 vero,
691 1069 857 1170 rigiditas
881 1068 1116 1168 quamndam

97 1192 184 1257 tum
208 1181 383 1279 partium,
410 1180 525 1256 veluti
544 1183 656 1257 unius
672 1193 783 1269 artus,
809 1180 869 1255 vel
885 1183 996 1258 unius
1007 1182 1116 1280 juuo-

97 1318 140 1380 ιε,
163 1292 387 1369 observatur.
436 1293 504 1367 Ad
521 1292 615 1368 hanc
638 1303 764 1368 autem
781 1292 1023 1368 minuendam
1049 1301 1116 1367 aut

97 1403 233 1479 undam
258 1404 532 1480 emollientibus
555 1404 727 1480 remediis
742 1428 836 1503 opus
853 1412 919 1491 est,
945 1404 1009 1478 sed
1033 1429 1115 1503 par·

97 1540 136 1611 us
158 1514 296 1592 affectis
320 1517 484 1591 maxime
519 1516 744 1592 adhibendis
820 1516 867 1591 ln
893 1515 962 1590 boc
1001 1517 1116 1616 igitur

97 1635 144 1717 tu,
178 1628 277 1703 vana
313 1628 477 1704 fomenta
510 1628 626 1703 calida
649 1652 697 1702 ex
731 1626 860 1702 oleosis
888 1638 926 1703 et
955 1629 1114 1703 mucosis

97 1760 151 1830 us,
174 1750 215 1817 et
231 1740 414 1829 bdneum,
439 1754 478 1815 et
493 1765 590 1840 aqua
606 1739 721 1815 calida
737 1741 776 1814 in
794 1748 938 1839 partem
955 1740 1112 1839 rigidam

104 1850 182 1929 alto
206 1853 348 1941 cudens,
373 1862 411 1927 et
427 1852 548 1928 frictio
563 1853 687 1927 crebra
715 1862 754 1929 et
770 1851 892 1927 valida
920 1876 1006 1927 curn
1024 1850 1115 1938 oleo,

97 1964 312 2041 exercitatio
335 1964 489 2054 modica,
514 1963 578 2040 sed
602 1966 785 2063 frequens,
815 1967 880 2040 &a
904 1963 1046 2064 optima
1061 1986 1115 2037 re·

97 2076 271 2154 dionunt

97 2210 289 2267 mxxvi.
327 2188 455 2279 Porro,
492 2213 580 2264 cum
604 2196 725 2287 partes
750 2188 920 2287 quaedam
949 2189 1115 2265 multum

102 2324 162 2390 ιω,
184 2300 315 2402 rigidae
337 2301 442 2377 factae
467 2309 565 2390 sunt,
594 2300 711 2376 veluti
741 2302 882 2376 arteriae
907 2301 946 2375 in
973 2300 1116 2375 inflam-

108 2414 201 2489 ione
222 2414 336 2514 partis
360 2414 534 2512 cujusvis,
562 2412 786 2487 emollientia
811 2413 908 2487 bona
932 2421 1019 2485 sunt
1036 2412 1116 2487 loco

115 2538 266 2601 rmmato
282 2550 350 2626 pro
366 2525 540 2600 fomentis
555 2524 715 2613 admota,
732 2549 866 2625 easque
882 2523 1019 2611 laxant,
1035 2548 1117 2622 par-
1206 2618 1210 2625 Ι

122 2662 171 2715 ue
185 2638 321 2715 vicinas
348 2638 500 2716 solvunt
530 2648 569 2713 et
584 2636 768 2725 molliunt,
797 2650 836 2712 et
862 2635 1118 2711 inflammatio

156 2760 373 2852 temperant,
403 2760 442 2826 et
470 2750 642 2829 effitsioni
670 2751 869 2826 humomm
886 2751 952 2852 qui
980 2748 1118 2824 debent

139 2864 191 2953 di,
216 2876 256 2939 et
272 2865 443 2965 benignae
459 2865 725 2965 suppurationi,
754 2864 889 2939 favent
938 2863 1027 2939 Pari
1042 2863 1118 2936 fere

143 2999 187 3066 re,
220 2986 304 3076 post
344 2976 670 3052 inflammationem
704 2987 897 3076 peractam,
936 2974 1117 3074 ulcusque

150 3112 188 3177 u,
213 3088 261 3163 ad
287 3088 400 3187 hujus
428 3091 652 3166 sanationem
675 3089 881 3190 plurimum
909 3112 1005 3187 saepe
1033 3111 1118 3163 oon·

157 3212 201 3286 ιτς
225 3203 428 3300 praesertim
459 3203 487 3277 si
516 3203 611 3279 labia
639 3203 770 3279 ulceris
795 3200 939 3288 callent,
968 3211 1007 3275 et
1033 3225 1118 3275 vasa

164 3334 232 3389 em
258 3312 454 3388 fundentia
480 3315 690 3403 durescunt,
715 3326 754 3388 et
777 3313 911 3389 humor
926 3335 1056 3411 parcus
1078 3321 1119 3386 et

170 3427 417 3525 tsuppuratio
431 3426 594 3527 maligna
608 3428 716 3501 fiunt.

178 3556 307 3613 xxvrr.
330 3538 451 3613 Simili
467 3563 617 3637 quoque
632 3538 756 3628 modo,
772 3539 811 3613 in
828 3536 1118 3613 inflammatione

184 3648 344 3747 generali,
363 3650 457 3724 etin
474 3649 636 3727 febribus
651 3651 742 3724 varii
758 3650 912 3749 generis,
932 3648 1119 3724 emollien-

191 3758 267 3835 idn
282 3772 460 3861 prosunt;
485 3786 572 3838 cum
588 3763 637 3837 ob
652 3762 810 3850 arterias,
833 3760 944 3837 simul
961 3784 1048 3836 cum
1064 3783 1118 3833 re-

198 3870 297 3949 slidis
314 3874 480 3973 partibus
503 3875 672 3975 corporis,
696 3873 845 3962 laxatas,
870 3882 910 3948 et
933 3875 1117 3973 impetum

204 3986 228 4060 's
252 3986 304 4061 sic
328 3995 584 4086 temperatum,
621 3996 706 4062 tum
730 3987 894 4061 maxime
918 3985 967 4060 ob
991 3993 1116 4060 cutem

247 4096 400 4197 ejusque
423 4100 570 4174 minuta
605 4097 781 4173 foramina
804 4098 925 4172 laxata
953 4105 992 4171 et
1018 4104 1117 4194 pate-

219 4209 282 4286 rde
304 4212 417 4289 facilis
441 4221 479 4289 et
503 4211 615 4289 libera
638 4235 704 4313 per
729 4234 812 4287 eam
833 4207 1028 4294 exhalatio,
1056 4204 1118 4280 vel
