2678 4794
125 261 217 390 car.
233 321 358 384 xxm.
441 314 663 375 nnnrcrnxr
680 316 969 378 unsoacrrcn.
1136 313 1222 388 287
1312 398 1317 411 ,

181 519 452 584 ncccexxxrv.
483 496 543 572 Sic
559 497 599 570 in
615 496 741 572 calidis
765 498 977 597 regionibus
994 523 1126 601 corpus
1150 503 1219 578 sol·

131 620 239 697 vitur
253 624 292 688 et
306 610 530 697 debilitatur,
541 633 668 708 genus
680 631 877 685 nervosam
890 612 996 685 valde
1013 613 1148 687 mobile
1162 615 1219 705 fit,
1240 625 1241 631 ’

133 737 260 807 motus
275 723 467 823 sanguinis
483 721 690 797 liberrimus
705 736 771 810 est,
801 735 838 797 et
866 727 1084 801 secretiones
1100 727 1220 826 copio-

131 867 191 929 sae,
207 835 416 938 prasertim
433 833 619 909 exhalatio
634 859 700 934 per
716 847 853 924 cutem,
883 837 1131 937 humoresque
1146 838 1222 913 fere

129 953 328 1037 tenuiores,
359 956 407 1035 et,
437 956 481 1020 ut
497 948 597 1046 apud
614 971 743 1021 omnes
758 949 834 1022 fere
851 950 1013 1024 medicos
1030 961 1222 1050 receptum

130 1074 196 1154 cst,
212 1065 254 1137 in
270 1059 508 1160 putredinem
525 1061 642 1159 magis
658 1061 847 1159 proclives,
865 1087 979 1160 quam
996 1065 1037 1136 in
1063 1065 1221 1161 regioni-

130 1177 201 1253 bus
216 1171 431 1272 temperatis
447 1180 513 1247 aut
529 1172 681 1272 frigidis.
734 1174 869 1249 Incolae
884 1176 1001 1273 igitur
1017 1174 1220 1250 calidarum

133 1289 331 1389 regionum
346 1284 567 1385 plerumque
585 1287 686 1379 (nam
703 1285 781 1360 haec
797 1311 853 1360 res
870 1287 1025 1361 minime
1053 1299 1224 1363 constans

136 1408 210 1499 est)
234 1399 368 1499 ignati,
394 1397 567 1486 imbelles,
593 1397 640 1472 ad
657 1421 784 1472 ornnes
800 1397 939 1472 labores
954 1399 1132 1474 inhabiles
1159 1399 1225 1473 ob-

138 1519 341 1599 servantur,
359 1509 616 1608 voluptatibus
632 1509 854 1609 plerumque
868 1510 997 1600 dediti,
1022 1513 1225 1611 praesertim

142 1623 298 1710 Veneri;
322 1623 362 1695 in
386 1645 514 1696 omnes
539 1623 654 1696 animi
678 1621 831 1697 affectus
855 1623 973 1722 proni,
1003 1625 1131 1712 vividi,
1159 1627 1225 1700 sed

134 1736 245 1824 leves,
280 1759 412 1835 parum
436 1736 493 1810 vis
516 1735 631 1809 animi
658 1734 856 1822 habentes;
898 1736 1002 1810 victu
1027 1738 1143 1823 tenui,
1176 1762 1226 1812 ex

135 1848 308 1950 frugibus
324 1844 484 1921 conflato
500 1848 665 1921 maxime
690 1858 860 1934 utuntur,
890 1870 1012 1947 neque
1037 1848 1112 1921 fere
1137 1850 1224 1924 abu-

137 1969 273 2036 tuntur
310 1959 515 2058 liquoribus
539 1962 733 2060 generosis,
767 1964 909 2061 quippe
933 1963 1069 2061 quibus
1093 1986 1224 2062 parum

141 2083 266 2173 egent.

152 2265 153 2269 ,
190 2205 445 2261 mcccxxxv,
486 2185 627 2262 Morbis
651 2189 803 2264 nervosi
819 2188 986 2287 generis,
1011 2189 1225 2288 morbisque

138 2299 298 2399 putridis
323 2308 362 2372 et
386 2299 534 2388 biliosis,
572 2302 735 2375 maxime
758 2299 921 2373 febribus
945 2302 1225 2376 intermittenti-

138 2411 218 2499 bus,
245 2412 446 2510 opportuni
462 2423 571 2499 sunt3
596 2411 949 2486 inflammationibus
974 2413 1089 2484 rarius
1113 2413 1226 2484 affici-

138 2534 276 2601 autur:
303 2523 472 2621 ideoque,
496 2524 588 2597 dum
605 2533 798 2623 aegrotant,
815 2522 984 2596 remediis
1001 2545 1087 2621 quae
1102 2533 1228 2620 putre-
1295 2615 1296 2618 Ἴ

139 2634 267 2712 ffinem
285 2644 324 2708 et
340 2634 451 2708 bilem
471 2636 654 2734 corrigant
672 2636 835 2709 multum
853 2643 979 2733 egent,
1007 2643 1047 2706 et
1062 2635 1228 2707 exinani·

139 2747 270 2837 tiones,
296 2749 485 2846 sanguinis
510 2748 693 2847 imprimis
718 2747 994 2834 detractionem,
1019 2769 1119 2846 agre
1139 2745 1228 2859 tole·

139 2871 232 2936 rant.
730 2875 732 2884 ’

188 2994 461 3049 nccccxxxvr.
489 2974 724 3074 Frigidarum
742 2982 868 3048 contra
883 2971 1080 3071 regionum
1096 2971 1226 3046 incolas

139 3108 290 3184 corpora
305 3084 442 3160 habent
457 3085 625 3161 firmiora'
635 3096 674 3160 et
694 3087 879 3172 validiora,
890 3108 1017 3184 genus
1033 3107 1230 3160 nervosum

142 3195 267 3271 minus
290 3196 475 3286 irritabile,
500 3197 672 3274 humores
697 3200 894 3285 crassiores,
919 3220 1124 3295 eorumque
1150 3221 1228 3268 mo·

143 3315 229 3381 tum
252 3306 531 3409 languidiorem,
555 3320 595 3384 et
619 3335 765 3409 parcam
790 3335 856 3410 per
879 3318 1005 3384 eutem
1031 3306 1229 3383 exhalatio-

143 3440 252 3506 nem;
294 3431 335 3494 et
359 3445 455 3519 saepe
479 3421 579 3494 obesi
603 3421 722 3497 liunt:
749 3423 853 3497 victu
877 3420 1043 3494 multum
1069 3429 1231 3495 utuntur

142 3529 381 3620 validissimo,
417 3557 465 3607 ex
502 3534 671 3608 carnibus
707 3534 910 3632 praesertirn
948 3540 1150 3618 constante,
1190 3543 1230 3604 et

140 3643 240 3732 vino,
283 3643 439 3742 aliisque
473 3644 678 3743 liquoribus
718 3644 912 3743 generosis.
988 3642 1230 3717 Robustiores

141 3777 255 3853 quam
280 3755 483 3831 calidarum
519 3756 711 3855 regionum
750 3756 880 3830 incolae
904 3756 1155 3841 observantur,
1191 3763 1231 3838 et

142 3866 388 3956 animosiores,
413 3867 516 3942 etad
542 3891 671 3941 omnes
697 3867 837 3944 labores
861 3877 901 3942 et
916 3867 1088 3941 militiam
1113 3866 1231 3965 magis

144 3979 229 4076 apti,
253 3979 399 4054 minore
424 3980 617 4072 hilaritate,
642 3980 781 4078 majore
796 3989 922 4054 autern
940 3980 979 4054 vi
1001 3980 1117 4053 animi
1141 4001 1230 4076 prae-

145 4085 233 4176 diti,
258 4091 384 4168 minus
409 4093 520 4167 etiam
546 4092 741 4178 mulierosi
767 4092 831 4166 sed
856 4116 932 4167 non
957 4115 1003 4164 eo
1019 4091 1144 4166 minus
1160 4087 1227 4163 foe-

148 4200 266 4276 omdi.
