2678 4794
55 286 59 291 ¹
122 319 193 388 loo
537 322 786 383 cousrncans
1038 317 1193 376 esaar.

148 527 350 585 tCCCXXXI.
375 500 546 579 Medium
574 500 649 575 fere
672 498 794 573 locum
811 495 877 571 hos
896 497 994 572 inter
1017 505 1201 596 occupant

123 618 367 720 respirationis
391 612 556 701 musculi,
591 620 740 710 septum
768 609 907 685 scilicet
941 619 1202 695 transversum,

123 730 279 807 musculi
315 725 529 812 abdominis,
567 733 606 798 et
640 723 707 823 qui
731 723 828 796 inter
851 729 968 795 costas
999 719 1137 817 jacent,
1163 730 1203 793 et

125 848 312 943 quotquot
334 858 421 911 cum
449 836 558 910 costis
582 835 636 909 ita
660 833 938 934 conjunguntur
963 831 1132 917 musculi,
1159 841 1204 905 ut

126 955 259 1029 borum
283 948 482 1024 oenuanio
506 972 566 1023 eas
589 946 650 1021 vel
674 945 828 1033 firmare,
864 942 926 1018 sel
962 943 1113 1028 elevare,
1142 941 1205 1016 vel

127 1061 331 1162 deprimere
345 1058 471 1159 possit.

174 1194 370 1247 cccxxxn.
400 1171 476 1245 Vix
499 1183 566 1246 aut
590 1194 638 1244 ne
661 1169 729 1243 vix
752 1168 906 1268 quidem
930 1165 1102 1242 credibile
1137 1175 1206 1252 est,

127 1285 232 1371 vires,
257 1305 349 1381 quas
368 1281 511 1359 Natura
527 1282 614 1357 fecit
638 1281 838 1369 couneus,
861 1278 966 1354 facile
992 1301 1096 1378 posse
1120 1301 1205 1352 con·

125 1394 245 1482 fundi,
261 1394 527 1493 hominemque
544 1417 686 1480 sanum,
710 1393 905 1491 imperium
923 1392 963 1464 in
981 1388 1205 1464 voluntarios

127 1515 254 1582 motus
269 1505 442 1593 amisisse,
457 1504 498 1578 in
514 1505 651 1580 invitos
666 1504 845 1604 adeptum
861 1528 937 1578 esse
955 1526 1133 1600 unquam.

176 1639 388 1695 cccxxxm.
419 1616 612 1704 Motuum,
636 1617 705 1715 qui
731 1617 822 1691 citra
846 1615 1079 1690 voluntatem
1103 1638 1204 1713 pera-

127 1739 280 1830 guntur,
297 1727 434 1826 singuli
451 1728 660 1803 excitantur
675 1727 827 1803 stimulo
842 1727 1016 1826 quodam,
1033 1736 1100 1801 aut
1115 1727 1204 1826 ipsis

127 1840 304 1918 musculis
320 1838 480 1927 admoto,
497 1848 564 1914 aut
579 1840 673 1938 parti
691 1840 863 1913 sentienti
875 1838 1023 1912 forsitan
1042 1839 1203 1924 distanti,

127 1953 299 2052 quamvis
323 1966 389 2051 per
412 1975 627 2026 consensum
652 1974 851 2026 nervosum
876 1975 961 2026 oum
994 1952 1039 2026 iis
1063 1951 1206 2050 conspi-

127 2064 243 2149 ranti;
267 2070 334 2136 aut
349 2061 549 2150 cerebmm,
575 2071 642 2139 aut
656 2071 823 2137 mentem
847 2064 975 2163 ipsam,
1003 2054 1205 2147 afficiente;

127 2175 240 2261 unde,
257 2173 458 2248 secundum
476 2175 634 2273 primam
660 2184 774 2274 atque
789 2176 1021 2276 congenitam
1047 2175 1205 2274 corporis

127 2285 297 2361 fabricam
335 2295 374 2361 et
411 2286 725 2375 constitutionem,
759 2297 868 2362 certae
905 2296 1049 2363 tantum
1086 2295 1206 2385 partes

129 2397 351 2485 afficiuntur,
368 2398 470 2472 etad
486 2409 627 2475 motum
645 2399 798 2475 cientur.

178 2532 384 2586 cccxxxru
412 2510 637 2594 Admovisse
665 2511 781 2612 igitur
803 2513 951 2587 videtur
978 2511 1132 2610 provida
1153 2535 1206 2585 re·

128 2647 214 2696 rum
231 2621 369 2696 Parens
398 2622 636 2709 incitamenta
651 2648 736 2721 quae
764 2624 954 2721 oportebat
981 2623 1026 2694 iis
1051 2625 1207 2720 organis,

129 2756 288 2830 quorum
304 2734 465 2806 actiones
493 2733 540 2805 ad
562 2734 678 2807 vitam
707 2731 972 2818 sustinendam,
1001 2755 1209 2829 corpusque

129 2840 380 2927 reficiendum,
409 2840 470 2915 vel
498 2843 546 2916 ad
574 2852 672 2916 certa
698 2841 787 2913 vitae
811 2863 965 2914 munera
992 2844 1207 2932 exercenda,

10 3012 13 3019 .
130 2950 283 3024 omnino
298 2951 505 3025 necessariae
520 2959 650 3024 essent
701 2951 748 3024 In
764 2974 807 3024 ea
827 2963 952 3026 autem
970 2976 1055 3050 quae
1070 2955 1211 3052 partim

130 3058 234 3134 vitali
265 3083 422 3134 munere
436 3061 657 3160 iunguntur,
682 3061 816 3159 partim
844 3054 933 3150 aliis,
950 3065 1101 3141 minoris
1130 3093 1206 3142 mo·

129 3169 261 3259 menti,
287 3192 410 3270 neque
425 3171 623 3271 perpetuis,
648 3172 776 3248 officiis
798 3175 1013 3265 inserviunt,
1043 3179 1232 3256 divisum.

127 3280 326 3383 imperium
353 3282 496 3358 bomini
522 3281 648 3377 dedit3
674 3283 815 3385 reliqua
843 3288 996 3364 demum
1021 3291 1136 3390 ipsius
1153 3318 1206 3368 ar-

128 3393 240 3469 bitrio
255 3394 431 3492 permisit

178 3527 369 3580 cccxxxv.
394 3505 575 3582 Motuurn
600 3508 666 3608 qui
691 3532 740 3583 ex
764 3509 956 3587 voluntate
972 3523 1069 3602 sunt,
1093 3515 1207 3592 homo

130 3615 201 3690 sibi
225 3616 391 3692 conscius
414 3629 492 3693 est:
530 3619 596 3693 vix
620 3643 707 3694 sane
735 3623 1024 3723 uuiuscujusque
1048 3629 1207 3704 musculi

127 3727 194 3826 qui
204 3726 327 3825 juvet,
356 3727 420 3802 sed
436 3730 550 3828 ipsius
566 3729 778 3820 voluntatis,
794 3742 833 3807 et
849 3748 1011 3824 conatus,
1028 3750 1067 3812 et
1083 3750 1207 3816 motus

127 3837 243 3915 totius
259 3839 425 3928 membri,
450 3841 654 3918 dummodo
678 3845 845 3920 animum
869 3848 1002 3924 adhoc
1027 3852 1205 3928 attendat

60 4009 62 4015 .
129 3949 264 4050 Longa
276 3952 546 4026 consuetudine
557 3977 683 4030 sensus
693 3957 762 4033 iste
777 3956 931 4044 debilior
947 3961 1092 4067 ¹evadit;
1110 3987 1205 4040 nun·

126 4085 239 4160 quam
256 4086 345 4138 vero
360 4063 509 4162 penitus
526 4063 679 4140 deletur.
