2694 4792
136 355 209 432 456
513 368 764 426 cousrncrus
969 364 1240 424 caraxxur.

139 551 367 627 excretiones
396 547 456 629 vel
486 547 729 622 detractiones
757 546 958 620 humorum
989 544 1122 634 liunt;
1160 571 1232 621 non

139 665 254 738 modo
270 675 420 762 propter
436 661 571 735 solutas
599 672 638 734 et
662 659 858 760 patefactas
883 659 925 733 in
953 658 1029 734 illis
1057 661 1229 759 partibus

137 779 218 851 vias
235 801 326 875 quas
343 776 515 851 humores
544 773 680 872 legant,
707 772 771 846 sed
799 771 861 845 has
890 796 1044 870 quoqne
1074 774 1228 872 egregie

140 889 251 964 simul
284 887 500 975 stimulatas,
537 887 659 985 adque
691 908 828 959 novam
854 896 892 958 et
922 884 1134 960 validiorem
1164 910 1226 960 aa·

139 1003 282 1076 tionem
309 1002 494 1088 excitatas,
532 1025 616 1098 quae
642 998 820 1096 majorem
846 999 1035 1097 sanguinis
1060 998 1111 1072 ad
1139 998 1224 1072 illas

138 1124 260 1214 partes
273 1113 518 1213 quantitatem
536 1112 667 1186 desani
677 1113 916 1204 (ccccuxxv,
930 1118 1221 1207 ccccmvrrr),

139 1227 322 1300 minorem
351 1227 398 1300 ad
424 1225 510 1300 alias
536 1225 689 1299 efficiat:
727 1220 897 1323 plurimae
922 1224 1023 1297 enirn
1055 1224 1218 1298 exinani·

139 1339 242 1412 tione
282 1364 354 1438 ope
395 1338 671 1413 stimulantium
710 1333 957 1412 remediorum
1001 1339 1214 1429 (mclxxvi

138 1452 566 1551 rrcnxxv1r),quaedam
592 1475 681 1526 vern
704 1473 776 1549 ope
804 1449 1078 1525 emollientium
1104 1461 1142 1524 et
1167 1472 1213 1522 re·

139 1563 349 1639 laxantium
379 1562 790 1662 (uuxxxvrr1),fiunt;
831 1572 870 1636 at
895 1586 1024 1637 omnes
1055 1562 1212 1661 quidem,

138 1700 215 1775 qua
231 1678 373 1752 ratione
390 1700 538 1775 cunque
565 1676 703 1750 fuerint
730 1675 896 1775 inceptae,
920 1687 1121 1775 nequeunt
1145 1698 1212 1750 non

141 1814 234 1864 vasa·
241 1815 308 1888 per
324 1815 410 1890 quae
427 1791 600 1864 humores
626 1787 873 1862 effunduntur
887 1786 1012 1862 laxue
1030 1799 1072 1862 et
1088 1787 1212 1895 pateis·

137 1926 229 1976 cere.
280 1903 368 1975 Hoc
379 1901 492 1976 modo
508 1924 603 1998 saepe
620 1898 730 1973 utiles
754 1924 835 1974 esse
856 1910 1015 1999 possunt
1043 1903 1095 1976 ad
1121 1925 1209 1975 sum

137 2012 341 2085 movendos
357 2010 417 2085 vel
433 2011 621 2085 leniendos
638 2010 776 2087 multos
800 2013 947 2088 morbos
963 2012 1125 2090 alimum
1140 2038 1208 2113 par·

135 2124 244 2211 tium,
272 2125 350 2199 sive
365 2124 580 2213 viduarum,
606 2126 684 2200 sive
699 2137 923 2201 remotarum
951 2128 1000 2202 ab
1030 2128 1104 2202 illia
1121 2129 1209 2203 unde

134 2237 341 2312 exinanitio
356 2237 401 2312 fit
414 2267 423 2325 ;
449 2239 500 2314 sic
510 2240 688 2314 morbosae
703 2240 892 2339 sanguinis
907 2240 954 2313 ad
971 2252 1098 2339 partes
1114 2265 1209 2340 quas

16 2399 19 2405 »
137 2347 223 2423 dam
241 2350 496 2439 derivationes,
522 2360 588 2426 aut
605 2353 644 2425 in
661 2353 705 2425 iis
720 2354 986 2451 congestiones,
1018 2366 1088 2430 aut
1114 2377 1209 2455 apae

135 2461 187 2535 mi
214 2461 365 2537 forsitan
393 2465 518 2551 etiam,
547 2476 586 2538 et
615 2464 881 2540 obstinationes
911 2466 1119 2555 interdurn,
1153 2490 1210 2566 per

134 2573 285 2650 idoneas
302 2576 570 2651 exinanitiones
598 2600 621 2652 a
645 2577 810 2676 partibus
827 2580 978 2653 remotis
1009 2581 1208 2656 solvuntur.

113 2685 225 2760 Hoc
248 2687 491 2763 fundamento
514 2690 648 2765 nititur
676 2691 841 2766 doctrina
869 2691 1118 2782 revulsione„
1133 2717 1209 2793 qua

133 2797 288 2871 medicis
305 2800 372 2874 diu
390 2802 430 2875 in
446 2825 509 2876 ore
524 2802 608 2891 fuit,
633 2814 671 2877 et
687 2827 773 2878 sane
801 2805 972 2880 nondum
1004 2809 1124 2882 omnis
1149 2807 1209 2878 ola

133 2908 289 2997 solevit;
315 2923 353 2986 et
371 2914 427 2988 vis
449 2915 762 3016 antispasmodica
787 2942 939 3017 quoque
964 2920 1210 2994 remediorum

132 3024 406 3112 evacuantium,
431 3050 566 3125 magna
590 3027 719 3103 saltem
747 3053 796 3104 ex
825 3042 940 3131 parte,
965 3033 1096 3108 eodem
1119 3029 1210 3104 refe-

132 3134 249 3208 renda
265 3143 329 3212 est

183 3269 414 3324 ucccxnm.
435 3251 562 3339 Porro,
580 3253 711 3329 multae
721 3254 995 3330 exinanitiones
1012 3257 1212 3332 utilissima

131 3362 368 3458 reperiuntur
382 3362 430 3436 ad
446 3361 626 3440 tollendas
650 3369 767 3443 varias
788 3367 1004 3443 affectiones
1030 3371 1209 3445 morbosus

95 3486 101 3498 ·
130 3473 295 3566 partium
325 3467 425 3548 unde
455 3477 544 3574 ipsae
571 3478 680 3568 fiunt,
705 3482 809 3581 qnod
835 3483 1025 3580 imprimis
1054 3483 1208 3558 notabile

128 3591 188 3687 est
205 3606 291 3656 cum
310 3587 458 3686 sanguis
474 3614 496 3662 a
513 3591 677 3689 partibus
694 3592 931 3669 inflammatis
941 3595 1024 3669 sive
1033 3595 1208 3695 scalpella

129 3692 207 3766 sive
224 3697 494 3789 scarificatione,
520 3703 598 3777 sive
614 3706 854 3782 cucurbitulis
874 3711 1051 3796 cruentis,
1079 3710 1208 3784 derna

127 3813 190 3879 tus
207 3805 328 3896 fuerit,
353 3812 414 3886 vel
430 3839 517 3890 cum
537 3817 795 3894 aromatarium
812 3819 946 3895 iisdem
962 3819 1084 3896 fuerit
1100 3825 1207 3921 impe

127 3917 252 3994 situm.

176 4051 396 4110 rrcccxnrv.
415 4036 647 4140 Magnopere
662 4045 774 4118 etiam
806 4056 963 4143 prosunt
979 4047 1087 4121 varia
1102 4069 1207 4121 reme·

125 4138 185 4214 dia
201 4149 417 4222 evacuantia
442 4152 482 4224 in
508 4157 742 4230 removendis
758 4157 1040 4255 impedimentis
1058 4161 1155 4248 (sive
1168 4156 1208 4231 ab

123 4250 374 4336 obstructione
390 4260 468 4338 sive
483 4276 671 4367 atorpore
687 4270 809 4370 natis),
827 4293 912 4370 qun
927 4272 1072 4349 actioni
1086 4268 1208 4374 orgari
