2678 4794
191 370 262 439 188
605 378 858 436 cousracrus
1045 381 1262 437 car.xv111.

190 560 369 647 nutriens,
404 558 492 632 dum
526 562 604 630 tota
636 579 754 630 massa
776 579 843 653 per
866 555 1039 628 intestina
1064 555 1264 644 descendit,

188 674 284 748 vasis
300 668 426 746 lacteis
451 666 620 767 pendulis
635 666 696 741 vel
722 665 909 741 hiantibus
935 667 975 739 in
999 666 1173 742 intestina
1190 692 1265 743 sor·

188 784 306 870 betur,
332 783 387 856 bis
415 804 481 879 per
507 779 764 855 misscabchem
792 779 1003 879 repentibus
1029 779 1077 852 ad
1102 780 1268 855 ductum

187 894 411 971 thoracleam
427 891 600 980 defertur,
617 893 712 966 etin
730 893 945 991 sanguinem
963 893 1146 990 recipitur,
1163 904 1270 992 post·

185 1030 299 1106 quarn
317 1030 383 1105 per
397 1004 592 1103 pulmones
615 1006 686 1080 iter
708 1005 904 1079 absolverit
928 1006 967 1077 in
991 1016 1161 1079 naturam
1187 1006 1269 1081 ani-

186 1118 320 1192 malem
338 1118 487 1216 penitus
503 1126 682 1195 mutatus.
733 1117 904 1192 Plurimo
920 1140 1008 1190 vero
1024 1114 1199 1190 affluente
1217 1142 1268 1192 ex

184 1230 379 1316 intestinis,
397 1230 531 1328 jecore,
552 1237 767 1329 poncreulc,
784 1229 950 1316 humore,
972 1252 1088 1301 massa
1103 1252 1188 1326 quae
1205 1252 1267 1303 su-

183 1351 305 1440 perest
323 1343 388 1415 vix
405 1342 595 1440 spissescit,
619 1340 738 1415 donec
753 1341 800 1415 ad
817 1366 932 1415 crassa
947 1340 1120 1415 intestina
1136 1364 1267 1438 perve-

182 1454 309 1528 nitur:
334 1466 418 1529 tum
436 1479 524 1528 vero
548 1453 692 1552 parcius
707 1453 837 1541 diluto,
862 1464 900 1528 et
925 1453 1046 1527 multo
1062 1452 1266 1526 decedente

183 1565 350 1653 humore,
367 1566 532 1640 stercoris
549 1565 701 1639 tandem
717 1567 872 1639 formam
891 1565 1026 1652 induit,
1044 1588 1138 1663 saepe
1152 1563 1265 1652 firmi,

184 1687 223 1751 et
241 1679 395 1777 vestigia
412 1677 627 1752 cellularum
644 1675 713 1751 coli
730 1678 931 1750 retinentis.

235 1812 435 1866 ncxxxrrr.
462 1788 630 1863 Multum
645 1814 733 1863 vero
748 1789 849 1863 abest
862 1801 906 1862 ut
916 1789 1069 1888 plenam
1087 1787 1265 1863 mutatio-

183 1926 288 1989 num,
313 1927 404 2001 quas
421 1902 492 1976 cibi
509 1902 547 1974 in
565 1900 774 1976 ventriculo
799 1912 865 1975 aut
889 1902 1074 1977 intestinis
1091 1901 1265 1988 subeunt,

183 2015 354 2088 notitiam
368 2014 576 2088 habeamus.
627 2015 772 2089 Natura
789 2014 888 2087 enim
902 2025 940 2087 et
952 2015 1047 2089 vires
1051 2012 1264 2115 sermenta-

182 2125 304 2212 tionis,
321 2126 470 2200 fortasse
486 2127 599 2199 etiam
616 2126 716 2199 varia
731 2126 810 2224 ejus
826 2150 969 2225 genera,
990 2150 1122 2225 pamm
1139 2124 1263 2199 adbuc

181 2236 453 2337 intelliguntur,
469 2260 592 2335 neque
604 2262 652 2311 ex
665 2262 707 2311 ea
723 2239 967 2314 concoctionis
983 2238 1151 2312 ciborum
1168 2237 1263 2311 ratio

181 2351 286 2424 reddi
312 2360 442 2449 potest.
506 2352 642 2450 Neque
669 2376 765 2425 mera
792 2352 927 2426 solutio
950 2350 1093 2424 nodum
1119 2349 1259 2424 solvet:

182 2463 253 2537 cibi
271 2464 367 2537 enim
387 2487 463 2537 non
481 2464 591 2538 modo
607 2463 729 2549 soluti,
755 2465 818 2538 sed
844 2463 1007 2538 multum
1024 2462 1172 2547 mutati,
1198 2484 1261 2534 no-

181 2602 320 2675 vasque
337 2577 404 2650 sibi
419 2578 517 2651 nacti
533 2578 648 2665 dotes,
667 2579 736 2653 sub
745 2577 861 2651 forma
880 2574 978 2673 cipli
994 2576 1031 2647 in
1044 2574 1261 2673 sanguinem

180 2688 408 2762 deferuntur.
459 2690 538 2763 Lac
562 2693 697 2788 ipsum,
723 2688 1012 2788 simplicissimus
1028 2698 1066 2761 et
1091 2684 1199 2784 odylo
1214 2686 1258 2759 si-

180 2798 359 2873 millimus
376 2800 489 2884 cibus,
515 2803 662 2898 cogitur
686 2802 806 2899 primo
827 2800 866 2873 in
884 2798 1101 2886 ventriculo,
1125 2796 1260 2873 deinde

179 2910 432 3006 concoquitur,
450 2921 489 2982 ct
506 2910 671 2996 solvitur,
688 2911 781 2983 etin
799 2908 944 3008 cleptum
960 2922 1005 2985 ut
1021 2911 1083 2985 alii
1094 2911 1169 2985 cibi
1182 2934 1260 2983 uer·

180 3019 282 3105 titur,
308 3020 523 3118 priusquam
541 3021 674 3094 idoneo
691 3022 832 3120 corpori
849 3025 1079 3097 nutrimento
1094 3022 1217 3098 fuerit.

230 3153 409 3206 ncxxxv.
441 3131 573 3205 Motus
597 3133 857 3207 intestinorum
883 3133 923 3208 in
950 3136 1104 3209 sanitate
1125 3132 1260 3232 simpli-

178 3244 347 3319 cissimus
376 3254 443 3331 est,
468 3254 506 3318 et
524 3242 784 3344 pemslallicus
812 3256 974 3321 vomtur.
1034 3246 1167 3320 Portio
1191 3236 1288 3321 alia'

178 3367 261 3454 post
277 3356 382 3431 aliam
410 3356 457 3431 ad
484 3355 769 3431 contractionem
787 3357 914 3446 cietur,
939 3358 1074 3457 partim
1104 3358 1257 3432 acrimo·

178 3458 249 3553 niti,
274 3472 411 3567 partim
429 3469 526 3543 mole
542 3469 779 3545 alimentarias
793 3495 929 3558 massae,
946 3496 1030 3571 quoe
1046 3471 1200 3544 tandem
1216 3470 1255 3543 iu

177 3578 396 3655 intestinum
423 3591 566 3657 rectum
596 3583 767 3683 propulsa
796 3583 889 3658 hanc
917 3594 1059 3682 partem
1076 3580 1256 3668 stimulat,

176 3690 366 3767 desidendi
385 3696 627 3794 cupiditatem
645 3697 803 3785 inducit,
828 3708 866 3770 et
882 3696 1102 3770 intestinum
1120 3695 1257 3794 ipsum,

175 3812 222 3890 et,
249 3829 435 3903 quaecum
455 3833 500 3882 eo
516 3810 762 3897 consentiunt,
788 3808 970 3884 musculos
986 3807 1195 3882 abdominis
1219 3814 1257 3880 et

175 3925 324 4014 septum
358 3928 618 4009 transversum,
655 3922 702 3995 ad
735 3922 1020 3995 contractionem
1055 3918 1139 4006 ciet,
1172 3942 1257 4018 qua,

175 4040 346 4127 superato
364 4033 494 4106 renixu
513 4033 671 4109 musculi
690 4034 756 4131 qui
773 4058 884 4107 anum
903 4033 1052 4119 claudit,
1069 4056 1090 4105 e
1106 4055 1257 4132 corpore

172 4140 325 4215 demum
345 4146 563 4219 excernitur.

223 4277 417 4337 ncxxxvr.
442 4255 551 4333 Alias
576 4281 702 4332 revera
728 4258 821 4333 bene
852 4256 989 4333 multas
1015 4254 1260 4337 concoction's
