2678 4794
130 329 216 387 cnr.
234 327 322 382 xvr.
411 323 632 382 uumerus
650 324 939 384 mour-suren.
1136 318 1209 393 157

128 506 208 592 vit3
234 522 356 602 'neque
370 498 465 576 adeo
476 504 591 593 facile,
608 513 653 579 ut
668 503 779 579 multi
798 503 1044 592 crediderunt,
1062 508 1210 606 sanguis

130 620 239 694 nimis
256 618 377 691 tenuis
395 616 461 702 fin
487 641 609 717 neque
625 619 655 691 si
671 617 724 690 ita
739 616 857 692 factus
873 617 997 703 suerit,
1015 617 1118 691 deest
1133 620 1209 723 ido

130 755 239 806 neum
256 728 475 803 remedium.
527 729 624 804 Nam
654 730 778 804 statim
808 731 894 818 fere,
919 730 948 803 si
976 754 1108 829 corpus
1124 729 1209 806 alio-

127 844 213 943 quin
245 865 382 916 sanum
413 853 477 928 est,
503 842 730 917 excretiones
750 844 936 917 tenuiores
965 842 1210 919 multum'au·
1250 859 1252 863 “

127 968 270 1056 guntur,
288 970 326 1029 et
347 964 426 1028 tots
442 955 630 1054 sanguinis
646 978 774 1042 massa,
797 978 893 1053 saepe
910 954 1014 1029 brevi
1030 968 1207 1053 tempore,

128 1068 169 1141 ad
179 1069 323 1166 justam
343 1066 563 1164 spissitatem
581 1068 705 1141 denuo
721 1067 919 1200 redupjtur.

172 1200 352 1255 nxxvrrr.
381 1177 502 1251 Aliud
526 1188 564 1252 et
589 1178 677 1252 huic
706 1190 917 1276 opposrtum
949 1178 1137 1277 sanguinis
1153 1180 1208 1254 vi·

129 1292 235 1378 tium,
263 1291 378 1363 nimia
407 1290 543 1364 scilicet
571 1291 742 1389 spissitas,
780 1289 927 1388 qualem
952 1292 1088 1365 medici
1112 1314 1217 1401 saepe,

131 1402 328 1489 firrxerunt,
351 1403 540 1477 rarissimis
559 1403 588 1475 si
606 1402 690 1476 ullis
719 1404 759 1475 in
776 1401 956 1499 exemplis
971 1403 1207 1478 observatum

131 1524 195 1590 est
244 1513 332 1588 'faie
346 1515 522 1588 vitiuma
547 1514 630 1588 cibo
654 1515 778 1613 spisso,
800 1517 905 1602 sicco,
931 1525 1069 1603 tenace,
1093 1515 1207 1615 gluti·

130 1648 227 1714 noso,
239 1625 299 1699 vel
315 1649 337 1697 a
353 1624 501 1700 deiectu
519 1636 640 1725 potus,
654 1626 713 1699 vel
725 1627 771 1701 ab
784 1651 934 1701 excessu
951 1629 1208 1704 excretionum

128 1739 308 1824 tenuium,
334 1747 465 1837 putas
482 1739 608 1827 calore,
634 1741 905 1827 exercitatione,
924 1743 987 1814 &c
1013 1741 1099 1812 oriri
1115 1765 1208 1816 asse

126 1859 288 1926 nrerunt
340 1851 459 1926 Haud
485 1851 590 1926 facile
618 1864 743 1926 tamen
768 1852 1018 1926 ostenduntur
1034 1852 1206 1951 exempla

125 1964 203 2039 talis
218 1964 315 2050 vitii,
342 1963 402 2036 vel
431 1964 642 2038 morborum
671 1966 958 2064 compositorum
990 1965 1057 2064 qui
1085 1978 1206 2052 exeo

126 2075 348 2151 deriventur.
405 2075 647 2162 Quorundam
680 2077 853 2176 profecto,
888 2077 1048 2151 febrium
1077 2077 1204 2177 impri-

125 2191 199 2277 mis,
226 2199 267 2262 et
293 2185 642 2276 inflammationum‚
667 2213 761 2287 quos
790 2190 942 2264 medicis
971 2188 1046 2263 huc
1072 2191 1204 2264 referre

125 2299 270 2399 placuit,
296 2297 366 2371 alia
382 2299 491 2398 plane
506 2302 600 2374 ratio
616 2310 681 2375 est.
946 2376 948 2380 .

168 2435 313 2487 uxxrx.
343 2411 403 2485 Ita
427 2414 526 2486 enim
545 2437 676 2511 corpus
701 2413 905 2487 humanum
924 2438 945 2484 a
962 2414 1125 2509 sapiente
1149 2437 1203 2486 re-

124 2532 199 2600 nun
219 2523 368 2622 Opifice
392 2526 634 2598 constitutum
666 2535 731 2611 est,
757 2533 802 2597 ut
818 2524 1095 2621 quamprimum
1124 2547 1202 2596 san-

124 2637 258 2735 guisad
271 2636 413 2733 justum
431 2636 662 2735 spissitatem,
674 2635 734 2709 vel
747 2660 861 2734 quam
880 2634 1078 2725 minimum
1095 2636 1202 2723 ultra,

125 2750 288 2824 reductus
305 2748 428 2835 fuerit,
452 2750 678 2823 excretiones
702 2758 831 2822 tenues
849 2748 908 2821 vei
925 2747 1203 2845 supprimantur

124 2861 177 2935 rel
191 2862 425 2947 minuantur,
446 2872 483 2935 et
500 2887 631 2961 corpus
650 2861 761 2935 simul
776 2860 860 2960 plus
878 2859 1042 2934 humoris
1059 2861 1104 2933 ab
1121 2868 1202 2934 aere

125 2962 262 3058 babat3
289 2975 368 3048 sitis
384 2998 535 3074 quoque
564 2987 656 3049 tunc
681 2975 808 3078 oritur,
834 2982 873 3047 et
897 2985 1082 3072 quantum
1108 2964 1206 3071 opus

124 3083 233 3158 fuerit
258 3085 305 3157 ad
333 3086 552 3185 sanguinem
579 3085 800 3160 diluendum
830 3086 980 3160 bibitur.
1032 3085 1147 3172 Quod
1172 3086 1202 3158 si

125 3193 199 3293 ipsa
215 3220 310 3296 aqua
326 3195 462 3284 deficit,
488 3221 610 3296 neque
634 3199 768 3287 miseri,
792 3199 1118 3299 importunissimae
1140 3197 1202 3271 siti

125 3330 207 3403 quae
222 3331 283 3382 eos
299 3309 347 3382 ad
363 3309 567 3384 bibendum
586 3323 708 3411 urget,
724 3310 919 3410 indulgere
934 3319 1100 3408 possunt,
1119 3322 1199 3382 tum
1259 3352 1261 3355 -

125 3418 285 3508 demum,
309 3431 459 3495 tanturn
476 3422 579 3496 abest
596 3433 640 3498 ut
657 3425 805 3523 sanguis
822 3424 1007 3519 spissetur,
1025 3432 1069 3494 ut
1085 3420 1200 3495 faten-

125 3531 217 3607 tibus
234 3534 323 3632 ipsis
350 3534 560 3608 auctoribus
588 3537 655 3635 qui
680 3534 893 3633 hujusmodi
921 3546 1130 3609 commenta
1154 3532 1202 3606 de

127 3644 217 3719 vitiis
234 3644 435 3719 humorum
454 3647 704 3721 strenuissime
723 3658 887 3733 tuentur,
912 3657 992 3720 orta
1008 3644 1068 3719 vel
1093 3658 1200 3719 aucta

129 3755 329 3850 putredine,
354 3757 532 3831 multum·
546 3758 719 3845 solvatur,
744 3769 783 3833 et
809 3781 889 3832 acer
913 3759 1111 3856 tenuisque
1135 3757 1205 3861 fiat

133 3865 268 3965 (uxxv)
284 3893 382 3967 aegre
398 3869 473 3943 suis
489 3871 584 3945 vasis
600 3869 854 3945 continendus.

173 3998 301 4053 uxxx.
328 3979 392 4053 De
416 3982 613 4056 acrimonia
639 3983 836 4058 humorum
867 3983 1025 4057 multum
1053 3984 1199 4080 scripse·

139 4098 214 4161 runt
228 4092 371 4179 medici,
396 4102 435 4165 et
461 4114 572 4194 super
597 4095 667 4170 hoc
683 4106 796 4171 tenue
816 4105 855 4170 et
870 4095 1052 4170 lubricum
1069 4091 1199 4166 fundo-

140 4209 303 4289 uentum,
328 4205 519 4303 ingentem
536 4205 673 4283 molem
689 4208 868 4284 edificare
884 4205 1006 4288 conati
1023 4212 1120 4277 sunt.
