2678 4794
141 372 164 438 4
562 365 815 436 uonsrncru's
1088 380 1175 438 csr.
1193 382 1220 438 1,

142 561 305 649 tandem,
326 558 661 659 ingmvesoentibus
678 557 794 644 annis,
818 579 1058 631 communem
1084 568 1221 635 sortem

141 672 338 749 subiturus.

191 808 258 859 xv.
286 784 380 857 Haec
403 784 528 856 omnia
553 784 726 857 universo
750 783 876 881 generi
893 779 1126 866 communia3
1153 804 1224 855 nec

141 895 276 969 desunt
290 894 410 969 multa
434 894 589 996 singulis
615 896 829 970 hominibus
846 896 1000 993 proprio
1050 893 1139 967 Non
1166 918 1222 966 se-

139 1029 203 1080 cus
230 1005 330 1080 enim
359 1031 401 1081 ao
417 1007 556 1094 vultus,
581 1009 740 1105 eorporis
767 1006 1049 1082 constitutiones
1065 1005 1220 1079 variant.

125 1108 215 1193 *Hie
230 1118 384 1216 quidem
401 1121 594 1195 varietates
616 1119 721 1195 nullo
738 1121 850 1194 modo
874 1117 1104 1217 exequendae
1120 1127 1222 1205 sunt,

139 1237 266 1304 tamen
281 1230 329 1305 ad
357 1243 456 1306 certa
470 1233 591 1331 capita
606 1256 682 1306 non
697 1228 824 1332 inepte
839 1231 963 1306 referri
980 1229 1109 1316 solent,
1135 1255 1221 1327 quae

137 1348 429 1444 temperamenta
455 1359 516 1418 ue
542 1361 626 1437 ιειχήι
647 1345 845 1431 dicuntum
881 1367 1042 1443 quorum
1068 1342 1220 1416 scientia

135 1455 281 1531 medioo
297 1457 398 1530 haud
414 1481 545 1556 parum
562 1457 735 1556 proderit.
745 1468 790 1535 le

186 1588 271 1643 xvr.
308 1567 540 1666 Hujusmodi
566 1569 760 1643 varietates
792 1591 868 1641 non
902 1569 1062 1665 oorporis
1094 1565 1219 1653 modo,

137 1703 267 1756 verum
283 1689 322 1755 et
338 1680 452 1755 animi
469 1705 631 1780 quoque,
647 1679 868 1780 plerumque
884 1679 1101 1778 oongenitoe,
1126 1703 1218 1752 non·

134 1815 330 1892 nunquam
348 1793 594 1880 hoereditariae,
620 1785 870 1866 observantur.
923 1793 1010 1866 Hoc
1027 1792 1139 1865 modo
1154 1815 1218 1888 pa-

134 1916 256 1978 rentes
282 1928 378 2003 saepe
402 1905 442 1978 in
471 1904 574 2004 prole
599 1905 849 1990 reviviscunt;
879 1915 976 1979 certe
1004 1901 1219 2003 parentibus

134 2014 239 2089 liberi
256 2017 394 2092 similes
411 2028 509 2105 sunt,
527 2042 603 2093 non
620 2017 771 2093 vultum
787 2017 901 2091 modo
918 2030 956 2090 et
973 2016 1131 2115 corporis
1147 2015 1218 2089 for·

134 2148 246 2216 mam,
272 2129 337 2204 sed
353 2129 467 2204 animi
484 2130 659 2217 indolem,
684 2140 724 2204 et
739 2131 907 2217 virtutes,
934 2137 973 2203 et
988 2127 1218 2204 vitiu-Im·

133 2241 276 2338 periosa
291 2266 382 2340 gens
400 2241 556 2317 Claudia
571 2243 637 2316 diu
655 2242 791 2316 Romae
806 2242 944 2328 floruit,
973 2242 1141 2342 impigra,
1166 2240 1218 2314 fe·

131 2376 211 2441 rox,
229 2355 404 2453 superbu;
429 2357 558 2431 eadem
575 2353 902 2454 illachrymabilem
913 2354 1117 2441 Tiberium,
1134 2352 1216 2427 tris·

132 2465 318 2541 tissimum
336 2475 550 2568 tyrannum,
568 2468 767 2568 produxit;
792 2467 942 2542 tandem
956 2467 994 2540 in
1012 2467 1216 2540 immanem

133 2577 353 2679 Caligulam,
379 2591 418 2654 et
435 2581 648 2669 Claudiurn,
674 2591 712 2655 et
729 2579 992 2678 Agrippinam,
1016 2580 1216 2677 ipsumque

133 2689 286 2763 demum
305 2692 505 2778 Neronem,
522 2702 607 2788 post
623 2704 814 2764 sexcentos
831 2712 956 2775 annos,
982 2687 1154 2762 desitum,

181 2821 284 2872 xvir.
311 2801 415 2884 Quin
433 2815 472 2877 et
488 2801 534 2873 ab
558 2801 637 2872 aliis
654 2800 780 2884 causis,
806 2798 913 2871 firma
935 2797 1057 2873 adhuc
1073 2796 1216 2877 valetu-

131 2907 230 2996 dine,
247 2933 379 3007 corpus
396 2909 602 2984 humanum
613 2908 758 2986 ‚multas
775 2920 814 2984 et
830 2935 959 3009 graves
976 2910 1077 2985 subit
1093 2923 1215 2989 muta·

131 3021 273 3106 tiones;
299 3030 338 3093 et
354 3020 536 3119 imprimis
562 3047 584 3096 a
607 3024 697 3096 vitae
712 3046 847 3121 genere
863 3033 902 3097 et
918 3024 1021 3099 victu
1039 3049 1116 3123 quo
1140 3026 1214 3101 uti·

129 3152 226 3221 mur,
251 3131 299 3207 ab
314 3131 394 3231 ipso
411 3134 480 3207 sub
497 3159 573 3234 quo
590 3135 764 3235 degimus
781 3135 885 3225 eoelo,
910 3147 949 3211 et
970 3136 1018 3211 ab
1033 3137 1216 3213 immensa

131 3247 170 3320 vi
199 3243 487 3321 consuetudinis.
551 3247 648 3331 Haeo
672 3272 823 3348 quoque
851 3248 1040 3326 medicum
1066 3260 1214 3352 oportet

128 3378 282 3435 novrsse.
486 3444 493 3463 Ι

177 3495 299 3548 xvur.
337 3473 515 3560 Secunda,
540 3475 667 3573 igitur,
691 3475 868 3551 valetudo
896 3474 1008 3550 nullis
1036 3485 1093 3549 est
1121 3474 1212 3549 defi·

127 3584 264 3658 nienda
291 3587 425 3673 verbis,
462 3611 586 3685 neque
618 3587 782 3686 profecto
814 3579 919 3662 facile
947 3586 1211 3674 describenda3

128 3698 268 3797 quippe
284 3723 398 3797 quam
412 3701 558 3775 Natura
574 3694 662 3799 ipsa,
679 3724 756 3775 non
773 3700 852 3774 sine
862 3700 1031 3798 'sapiente
1048 3698 1211 3788 consilio,

125 3811 263 3914 vanam
288 3811 435 3885 fecerit·
477 3813 576 3888 Scire
593 3822 718 3887 tumen
730 3810 890 3910 juvebit,
907 3810 1211 3910 perfectissimam

126 3920 289 3997 florentis
322 3926 439 3999 aetatis
473 3923 616 3999 homini
653 3924 868 4023 contingere
892 3914 1105 4009 sanitatem,
1147 3924 1211 3998 cui

124 4056 230 4109 mens
246 4057 343 4124 sana,
367 4036 555 4135 optimum
583 4036 660 4111 Dei
685 4036 839 4121 donum,
864 4033 950 4107 data
975 4045 1051 4121 est;
1088 4032 1211 4133 qualis

124 4170 202 4223 non
218 4148 331 4222 modo
355 4149 403 4222 ad
419 4148 526 4223 solita
541 4148 630 4222 vitae
645 4170 800 4222 munere
824 4145 993 4233 sufficiat,
1018 4145 1083 4222 sed
1098 4146 1209 4221 variis

122 4282 276 4365 quoque
291 4259 433 4337 casibus
449 4270 489 4336 et
505 4260 638 4337 studiis
659 4268 698 4336 et
714 4257 873 4359 negotiis
888 4255 994 4339 facile
1010 4282 1049 4336 se
1064 4280 1206 4335 eonom-
