2678 4794
707 343 746 414 vi

203 555 287 608 eum
305 537 464 610 extincta
487 534 565 609 face
589 560 672 634 quae
699 538 817 636 primo
842 536 961 610 lucem
979 533 1148 634 praebuit,
1174 543 1212 610 et
1228 559 1264 609 a·

199 648 310 720 misso
326 648 416 719 duce
432 649 498 744 qui
515 671 580 745 per
587 673 755 746 asperum
773 659 812 723 et
827 649 1020 723 obscumm
1032 649 1102 721 iter
1113 645 1266 720 feliciter

199 757 338 842 eduxit,
363 758 402 830 in
419 760 607 857 pristinam
625 760 816 861 relapsurae
833 763 906 834 sint
923 760 1125 859 caliginem.

158 895 197 908 -
248 868 345 942 Rem
363 870 487 968 igitur,
512 895 632 970 neque
657 872 827 948 inutilem
850 873 964 959 vobis,
991 895 1110 969 neque
1136 895 1157 942 a
1184 893 1266 968 pro-

198 980 318 1075 posito
334 984 408 1055 mei
424 984 534 1058 officii
550 985 717 1073 alienam,
736 1010 793 1058 me
804 984 986 1058 facturum
1001 981 1219 1067 existimavi,
1236 982 1267 1055 si

199 1089 276 1164 haec
293 1094 424 1182 studia,
449 1107 487 1168 et
504 1097 703 1196 prae'ceptis,
728 1107 777 1186 et,
802 1106 984 1195 quantum
1014 1097 1052 1167 in
1079 1118 1140 1168 me
1155 1092 1266 1167 facul·

198 1209 252 1274 tas
280 1204 400 1294 fuerit,
439 1206 609 1308 exemplo
637 1233 797 1308 quoque,
821 1209 936 1281 ¹vobis
963 1206 1267 1281 commendarem.

198 1311 333 1413 Neque
350 1344 436 1393 vero
453 1320 523 1396 hoc
539 1333 747 1421 arroganter
771 1332 836 1396 aut
864 1321 1006 1394 dictum
1035 1328 1101 1393 aut
1129 1318 1267 1391 factum

198 1428 399 1503 existimari
416 1431 559 1520 vellem,
582 1434 685 1531 quasi
703 1432 800 1506 solus
816 1432 1021 1505 adversarer
1036 1429 1279 1537 consuetudi,

198 1538 248 1622 ni,
274 1565 358 1637 quae
374 1543 599 1633 Academiae,
625 1557 663 1618 et
683 1545 750 1643 qui
774 1567 853 1617 eam
872 1541 1080 1616 ornaverint
1097 1551 1153 1613 tot
1169 1564 1268 1637 spec·

197 1650 382 1728 tutissimis
415 1657 512 1744 viris,
549 1657 764 1756 placuisset;
802 1679 957 1752 meaque
985 1652 1200 1728 auctoritate
1229 1660 1267 1724 et

196 1767 367 1864 exemplo
384 1767 607 1843 vindicarem
624 1792 690 1856 res,
716 1792 798 1866 quae
822 1767 899 1840 aliis
916 1764 1006 1839 levis
1022 1765 1174 1838 omnino
1189 1788 1267 1836 mo-

195 1878 313 1949 menti
332 1880 418 1953 visae
435 1892 563 1955 essent.
613 1886 719 1954 Ante
735 1882 875 1979 aliquot
891 1903 1014 1961 annos,
1040 1901 1159 1977 quum
1176 1877 1267 1950 Pro·

195 1982 344 2062 sessores
362 1990 501 2065 Medici
518 1993 557 2065 in
574 1992 641 2066 hac
656 1992 860 2066 Academia
885 1989 1078 2065 vernaculo
1103 2010 1268 2063 sermone

197 2094 326 2173 docere
342 2111 561 2192 statuerunt,
586 2105 758 2203 legesque
775 2104 822 2176 de
838 2102 966 2177 studiis
991 2102 1029 2174 in
1059 2125 1098 2174 rc
1129 2101 1269 2174 medica

196 2209 406 2289 ordinandis
429 2216 550 2314 primo
567 2218 736 2291 stabilita
750 2216 912 2303 fuerunt,
938 2214 1041 2288 almae
1061 2212 1269 2287 Academiae

195 2326 412 2400 auctoritate
441 2330 621 2403 sancitum
652 2329 735 2416 fuit,
772 2352 820 2402 ue
847 2352 934 2402 usus
962 2327 1067 2401 latini
1094 2325 1269 2399 sermonis

195 2435 294 2528 apud
313 2451 490 2515 nostrates
508 2443 641 2540 periret
657 2465 813 2540 prorsus,
830 2464 924 2514 neve
941 2438 1097 2513 indoctis
1114 2437 1268 2510 honores

195 2547 392 2625 academici
409 2554 704 2639 concederentur,
728 2552 1061 2649 gravissimumque
1082 2550 1269 2644 permitte-

193 2665 296 2728 retur
312 2662 483 2734 medendi
501 2687 647 2745 munus,
673 2671 717 2731 ut
733 2662 856 2730 omnia
873 2669 1108 2741 tentamenta,
1125 2681 1268 2732 omnes·

194 2786 269 2858 que
285 2771 571 2856 exercitationes,
588 2770 635 2841 ad
653 2791 690 2839 ce
707 2790 864 2863 suosque
879 2767 916 2837 in
935 2766 1128 2840 medicinae
1144 2769 1268 2845 studio

192 2896 403 2974 pmgressus
416 2878 712 2978 comprobandos,
729 2903 750 2950 a
757 2877 958 2974 juventute
969 2880 1184 2977 peragenda,
1198 2881 1268 2956 hoc

156 3016 159 3021 ·
194 3011 361 3062 sermone
388 3002 657 3091 peragerentur.
671 2990 812 3081 sQuin
839 2997 876 3062 et
902 2989 958 3062 vir
975 3013 1152 3079 summus,
1178 2991 1268 3066 olim

192 3111 394 3199 praeceptor
410 3127 514 3178 meus
531 3105 568 3176 in
587 3113 664 3176 arte
680 3101 831 3188 medica,
857 3125 958 3175 nunc
977 3101 1115 3201 collega
1132 3111 1267 3202 speeta-

194 3211 366 3301 tissimus,
391 3214 496 3312 cujus
514 3215 678 3313 vestigia,
703 3214 873 3313 quamvis
903 3213 1001 3287 haud
1032 3215 1194 3312 passibus
1220 3240 1266 3289 ae-

194 3324 277 3420 quis
293 3325 332 3396 in
350 3325 517 3424 plurimis
536 3327 734 3400 Medicinae
757 3324 980 3401 ilcoretieae
995 3326 1171 3422 partibus,
1187 3351 1268 3425 per-

195 3435 299 3531 sequi
315 3447 466 3511 conatus
484 3462 577 3524 sum,
600 3439 740 3524 eodem,
764 3448 807 3510 ut
824 3448 928 3532 puto,
954 3437 1114 3524 consilio,
1140 3437 1267 3513 eadem

193 3544 321 3644 lingua
354 3551 564 3646 conscripsit
598 3573 705 3622 suum
742 3548 789 3620 de
815 3545 1023 3646 Nosologiu
1052 3548 1268 3625 Methodica

192 3659 404 3732 aestimabile
420 3684 523 3757 opus,
541 3685 616 3758 quo
628 3661 768 3758 primus
782 3660 971 3756 ingentem
990 3667 1029 3731 et
1044 3658 1266 3758 indigestum

192 3768 326 3842 molem
344 3769 382 3842 in
399 3770 565 3858 formam,
590 3786 627 3845 et
645 3772 767 3857 decus,
792 3778 831 3842 et
846 3769 1064 3868 elegantiam
1079 3772 1267 3868 quandam

193 3880 344 3978 redegit.
407 3883 538 3980 Igitur,
576 3907 660 3958 cum
686 3882 757 3955 hoc
783 3881 964 3979 exemplo,
1003 3893 1085 3955 tum
1115 3906 1267 3980 quoque

194 3992 342 4069 consilio
359 4003 397 4067 et
413 3995 629 4067 auctoritate
645 3994 758 4092 ipsius
775 3992 988 4067 Academiae
999 3993 1125 4091 legum
1139 3994 1266 4086 fretus,

194 4130 253 4179 me
276 4103 343 4179 hac
360 4105 406 4180 de
422 4129 461 4177 re
478 4128 599 4202 neque
625 4130 756 4179 errasse
785 4104 947 4178 multum
980 4105 1119 4203 opinor,
1145 4130 1267 4206 neque

193 4241 340 4318 operam
357 4240 470 4317 quam
487 4215 573 4292 dedi
589 4216 677 4292 mali
701 4216 912 4305 collocasse3
937 4216 1073 4295 scilicet
1098 4220 1166 4320 qui
1191 4243 1267 4296 non
