2678 4794
173 376 245 450 246
490 397 493 401 ·
572 384 820 447 consracrus
1043 392 1129 447 car.
1151 391 1237 449 xxr,

170 570 246 658 alit,
276 592 415 646 menses
440 570 656 667 plerumque
682 590 757 640 non
785 566 941 641 redeunt
967 590 1033 665 per
1068 568 1241 666 majorem

170 697 312 782 partem
328 683 423 768 anni,
439 679 498 753 vel
515 680 661 753 fortasse
689 702 755 778 per
782 700 921 752 annum
939 678 1150 775 integrum3
1177 702 1241 752 ne·

170 808 245 893 que
260 794 328 868 hoo
344 805 504 890 tempore
520 792 647 864 nutrix
663 789 768 863 facile
785 790 934 889 gravida
950 788 1004 874 fit,
1032 791 1201 885 quamvis
1218 814 1241 861 a

169 906 314 979 Venere
339 928 410 977 non
439 904 676 987 abstinuerit;
714 902 770 975 sin
798 902 930 988 minus,
956 923 1098 973 menses
1121 900 1241 973 redire

169 1016 285 1091 solent
301 1028 490 1091 menstruo
506 1016 580 1089 fere
597 1026 680 1114 post
695 1024 845 1112 partum
862 1011 988 1111 spatio.

216 1150 354 1203 ncccv.
394 1129 432 1203 si
470 1129 597 1203 nutrix
636 1125 814 1199 infantem
849 1123 990 1198 nutrire
1018 1123 1148 1221 pergit,
1186 1122 1242 1198 lae

167 1242 330 1316 manebit
355 1242 503 1315 forsitan
529 1265 594 1341 per
618 1238 740 1337 plures
764 1261 888 1311 annos.
949 1235 988 1309 Si
1012 1259 1099 1307 vero
1123 1233 1242 1309 infans

165 1377 187 1425 a
202 1376 366 1428 mamma
382 1354 556 1453 depulsus
572 1354 695 1439 fuerit,
721 1351 871 1425 secretio
887 1348 988 1421 laetis
1013 1347 1115 1420 brevi
1131 1347 1241 1446 repri-

164 1477 298 1541 metur.
350 1468 576 1542 Observatur
592 1465 656 1552 lac,
674 1463 895 1538 instantibus
911 1459 1108 1546 mensibus,
1125 1459 1240 1533 infirn-

165 1585 243 1651 tem
267 1578 487 1677 plerumque
512 1575 607 1654 male
631 1576 784 1663 afficere,
809 1571 978 1671 quamvis
996 1570 1085 1645 dum
1104 1568 1239 1655 fluunt,

165 1690 287 1764 eidem
306 1716 399 1790 saepe
414 1713 488 1764 non
506 1698 643 1762 noceat.

216 1825 373 1881 ncccvr.
392 1803 570 1891 Quadam
589 1797 759 1874 mulieres
775 1796 950 1871 infantem
964 1794 1095 1869 alendo
1104 1794 1239 1869 exhau-

165 1914 323 2001 riuntur,
351 1925 390 1987 et
413 1914 507 1987 male
532 1938 569 1987 se
593 1911 738 1986 habent.
790 1909 981 2007 Pleraeque
997 1932 1085 1981 vero
1100 1908 1240 2006 optima

166 2022 237 2097 boc
252 2036 417 2122 tempore
445 2026 598 2100 sanitate
627 2024 823 2098 fruunturr
861 2022 984 2096 cibum
1003 2030 1136 2119 praeter
1161 2018 1240 2095 soli·

160 2144 249 2207 tum
266 2146 458 2234 appetunt,
487 2149 526 2211 et
542 2137 635 2211 bene
653 2144 900 2234 oonooquunt,
929 2142 968 2208 et
997 2133 1091 2206 bene
1106 2131 1240 2208 donni·

165 2255 248 2334 unt,
265 2257 303 2321 et
319 2249 407 2323 boni
423 2249 550 2323 ooloris
567 2259 664 2335 sunt,
693 2259 732 2323 et
749 2271 843 2345 saepe
858 2247 1116 2346 pinguescunt.
1166 2242 1240 2319 Ne·

164 2382 241 2457 que
269 2362 431 2459 prolecto
459 2386 581 2437 rarum
610 2373 676 2448 est,
703 2360 825 2459 plures
850 2358 1006 2441 morbos,
1040 2356 1241 2456 prasertim

166 2471 291 2569 quales
307 2472 596 2549 adistributione
608 2472 795 2571 sanguinis
805 2469 970 2544 abnormi
985 2469 1241 2560 (ccceLxxlv,

165 2595 447 2686 cccctxxvnr)
476 2588 653 2685 originem
684 2585 839 2669 ducunt,
869 2581 990 2665 areeri,
1019 2579 1080 2654 vel
1096 2578 1240 2681 depelli,

165 2692 283 2768 donee
298 2697 431 2770 mulier
448 2709 592 2772 utemm
611 2705 723 2797 gerat,
744 2694 801 2768 vel
820 2705 946 2792 postea
960 2692 1140 2767 infantem
1156 2692 1240 2767 alat.

197 2826 389 2880 ncccvrr.
419 2807 624 2893 Postremo,
641 2805 834 2879 observatu
852 2806 1009 2903 dignam
1028 2812 1094 2891 est,
1110 2826 1240 2903 quam·

163 2913 220 2987 vis
236 2914 439 3011 periculum
458 2919 497 2989 in
514 2918 706 3015 puerperio
722 2915 821 2989 haud
838 2916 1018 3013 exiguum
1033 2912 1154 3004 luerit,
1170 2910 1240 2988 loa·

162 3024 300 3097 condas
317 3048 428 3121 quarn
460 3026 606 3112 steriles,
635 3051 769 3123 easque
794 3051 879 3124 quae
896 3029 1015 3127 prima
1036 3027 1241 3127 juventute

163 3148 373 3233 nupserant,
401 3144 440 3209 et
468 3136 752 3211 soeeundissimae
767 3137 922 3225 fuerant,
951 3160 1064 3238 quam
1080 3162 1140 3213 eas
1156 3162 1242 3237 quoe

162 3248 277 3321 serius
293 3258 427 3322 matres
457 3248 561 3321 factae
589 3259 703 3335 erant,
731 3249 873 3324 diutius
897 3260 935 3324 et
960 3251 1081 3325 sanius
1105 3251 1239 3327 vivere.

168 3358 374 3434 Verisimile
390 3370 456 3447 est,
472 3359 668 3436 nonnullos
685 3362 820 3460 quibus
837 3362 1002 3436 amabilis
1017 3385 1129 3436 sexus
1146 3360 1239 3462 pleo-

162 3469 256 3543 titur
284 3472 441 3563 morbos,
467 3472 533 3569 qui
560 3495 634 3545 non
664 3474 776 3548 modo
801 3476 878 3573 ipsa
902 3472 1077 3572 genitalia
1105 3496 1239 3573 organa

160 3579 337 3669 afficiunt,
367 3584 429 3657 sed
459 3592 576 3658 totam
604 3585 855 3660 valetudinem
886 3608 981 3685 saepe
1008 3583 1238 3669 labefactant,

160 3692 220 3765 vel
252 3693 379 3768 induci
412 3696 634 3796 virginitate,
668 3695 726 3769 vel
760 3695 925 3771 multum
966 3696 1238 3795 ingravescere3

158 3802 306 3891 seilicet,
323 3804 368 3878 ad
385 3832 499 3904 quam
516 3832 590 3882 non
608 3818 706 3883 natae
722 3817 810 3882 sunt
826 3806 1010 3881 soeminae:
1037 3830 1162 3905 neque
1184 3808 1238 3880 in·

159 3914 330 3991 credibile
346 3927 411 4003 est,
441 3918 588 3992 eosdem
602 3943 696 4016 saepe
713 3919 868 4006 morbos,
884 3917 985 3993 haud
1001 3919 1157 3993 obscura
1183 3940 1238 3993 ra·

159 4027 271 4114 tione,
287 4028 471 4102 oonnubio
487 4040 658 4104 sanatum
674 4030 730 4103 iri.

208 4160 400 4217 ncccvrn.
426 4138 571 4216 Cuncta
586 4142 739 4217 demum
756 4166 909 4222 munera
933 4140 1106 4220 muliebri
1131 4139 1233 4218 sexui
