2678 4794
143 376 189 445 12
444 372 456 401 '
575 384 824 441 conseramus
1097 388 1183 445 cur.
1201 389 1227 444 1.

79 588 83 597 ·
131 567 393 650 observanda,
417 586 541 664 neque
568 562 616 636 ad
644 562 714 637 alia
743 585 879 662 genera
895 562 1142 662 pertinentes,
1180 565 1228 641 de

141 680 281 781 quibus
297 678 430 752 nostris
447 675 622 764 sensibus,
651 700 729 751 non
745 676 833 776 aegri
850 675 957 750 dictis
974 687 1039 750 aut
1055 677 1226 774 querelis,

141 795 313 869 certiores
330 792 450 866 fimus.
502 789 722 889 Cujusmodi
752 799 851 876 sunt,
881 788 979 862 color
1004 790 1162 888 corporis
1186 800 1227 864 et

142 904 345 1007 praesertim
356 901 486 977 vultus
502 904 665 990 vitiatus,
683 912 722 976 et
738 912 870 1001 praeter
885 899 1034 975 solitum
1052 900 1226 1000 pallidus,

138 1019 259 1104 ruber,
297 1016 427 1104 flavus,
461 1014 597 1104 fuscus,
631 1015 778 1103 lividus,
820 1017 986 1099 varians;
1034 1012 1225 1112 peculiaris

138 1153 290 1230 quoque
306 1127 434 1204 vultus
450 1140 628 1229 aspectus,
645 1129 692 1202 ab
707 1129 851 1204 actione
866 1127 1131 1212 musculorum,
1156 1135 1224 1200 aut

137 1252 245 1316 motu
284 1264 345 1316 san
402 1242 483 1330 inis,
521 1251 560 1316 et
597 1266 693 1340 saepe
729 1251 880 1316 astatu
906 1240 1022 1314 animi
1047 1238 1224 1338 pendens,

137 1354 325 1454 nullisque
341 1267 602 1430 ddscribendus
619 1355 750 1441 verbis,
780 1355 846 1453 qui
872 1364 998 1427 tamen
1024 1351 1113 1451 aegri
1138 1373 1223 1425 con·

137 1466 329 1553 ditionem,
354 1466 457 1566 quod
473 1467 521 1540 ad
539 1468 633 1542 vires
649 1470 749 1554 vita,
773 1477 811 1540 et
829 1465 948 1539 morbi
971 1465 1140 1539 levamen
1157 1474 1224 1537 aut

135 1592 394 1679 augmentum,
432 1579 536 1654 omni
574 1602 741 1653 sermone
775 1576 909 1652 melius
934 1587 972 1651 et
997 1577 1132 1650 certius
1161 1575 1223 1649 de-

137 1693 272 1794 pingit,
289 1717 485 1791 nunquam
503 1691 769 1792 negligendus:
796 1690 920 1764 Variae
936 1689 1119 1787 imprimis
1135 1712 1222 1763 ocu-

135 1804 257 1879 lorum
286 1806 527 1891 conditiones,
557 1804 714 1903 languor
729 1812 768 1877 et
785 1802 983 1888 hebetudo,
1008 1813 1075 1876 aut
1099 1801 1221 1885 rubor,

131 1927 200 1991 aut
218 1916 400 2015 splendor,
417 1927 484 1991 aut
500 1916 666 1990 ferocitas
683 1916 841 2002 insolita,
859 1939 1064 2013 eorumque
1089 1926 1222 2011 praeter

133 2026 286 2102 solitum
302 2028 483 2114 distortio,
509 2040 548 2101 et
577 2028 658 2102 aliae
676 2029 813 2129 species
830 2029 1021 2114 morbidae,
1045 2027 1163 2101 veluti
1190 2028 1221 2101 si

78 2212 80 2214 ,
131 2142 301 2214 excavati
329 2150 429 2227 sunt,
455 2140 516 2214 vel
542 2141 635 2214 alter
658 2142 720 2216 vel
754 2151 912 2239 uterque
936 2139 1131 2225 clauditur,
1157 2136 1219 2212 vel

130 2250 223 2327 alter
251 2252 366 2328 altero
395 2253 511 2352 major
539 2265 691 2354 apparet
718 2254 863 2329 nonita
892 2252 1029 2326 solitus.
1082 2250 1221 2327 Sedulo

131 2388 284 2464 quoque
309 2367 545 2443 observandae
570 2377 659 2442 sunt
683 2368 756 2442 oris
781 2377 820 2441 et
850 2366 1052 2465 praesertim
1077 2364 1219 2464 linguae

129 2479 371 2568 conditiones,
414 2479 546 2567 rubrae,
588 2480 731 2569 albidae,
779 2480 944 2566 sordidae,
993 2476 1218 2577 nigricantis,

128 2589 250 2678 aridae,
276 2617 363 2690 quae
387 2605 584 2691 praesentes
608 2595 783 2668 morbum
809 2594 1086 2673 demonstrant;
1113 2590 1218 2663 dece·

128 2701 259 2775 dentes
283 2714 349 2776 aut
374 2704 414 2775 in
451 2703 585 2776 melius
616 2723 740 2789 versae,
775 2703 937 2776 eundem
975 2699 1217 2775 decedentem

125 2832 226 2908 saepe
242 2810 455 2886 ostendunt.
507 2813 612 2899 Quin
639 2823 678 2884 et
694 2813 822 2884 odores
847 2812 939 2884 varii
964 2809 1124 2883 morbidi
1152 2834 1216 2884 na-

129 2930 252 2995 turam
270 2922 390 2995 morbi
413 2921 614 3020 aliquando
646 2924 842 3020 detegunt,
868 2931 906 2995 et
931 2920 1015 2996 ideo
1031 2922 1215 2999 observari

125 3043 337 3108 merentur:
364 3033 468 3120 odor,
493 3033 639 3122 scilicet,
666 3034 743 3108 sive
758 3035 867 3108 faetor
880 3033 1050 3108 insolitus
1080 3035 1215 3111 halitus

124 3144 315 3243 pulmonis
340 3146 402 3220 vel
431 3148 539 3233 cutis,
576 3146 637 3220 vel
676 3148 933 3221 excretionum
972 3147 1214 3247 singularum,

123 3256 185 3331 vel
202 3259 366 3334 universi
396 3261 566 3359 corporis,
583 3258 644 3334 vel
661 3262 776 3359 partis
792 3259 872 3359 ejus
889 3261 1065 3360 cujusvis,
1094 3261 1213 3336 veluti

123 3372 163 3444 in
177 3372 429 3459 carcinomate,
448 3370 604 3460 variola,
619 3372 756 3448 morbis
769 3375 937 3473 putridis.
973 3373 1111 3450 Multae
1121 3400 1213 3474 quo-

122 3506 212 3581 que,
237 3509 324 3582 quae
336 3491 440 3558 tactu
457 3488 622 3559 maxime
638 3487 906 3587 percipiuntur,
922 3488 1119 3588 qualitates
1136 3512 1212 3562 cor-

123 3596 221 3694 poris
250 3597 398 3683 vitiatae,
434 3597 541 3686 calor,
577 3598 707 3698 frigus,
748 3599 902 3674 durities
940 3600 1000 3675 vel
1033 3600 1212 3699 rigiditas,

122 3705 308 3797 mollities,
329 3710 560 3801 humiditas,
597 3712 749 3799 siccitas,
788 3712 1001 3800 crassitudo,
1038 3713 1211 3800 tenuitas,

123 3826 258 3915 tumor,
295 3825 439 3911 macies,
475 3825 537 3897 vel
574 3825 739 3901 universi
776 3825 935 3924 corporis
959 3824 1022 3897 vel
1046 3825 1210 3922 partium

124 3932 365 4033 singularum,
391 3936 496 4010 omni
523 3962 611 4012 cura
635 3936 819 4012 observari
845 3935 993 4009 debent.
1057 3935 1123 4008 Ad
1141 3933 1210 4007 bu·

24 4091 28 4097 ·
115 4044 285 4143 jusmodi
319 4059 447 4123 autem
485 4048 712 4147 qualitatum
738 4048 1014 4121 manifestarum
1050 4047 1210 4145 corporis

122 4160 213 4236 vitia
230 4185 275 4236 ec
290 4162 409 4259 magis
429 4163 625 4237 attendere
641 4162 757 4247 decet,
782 4161 871 4258 quia
888 4158 991 4233 facile
1015 4159 1209 4235 observen-

119 4283 194 4361 tur,
214 4286 254 4349 et
269 4275 425 4351 minime
441 4274 584 4352 fallacia
601 4276 686 4362 sint,
710 4296 833 4371 neque
849 4297 947 4373 aeger
962 4297 1005 4348 ea
1019 4273 1209 4350 medicum
