2678 4794
56 297 145 352 cna.
162 297 258 350 xxx.
387 293 608 350 iraorcmra
626 295 915 353 annoanmcas.
1068 287 1140 364 399

54 475 151 548 adeo
166 471 332 546 validum
348 470 490 568 semper
507 473 728 559 conveniret,
745 473 805 546 vel
818 498 961 574 semper
976 475 1140 573 periculo

55 596 205 671 careret,
224 585 262 658 in
279 583 322 656 iis
340 585 451 655 etiam
471 585 605 657 morbis
622 586 688 682 qui
708 585 848 682 aliquid
867 587 1006 661 stimuli
1025 588 1142 661 maxi-

20 680 38 713 *
54 722 120 771 me
136 695 319 796 postulare
336 693 540 780 videantur,
570 694 688 769 veluti
704 698 744 768 in
763 696 972 796 apoplexia,
998 711 1064 772 aut
1079 723 1142 797 pa-

53 809 176 907 ralysi,
195 811 281 890 &c.;
308 829 403 902 saepe
420 806 518 878 enim
537 808 676 894 nocuit,
694 832 911 906 semperque
928 811 1045 907 igitur
1053 834 1142 886 cum

54 920 253 1020 prudentia
270 917 436 990 adhiberi
453 918 573 1004 debet,
603 918 663 991 vel
679 920 866 993 interdum
884 923 1037 995 omnino
1058 946 1141 1020 pro

55 1033 184 1120 hiberi,
213 1055 333 1129 quum
353 1030 516 1104 multum
546 1030 666 1116 febris,
696 1042 761 1105 aut
790 1033 921 1131 ingens
951 1033 1142 1132 sanguinis

56 1145 294 1229 abundantia,
312 1153 377 1215 aut
393 1141 617 1231 distributio,
633 1153 699 1216 aut
715 1146 901 1242 congestio
918 1146 997 1243 ejus
1013 1146 1141 1219 abnor·
1172 1162 1175 1168 ’

56 1257 140 1342 mis,
157 1265 223 1329 aut
239 1255 393 1327 demum
411 1277 555 1326 summa
573 1254 751 1338 debilitas,
768 1256 912 1344 adsunt,
929 1256 1052 1331 nevel
1070 1258 1141 1353 pri-

56 1392 120 1440 ora
136 1366 233 1440 mala
249 1374 393 1464 augeat,
412 1364 469 1438 vel
485 1390 592 1452 nova,
611 1365 759 1439 forsitan
777 1369 953 1464 graviora,
970 1369 1115 1442 efficiat.

110 1500 240 1552 recen.
265 1478 371 1558 Idem
398 1477 473 1567 sere
498 1477 725 1550 monendum
751 1487 807 1550 est
844 1478 891 1551 de
919 1478 1044 1566 calore,
1074 1482 1142 1578 qui

56 1590 229 1664 omniurn
246 1588 320 1661 fere
330 1589 398 1686 qui
415 1588 591 1662 hactenns
603 1589 743 1687 cogniti
756 1589 893 1663 fuerint
906 1591 1140 1665 stimulorum

56 1713 97 1777 et
122 1702 283 1774 maxime
306 1699 483 1799 generalis
508 1712 547 1773 et
576 1700 842 1775 efficacissimus
867 1727 944 1776 esse
970 1704 1140 1786 videtur;

57 1813 193 1888 scilicet
210 1813 277 1910 qni
308 1835 382 1884 non
400 1811 512 1885 modo
529 1812 714 1887 musculos
732 1813 899 1886 animalis
920 1813 997 1911 jam
1016 1816 1141 1913 vegeti

57 1936 96 1999 et
113 1923 259 1999 mobilis
276 1923 323 1996 ad
340 1925 625 1997 contractionem
652 1926 734 2012 ciet,
762 1926 825 1998 sed
850 1925 1074 2024 languentia,
1103 1938 1142 2000 et

56 2036 219 2135 torpida,
242 2045 281 2108 et
296 2058 391 2133 pene
408 2035 605 2122 exanimis,
630 2037 677 2108 ad
693 2049 837 2111 motum
858 2050 896 2110 et
913 2039 1025 2112 vitam
1045 2040 1140 2112 exci-

56 2158 137 2233 tat;
163 2146 230 2245 qui
247 2145 372 2221 multis
387 2145 606 2219 animalibus
623 2147 713 2220 alter
730 2150 816 2222 vitae
829 2150 910 2223 fons
927 2161 992 2237 est,
1010 2176 1140 2224 ovum-

57 2285 144 2360 que,
169 2258 274 2332 aliter
298 2282 490 2356 nunquam
517 2259 714 2344 victurum,
739 2261 918 2333 advitam
936 2261 1038 2333 brevi
1062 2287 1139 2358 per-

55 2373 185 2457 dacin
221 2373 288 2470 qui
313 2372 486 2445 omnibus
523 2370 740 2443 animalibus
767 2372 985 2444 necessarius
1010 2383 1064 2443 est
1094 2373 1140 2444 ad

57 2486 176 2557 varias
211 2484 422 2558 excitandas
459 2485 687 2581 propriisque
723 2482 936 2556 muneribus
965 2482 1141 2580 aptandas

57 2605 196 2695 partes,
218 2597 419 2693 praesertim
445 2596 646 2682 cerebrum,
671 2595 812 2692 quique
839 2617 948 2666 exeo
976 2593 1141 2691 pendent

51 2732 193 2782 nervos
208 2717 317 2806 atque
333 2709 538 2793 musculos3
568 2709 634 2806 qui
651 2708 812 2803 denique
829 2715 974 2779 tantum
1001 2706 1038 2777 in
1065 2730 1140 2779 eor·

57 2844 129 2919 pus
146 2820 351 2893 humanum
369 2820 567 2917 imperium
585 2819 705 2905 habet,
724 2830 766 2892 ut
783 2828 923 2904 auctus,
942 2841 1087 2891 sensum
1103 2829 1141 2893 et

57 2931 304 3006 mobilitatem
322 2932 460 3006 mirum
476 2932 516 3004 in
533 2932 688 3006 modum
706 2940 850 3029 augeat,
878 2931 1055 3016 minutus,
1073 2931 1140 3004 mi-

58 3052 160 3129 nuat,
177 3043 226 3115 ad
243 3053 427 3141 torporem
446 3069 563 3143 nsque
580 3055 618 3118 et
635 3043 826 3142 paralysin.

106 3177 256 3229 Mcc111.
286 3154 351 3228 Nil
368 3157 505 3229 mirum
535 3157 651 3255 igitur
680 3157 833 3230 calorem
861 3158 1049 3230 interdum
1075 3179 1141 3254 pro

56 3266 273 3341 stimulante
289 3268 452 3341 remedio
468 3270 507 3341 in
525 3270 746 3367 quibusdam
760 3269 897 3342 morbis
913 3269 1024 3341 fuisse
1040 3266 1140 3340 adhi-

56 3377 193 3465 bitum,
218 3388 256 3451 et
272 3379 470 3476 aliquando
488 3381 652 3455 multum
669 3382 856 3479 profuisse.
909 3381 1023 3453 Levis
1040 3379 1140 3452 enim

54 3499 190 3587 praeter
218 3490 368 3566 solitum
387 3491 481 3565 calor
498 3492 571 3565 levi
589 3492 739 3566 stimulo
765 3501 830 3578 est,
857 3493 974 3589 qualis
992 3515 1086 3589 saepe
1103 3501 1142 3564 et

54 3611 163 3675 tutus
180 3612 218 3673 et
235 3601 337 3675 utilis
364 3604 505 3700 corpori
534 3627 610 3675 esse
635 3615 774 3701 potest;
800 3604 915 3701 major
941 3604 1036 3677 calor
1053 3603 1141 3677 vali·

52 3713 198 3786 diorem
216 3714 354 3810 praebet
372 3713 578 3799 stimulum,
595 3723 633 3786 et
644 3717 780 3812 genteri
793 3740 959 3801 nervoso,
976 3727 1015 3790 et
1031 3717 1141 3814 parti·

51 3824 123 3898 bus
152 3849 238 3922 quae
271 3827 488 3923 sanguinem
507 3837 670 3914 movent,
697 3839 735 3901 et
760 3828 843 3901 ideo
870 3829 1041 3901 universo
1066 3852 1140 3901 cor-

49 3938 156 4035 pori3
196 3938 328 4034 ingens
361 3937 513 4011 demum
547 3937 651 4026 calor,
690 3938 807 4036 qualis
840 3939 938 4011 inter
962 3939 1141 4013 urendam

46 4058 197 4146 partem
216 4048 420 4145 quamlibet
436 4051 641 4137 adhibetur,
670 4051 929 4124 vehementem
948 4061 986 4125 et
1010 4049 1140 4123 intole-

46 4161 205 4235 rabilem
225 4160 419 4241 stimulum
450 4163 523 4249 dat,
549 4186 624 4236 non
651 4162 744 4261 parti
763 4162 876 4235 modo
900 4187 985 4259 quae
1008 4162 1139 4243 uritur,
