2678 4794
132 303 181 371 ³0
538 310 790 370 consaacrns
1065 312 1153 373 cnr.
1170 319 1213 373 11.

131 489 281 568 nullum
305 492 451 590 adipem
475 488 627 589 colligit,
652 490 717 565 scd
740 488 825 565 laxa
847 499 886 565 et
901 512 996 590 pure
1024 493 1217 571 reticulata

130 619 202 679 est.
246 606 313 690 At,
330 604 426 675 inter
443 603 628 677 musculos
637 605 845 703 carpcriset
860 617 1022 692 anuum,
1038 602 1216 695 subsuta,

129 719 225 793 etin
244 711 449 802 abdomine,
471 715 654 814 imprimis
678 717 718 791 in
743 727 895 791 omento
918 726 958 792 et
981 716 1075 793 circa
1097 740 1216 807 rencs,

130 830 314 929 plurimus
329 806 444 925 adeps
460 828 671 917 secernitur,
687 838 727 903 et
742 828 937 928 colligitur.

180 962 231 1015 cr.
256 939 389 1039 Adeps
402 958 541 1039 purum
559 940 685 1016 oleum
701 940 858 1015 animale
873 951 940 1029 est,
963 940 1011 1016 ab
1025 939 1114 1017 oleis
1131 942 1214 1018 her·

128 1053 257 1128 barum
282 1052 407 1126 massis
444 1064 483 1127 et
507 1054 662 1128 mitibus
686 1078 819 1154 parum
844 1053 1028 1140 diversum
1069 1054 1110 1128 in
1135 1055 1214 1131 vits

125 1162 284 1240 fluidus:
309 1165 374 1239 sed
389 1167 499 1240 variis
515 1167 681 1266 partibus
697 1166 846 1241 crassior
871 1178 936 1241 aut
961 1166 1118 1243 tenuior.
1170 1169 1211 1242 A

56 1372 60 1379 Ι
125 1274 305 1375 sangrsine
321 1280 532 1367 secernitur,
558 1280 599 1354 in
616 1279 740 1379 ipsum
757 1277 873 1365 facile,
899 1287 938 1352 et
961 1302 1058 1378 saepe
1073 1278 1211 1369 subito,

124 1389 341 1478 resorbetur,
381 1380 553 1490 quamvis
578 1391 759 1466 rarissime
792 1392 976 1466 sincerum
1000 1389 1126 1466 oleum
1151 1390 1212 1466 vel

2 1498 6 1507 '
124 1500 237 1600 adeps
253 1502 292 1574 in
310 1504 491 1601 sangnine
506 1503 761 1600 conspiciatur.

175 1636 244 1689 c11.
271 1614 482 1688 Verisimile
505 1622 562 1688 est
576 1614 702 1688 oleum
718 1637 785 1714 per
800 1613 1059 1714 digestionem,
1075 1616 1211 1716 partim

124 1725 166 1799 in
190 1726 398 1802 ventriculo
422 1738 462 1801 et
486 1726 680 1814 intestinis,
718 1727 855 1825 partlm
879 1726 920 1802 in
944 1718 1133 1827 pulmone,
1170 1730 1212 1804 in

113 1836 309 1939 fibairmm,
333 1838 554 1940 gelatinam,
583 1849 622 1912 et
650 1834 824 1914 albumen
852 1842 1038 1928 converti;
1068 1852 1108 1917 et
1132 1840 1212 1916 hac

125 1951 263 2025 iterum
292 1978 358 2052 per
386 1952 626 2027 secretionem
653 1952 692 2025 in
709 1950 834 2025 oleum
851 1963 1043 2027 revertere.
1096 1952 1211 2029 Nulla

126 2062 290 2159 profecto
340 2063 458 2162 adipis
498 2086 634 2163 organa
686 2063 911 2137 secernentia
951 2064 1210 2142 ostenduntur.

126 2171 286 2271 Oportet
314 2184 440 2249 umen
470 2174 680 2249 istiusmodi
707 2175 792 2261 sint,
825 2185 865 2250 et
896 2172 1031 2250 fabrica
1058 2200 1212 2278 qnoque

126 2285 290 2383 specialis
318 2285 401 2363 telae
415 2285 597 2364 cellulam
613 2309 740 2360 earum
757 2286 933 2386 partium,
962 2310 1050 2386 quae
1074 2287 1213 2368 debent

126 2395 261 2474 habere
285 2398 444 2498 adipem,
472 2410 517 2475 ut
544 2399 669 2474 oleum
693 2398 771 2496 jam
797 2409 979 2476 secretum
995 2402 1211 2480 contineant

127 2532 251 2609 neque
266 2511 314 2585 ad
329 2511 416 2586 alias
433 2513 586 2586 transire
602 2511 734 2584 sinant.
786 2509 885 2586 Nam
911 2512 952 2588 in
981 2523 1101 2613 partes
1118 2539 1211 2612 pure

127 2624 334 2699 reticulatas
352 2625 451 2698 viam
481 2625 549 2698 sibi
576 2647 771 2722 nunquam
796 2625 924 2722 aperit,
948 2627 1118 2723 quamvis
1143 2650 1212 2726 per

128 2733 238 2811 telam
253 2733 460 2811 cellulasam
489 2735 603 2809 facilis
620 2736 680 2809 via
705 2738 754 2808 sit
777 2734 850 2808 aeri
866 2744 934 2810 aut
947 2756 1055 2834 aquae
1069 2758 1137 2834 per
1151 2751 1207 2814 to-

126 2856 210 2920 tum
229 2871 398 2945 corpusa
414 2848 534 2945 capite
549 2846 597 2919 ad
612 2847 760 2922 calcem.

177 2979 262 3032 0111.
283 2959 329 3031 ln
346 2966 474 3032 tenero
490 2958 585 3033 foetu
603 2958 695 3033 nihil
712 2960 841 3061 adipis,
857 2962 897 3035 in
911 2971 1060 3037 maturo
1074 2986 1208 3064 parum

125 3068 315 3168 reperitur.
367 3069 531 3146 Infantes
547 3094 646 3161 vero,
671 3074 783 3148 modo
812 3073 907 3148 bene
920 3072 1001 3148 aliti
1016 3074 1103 3164 sint,
1130 3076 1208 3152 fere

125 3180 244 3258 solent
268 3184 515 3282 pinguescere,
541 3184 658 3258 donec
681 3184 870 3260 ambulare
893 3195 933 3260 et
948 3189 1104 3287 pmpriis
1120 3190 1207 3265 viri-

124 3292 194 3369 bus
210 3307 328 3371 semet
343 3318 511 3371 exercere
539 3296 736 3396 incipiant;
767 3307 850 3373 tum
866 3298 1018 3399 graciles
1034 3300 1143 3389 fiunt,
1169 3313 1208 3376 et

125 3406 176 3480 sic
200 3421 352 3483 manent
387 3410 434 3483 ad
459 3408 602 3484 virilem
642 3434 761 3511 usque
785 3421 945 3501 aetatem,
982 3435 1059 3512 qua
1083 3415 1207 3488 minus

14 3536 20 3547 ’
124 3518 248 3592 crebra
263 3530 303 3593 et
318 3521 439 3594 valida
454 3522 512 3596 uti
529 3521 648 3597 solent
663 3524 934 3598 exercitatione.
996 3524 1101 3600 'l'um
1117 3550 1206 3624 qua·

124 3630 219 3705 drati
245 3631 354 3720 fiunt,
388 3643 445 3706 et·
462 3658 557 3734 saepe
580 3636 800 3712 obesissimi:
835 3646 981 3712 matura
1005 3648 1207 3727 senectute,

123 3743 300 3841 paulatim
319 3745 443 3821 denuo
459 3754 697 3823 marcescunt.
748 3746 890 3822 Puellae
914 3771 1003 3821 vero
1027 3749 1206 3845 quodam-

123 3856 237 3949 modo
271 3858 521 3955 pinguescunt
558 3861 652 3935 circa
687 3868 836 3935 aetatem
861 3860 1061 3960 puberem;
1101 3861 1205 3934 unda

123 3967 240 4045 forma
255 3970 385 4056 nitida,
402 3981 507 4058 teres,
533 3972 700 4047 amabilis
716 3975 818 4060 adeo,
844 3985 883 4047 et
898 3982 984 4072 apta
998 3969 1140 4071 premi:
1165 3980 1206 4045 'et

116 4079 189 4189 feri
218 4082 321 4156 omni
346 4090 465 4170 aetste,
492 4081 656 4161 foeminae
681 4084 766 4184 plus
793 4108 911 4185 quarn
935 4084 1004 4160 viri
1030 4082 1205 4183 pingues·
