2678 4794
542 256 795 322 conspectus
982 246 1070 311 CAP.
1088 246 1209 309 xxix.

227 1199 321 1274 Cur.
338 1191 615 1273 xxm-De
630 1185 801 1268 remedio
817 1186 1106 1290 definientibus.

135 2134 262 2188 mcxi.
292 2068 521 2187 Romnum
559 2111 785 2187 infirmantia
816 2109 992 2185 dicuntur
1024 2107 1097 2197 ina,
1131 2129 1209 2207 quae

134 2227 230 2300 vires
262 2224 436 2299 fibrarum
471 2225 760 2299 musculosarum
792 2223 980 2310 minuunt,
1013 2241 1210 2319 earumque

133 2337 218 2413 ideo
234 2339 416 2413 actionem
433 2337 557 2412 minus
574 2337 734 2412 validam
762 2335 938 2410 efficiunt
989 2333 1131 2408 Multas
1157 2352 1208 2406 res

136 2450 201 2524 tali
217 2452 257 2525 vi
285 2451 325 2524 in
351 2474 500 2550 corpore
525 2449 690 2525 humano
717 2447 864 2550 pollere,
893 2446 978 2521 satis
1005 2457 1150 2521 certum
1175 2450 1210 2518 et

135 2563 374 2639 manifestum
390 2573 464 2648 est;
489 2562 629 2662 hasque
644 2563 740 2643 inter
755 2559 916 2636 remedia
935 2581 1161 2647 enumerare,
1176 2562 1212 2630 et

137 2701 233 2774 saepe
249 2700 315 2773 pro
330 2675 500 2749 remediis
517 2675 700 2762 adhibere,
716 2672 817 2748 haud
831 2672 921 2746 adeo
934 2669 1067 2745 inutile
1079 2680 1146 2745 aut
1156 2669 1211 2743 ab·

137 2787 291 2859 surdum
321 2795 376 2858 est
404 2810 445 2859 ac
473 2786 595 2883 primo
612 2796 772 2885 repectu
802 2785 1007 2870 videbitur;
1039 2783 1210 2857 nimirum

137 2895 225 2992 quia
241 2896 347 2993 vigor
363 2897 451 2993 ipse,
468 2907 512 2971 ut
522 2897 599 2994 jorn
619 2899 854 2988 (ccccnxxv‚
882 2908 922 2971 et
938 2904 1053 2995 seqq.)
1076 2891 1209 2994 exposi-

137 3015 221 3079 tum
238 3016 303 3092 est,
321 3008 470 3094 nimius,
497 3019 536 3081 et
551 3009 667 3107 igitur
685 3007 881 3093 morbidus,
898 3007 1089 3083 interdum
1104 3006 1209 3084 etiam

137 3115 244 3189 valde
259 3116 494 3215 periculosus,
523 3142 600 3192 esse
616 3129 747 3218 potest.
797 3119 990 3195 Remediis
1018 3122 1135 3220 igitur
1153 3113 1211 3192 ui-

136 3228 287 3327 quando
302 3253 396 3329 opus
411 3229 492 3317 erit,
518 3231 640 3329 qualia
655 3231 756 3306 istud
773 3231 908 3307 vitium
933 3233 1114 3333 corrigere
1137 3252 1214 3331 pos·

137 3340 222 3429 sint,
247 3341 430 3442 fibrasque
457 3342 692 3432 musculosas,
712 3342 791 3443 jam
821 3344 936 3418 nimia
961 3346 999 3418 vi
1026 3345 1213 3444 pollentes,

136 3453 413 3548 quodammodo
428 3454 628 3544 debilitare,
658 3465 696 3531 et
727 3456 841 3531 sicud
867 3465 1005 3532 statum
1023 3481 1157 3534 sanum
1179 3459 1214 3527 et

135 3562 341 3638 naturalem
358 3566 541 3642 reducere.

185 3695 331 3750 mcxci.
358 3677 590 3776 Hujusmodi
605 3681 767 3757 remedia
795 3702 817 3754 a
833 3680 1020 3757 nonnullis
1038 3689 1214 3756 vocantur

134 3784 283 3863 otonico
308 3789 412 3886 quasi
437 3815 513 3866 non
530 3792 634 3868 aliter
650 3793 864 3892 prodessent
881 3817 993 3892 quam
1011 3790 1213 3884 minuendo

134 3899 350 3987 tensionem,
375 3924 440 3976 seu
464 3911 601 3991 tonum,
625 3904 798 3978 fibrarum
824 3905 1069 3980 moventium.
1132 3904 1214 3980 Hoc

7 4112 8 4117 Ἰ
129 4019 260 4087 'autem
284 4034 432 4099 nomen,
466 4025 599 4113 utpote
633 4014 857 4114 opinionem,
894 4040 1052 4114 ermque
1084 4035 1210 4117 parum

130 4133 281 4214 certam,
305 4125 346 4198 in
365 4148 402 4200 se
419 4127 622 4216 continens,
648 4137 798 4227 propter
823 4130 981 4206 rationes
1000 4129 1080 4228 jam
1104 4129 1214 4204 dicus
