2678 4794
68 427 160 486 car.
177 424 298 480 xxxa
365 425 581 482 uunrerna
598 427 880 490 rusonsrrcrs.
1082 418 1152 486 411

67 627 158 702 que,
184 612 224 677 et
239 602 448 694 roborante,
468 614 508 679 et
522 605 746 707 antbepts‘oa
758 634 771 690 ,·
795 628 918 704 neque
943 605 1028 680 ideo
1043 630 1156 682 omne

69 716 175 813 quod
191 715 239 788 ab
254 739 299 789 eo
314 717 514 816 percipitur
530 717 749 793 beneficium
767 717 851 792 solis
867 716 1059 793 effectibus
1075 719 1156 818 ejus

70 827 372 927 refrigerantibus
388 853 464 904 esse
480 831 732 907 tribuendum.

122 961 320 1014 mccxxxr.
356 941 436 1015 Hic
466 967 616 1041 quoque
649 944 844 1018 memorari
880 942 990 1016 debet
1016 941 1067 1016 sal
1092 942 1154 1018 ille

72 1052 198 1126 acidus
227 1052 432 1152 singularis,
469 1058 533 1152 qui
566 1066 728 1143 vooatur,
764 1056 874 1154 quasi,
892 1063 949 1124 ω·
978 1067 1073 1142 aar»,
1104 1055 1157 1130 sal

71 1162 273 1240 sedatium.
326 1166 446 1241 Salem
473 1167 572 1243 hunc
588 1193 655 1268 pro
680 1167 830 1242 sedante
859 1178 897 1244 et
921 1168 1159 1268 refrigerante

73 1275 238 1355 remedio
249 1279 420 1353 nonnihil
435 1280 566 1368 valere,
591 1280 746 1361 minime
762 1280 921 1357 dubium
949 1291 989 1356 et
1004 1282 1160 1356 minime

73 1387 215 1461 mirum
233 1404 309 1477 est;
333 1391 502 1467 nondum
520 1417 608 1467 vero
624 1390 790 1468 constitit
806 1417 905 1482 eum,
930 1402 1122 1492 uteunque
1137 1418 1161 1469 a

73 1499 264 1574 nonnullis
279 1500 483 1592 laudatum,
499 1503 641 1603 aliquid
658 1503 849 1603 peculiaris
862 1505 1048 1580 commodi
1064 1506 1102 1578 in
1121 1529 1161 1580 se

74 1610 221 1701 habere,
236 1623 302 1688 aut
318 1614 396 1689 aliis
412 1614 541 1706 acidis,
562 1616 639 1691 sive
655 1615 837 1692 fossilibus
853 1616 931 1692 sive
948 1615 1159 1716 vegetabili·

76 1722 156 1812 bus,
184 1738 251 1799 aut
279 1727 465 1803 nonnullis
483 1728 616 1814 salibus
645 1729 806 1820 neutris,
834 1754 911 1805 esse
933 1740 1160 1828 anteponen-
1296 1761 1298 1765 ·

75 1836 179 1914 dum.

128 1972 340 2028 mccxxxrr.
371 1953 478 2028 Varia
494 1966 621 2030 autem
637 1955 747 2031 orella
771 1953 1005 2056 vegetabilis,
1032 1977 1161 2053 quam·

76 2062 137 2136 vis
155 2062 314 2138 multum
342 2066 518 2140 debiliora
541 2076 580 2140 et
607 2067 750 2140 mitiora
767 2092 878 2165 quam
907 2066 1056 2142 aridum
1085 2063 1161 2142 sul·

69 2175 288 2278 pluriorem,
317 2178 395 2252 vim
423 2190 549 2278 tamen
574 2179 849 2277 refrigerantem
879 2203 954 2252 non
984 2181 1162 2277 exiguam

77 2287 188 2388 plane
204 2290 402 2388 possident,
427 2303 465 2365 et
495 2291 564 2364 hoc
590 2291 741 2364 consilio
758 2291 967 2389 frequenter
995 2302 1034 2363 et
1050 2290 1165 2364 libere

78 2402 376 2499 praescribuntur,
392 2413 430 2477 et
448 2402 642 2478 utilissima
658 2403 902 2502 reperiuntur,
925 2412 964 2476 et
979 2400 1164 2500 plerisque
1243 2400 1251 2417 '

78 2513 188 2612 aegris
226 2515 363 2612 quibus
400 2513 466 2589 tali
499 2514 640 2590 auxilio
664 2539 757 2615 opus
782 2524 847 2604 est,
883 2514 982 2588 tuta'
995 2523 1034 2588 et
1059 2521 1164 2612 grata

78 2625 252 2701 remedia.

132 2759 362 2814 mccxxxnr.
394 2740 492 2815 Cum
522 2741 624 2840 puris
642 2765 791 2839 quoque
818 2738 936 2816 aridis
952 2733 1164 2839 vegetabili-

82 2849 163 2940 bue,
181 2861 264 2931 tum
282 2851 427 2939 nativis,
443 2861 527 2926 tum
538 2865 780 2952 quaerentum
797 2864 993 2953 postquam
1007 2851 1164 2925 fermen-

82 2973 160 3038 tata
174 2963 316 3038 fuerint
332 2988 442 3039 suum
459 2989 600 3040 acorem
619 2965 885 3065 adipiscuntur,
910 2963 1088 3038 reoensen'
1103 2962 1165 3035 de-

81 3073 173 3149 bent
203 3075 312 3150 multi
341 3075 484 3153 fluctus
511 3078 698 3166 esculenti,
729 3080 793 3177 qni
823 3077 969 3164 scilieet,
994 3075 1166 3176 quamvis

81 3186 332 3275 maturissimi,
361 3189 502 3288 aliquid
531 3191 815 3291 semper-enoris
844 3214 919 3265 una
951 3213 1036 3262 cum
1062 3195 1167 3286 grata

83 3299 281 3375 duloedine
309 3301 500 3376 retineant.
552 3302 783 3400 Hujusmodi
799 3303 899 3377 enim
917 3301 1060 3376 fruetus
1075 3322 1167 3396 prae-

84 3413 307 3487 stantissima
323 3414 590 3495 medicamenta
605 3416 855 3514 refrigerantia
870 3413 980 3498 fiunt,
1004 3423 1044 3484 et
1059 3433 1167 3508 prop·

84 3535 140 3599 ter
157 3535 328 3600 naturam
346 3551 449 3601 suam
469 3527 610 3613 mitem,
627 3538 665 3601 et
678 3528 813 3626 saporis
824 3527 1054 3610 suavitatem,
1069 3546 1169 3622 mag·

84 3639 266 3737 nampio,
294 3662 370 3713 non
387 3640 500 3713 modo
516 3662 590 3712 non
608 3651 866 3739 repugnanter,
893 3637 956 3712 sed
982 3659 1079 3733 saepe
1094 3635 1169 3708 avi·

84 3749 235 3825 dissirrm
251 3751 298 3826 ab
323 3752 429 3851 aegris
456 3751 688 3838 devorantur,
718 3762 756 3825 et
784 3751 836 3824 sio
866 3749 1082 3823 efficaciores
1106 3745 1169 3820 ali·

85 3861 237 3960 quando
253 3874 340 3938 sunt
356 3888 423 3962 pro
433 3863 516 3937 cibo
529 3862 639 3937 simul
653 3872 693 3936 et
708 3861 871 3936 remedio
882 3860 1039 3935 adhibiti
1055 3880 1169 3958 quarn

85 3973 358 4050 medicamenta
384 3974 482 4049 haud
509 3998 641 4073 parurn
657 3974 815 4060 fortiora,
843 3997 939 4072 quae,
955 3971 1003 4046 ob
1020 3969 1170 4044 acrimo-

86 4087 187 4160 niam
205 4110 323 4174 suam,
348 4098 386 4162 et
405 4112 567 4192 saporem
598 4089 800 4174 insuavem,
830 4084 888 4159 vel
914 4105 1087 4158 nauseam
1105 4091 1171 4154 aut

88 4199 275 4275 vomitum
302 4224 412 4298 quem
444 4201 562 4277 solent
588 4199 757 4290 excitare,
786 4197 835 4279 ad
859 4219 993 4298 paucas
1021 4201 1171 4285 nutum
