2678 4794
20 361 22 365 «
76 334 325 388 cmxxxiv.
376 333 598 388 Maurorum
616 334 908 392 annoanrrcar.
1079 317 1169 394 481,

73 533 218 611 semper
233 509 479 599 oonvenirent,
505 520 544 586 et
560 514 663 586 omni
680 514 843 612 periculo
857 522 897 587 et
913 513 1147 589 incommodo

66 633 240 699 carerent.
292 625 389 700 Ram
408 648 496 698 vero
511 623 623 724 longa
639 625 745 699 aliter
771 651 810 700 se
835 625 978 713 habere,
1004 629 1146 725 experi-

65 736 167 809 entia
184 738 268 810 satis
285 760 469 837 superque
486 737 774 824 demonstravit;
800 762 866 812 sua
891 739 990 811 enirn
1021 760 1144 838 neque

64 843 162 920 levia
177 849 411 923 incommoda
427 848 573 937 habent,
599 861 637 923 et
664 875 760 949 saepe
786 850 948 949 periculo
977 872 1052 925 non
1082 875 1143 926 va·

64 971 160 1046 eant,
186 962 263 1034 sive
279 963 388 1036 initio
412 961 532 1047 febris,
558 986 644 1036 cum
670 964 785 1036 nimia
814 964 1001 1063 sanguinis
1027 963 1143 1037 abun-

64 1069 199 1158 dantia,
225 1081 264 1145 et
281 1074 412 1170 ingens
428 1071 603 1170 impetus,
628 1072 777 1149 fortasse
793 1086 905 1175 oaput
921 1099 1057 1163 versus,
1079 1075 1141 1149 ad·

63 1193 163 1270 sunt,
180 1185 259 1256 sive
276 1184 346 1258 sub
362 1184 487 1273 finem,
512 1208 595 1259 cum
614 1187 708 1258 vires
733 1189 821 1285 aegri
844 1188 924 1286 jam
952 1189 1075 1262 fraotae
1103 1196 1142 1260 et

62 1318 160 1393 pene
187 1295 378 1371 exhaustae
404 1308 503 1384 sunt,
528 1306 681 1370 tentatae
709 1297 857 1386 fuerint,
884 1302 960 1375 sive
988 1300 1141 1375 demum

61 1430 130 1506 per
146 1417 271 1482 totum
289 1410 407 1482 morbi
425 1410 620 1484 decursum
646 1409 757 1482 nimis
785 1409 993 1508 frequenter
1009 1410 1141 1512 repeti·

60 1527 130 1605 tae,
148 1520 242 1594 vires
258 1520 349 1618 ejus,
366 1521 502 1621 quibus
520 1523 670 1596 morbus
687 1523 916 1621 pepercisset,
932 1522 1016 1621 plus
1032 1546 1141 1621 aequo

59 1634 344 1707 attenuaverint
396 1634 644 1737 Quapropter,
669 1657 793 1732 neque
810 1635 847 1707 in
864 1633 1026 1708 violenta
1041 1634 1142 1707 febre

59 1743 163 1840 prius
173 1745 412 1819 vomitorium
424 1747 739 1821 medicamentum
751 1746 1016 1820 dareeonvenit
1026 1770 1138 1844 quam

58 1864 113 1928 sat
130 1856 318 1954 sanguinis
334 1856 542 1931 detractum
562 1855 684 1946 fuerit,
711 1859 890 1957 neque'in
908 1881 1055 1932 summa
1083 1858 1139 1931 in·

59 1964 233 2040 firmitate
258 1978 335 2043 tarn
361 1969 561 2042 vehemens
588 1971 795 2046 remedium
822 1970 992 2069 experiri,
1017 1981 1142 2068 neque

59 2078 159 2152 idem
171 2079 247 2176 jam
265 2079 400 2155 frustra
423 2091 613 2154 tentatum
638 2107 734 2181 saepe
762 2093 935 2181 repetere,
960 2083 1139 2159 nimirum

58 2191 162 2290 quod
178 2215 254 2266 non
280 2217 425 2292 semper
449 2192 582 2266 febrim
610 2193 793 2267 discutere
823 2191 969 2290 poterit,
995 2204 1034 2267 et
1062 2216 1137 2267 non

56 2305 194 2403 poterit
204 2327 285 2378 non
304 2328 437 2404 eorpus
454 2303 620 2378 multum
636 2305 830 2378 infirmare.

109 2437 326 2491 uccoxcvr.
352 2416 511 2490 Prodest
526 2413 640 2489 etiam
655 2415 814 2490 vomitio
829 2415 868 2487 in
886 2414 1016 2488 multis
1032 2384 1139 2489 affec·

57 2527 221 2602 tionibus
239 2527 436 2601 ventriculi
458 2538 495 2600 et
512 2527 785 2613 intestinorum,
810 2549 955 2614 nausea,
981 2527 1139 2614 vomitu,

56 2629 240 2739 singultu,
267 2639 340 2712 alvi
357 2637 808 2736 fluxu‚‘dpsenteria,·&o
832 2640 968 2736 partim
984 2639 1139 2736 expulsa
1191 2644 1193 2651 ’

54 2752 211 2824 materia
227 2751 349 2848 aliqua
367 2752 443 2824 aeri
455 2760 493 2825 et
510 2749 687 2837 morbosa,
713 2775 799 2849 quaa
825 2752 993 2825 morbum
1010 2749 1071 2824 vel
1086 2748 1137 2824 fa-

55 2864 177 2939 ciebat
194 2862 253 2935 vel
271 2861 398 2937 saltem
413 2862 639 2949 intendebat,
656 2865 789 2962 partim
803 2861 936 2960 aequali
948 2863 1136 2962 sanguinis
1242 2930 1249 2949 ,

55 2985 95 3051 et
112 2977 168 3051 vis
185 2999 353 3050 nervosoe
364 2974 483 3063 fluxu,
501 2985 539 3048 et
556 2974 669 3048 libera
685 2998 751 3075 per
766 2976 885 3050 cutim
902 2974 1136 3049 exhalatione

56 3111 171 3186 quarn
189 3088 312 3176 efficit,
339 3098 377 3161 et
393 3087 583 3162 interdum
600 3087 750 3162 fortasse
778 3089 924 3163 inverso
941 3087 1136 3162 ventriculi

56 3210 96 3274 et
113 3201 306 3299 superioris
333 3202 445 3299 partis
473 3201 641 3276 intestini
670 3213 789 3288 motu,
815 3202 882 3301 qui
908 3200 1069 3276 nimium
1097 3208 1136 3273 et

55 3311 295 3386 acceleratum
307 3313 459 3411 reliqui
449 3315 615 3389 intestini
626 3328 773 3389 motum
791 3313 988 3431 reprimere
1005 3311 1134 3386 saltem

56 3423 118 3498 vel
135 3422 308 3500 forsitan
299 3435 481 3499 invertere
496 3427 643 3524 poterit.

106 3537 599 3612 nccexev11.Vomitiones
624 3563 646 3610 a
671 3537 860 3613 nonnullis
877 3537 1137 3612 existimantur

55 3674 94 3722 vr
82 3648 235 3748 aliqua
251 3646 565 3749 uatupusmodiea
581 3648 727 3747 pollere,
752 3674 830 3723 non
847 3649 960 3723 modo
975 3651 1015 3723 in
1032 3650 1136 3722 omni

53 3784 190 3861 genere
205 3762 324 3850 febris,
350 3773 389 3836 et
414 3761 452 3834 in
479 3761 616 3835 morbis
644 3761 902 3835 intestinorum
922 3786 1053 3836 verum
1080 3761 1135 3832 in-

52 3897 164 3972 super
179 3875 220 3948 in
231 3876 326 3949 veris
338 3873 639 3978 convulsionibus
648 3895 870 3972 magnorum
884 3873 1134 3948 musculorum

52 3987 177 4059 trunci
193 3988 353 4086 eorporis
376 3996 443 4061 aut
469 3997 629 4061 artuum.
681 3985 756 4060 His
782 3983 933 4058 fortasse
961 4006 1133 4056 nonnun-

53 4121 168 4195 quam
186 4099 328 4173 auxilio
344 4122 421 4173 esse
432 4108 599 4198 possunt,
615 4096 677 4172 vel
693 4119 832 4195 magno
845 4121 916 4170 suo
933 4093 1083 4169 stimulo
1099 4105 1138 4169 et

53 4210 258 4309 agitatione
274 4212 446 4309 eorporis,
470 4210 531 4288 vel
548 4233 646 4286 nova
669 4220 708 4286 et
737 4211 879 4285 saniore
895 4207 1083 4307 sanguinis
1099 4215 1139 4278 et

559 4344 591 4399 rr
609 4322 634 4399 b
