2678 4794
139 399 226 471 011·
243 401 396 469 xxxvia
446 393 669 463 rmnrerun
686 395 976 465 anamma.
1143 390 1218 475 tat

138 582 338 684 puerperis,
374 579 511 681 quibus
539 579 607 659 diu
632 578 830 657 neuesaeria
856 576 930 657 tuit
956 578 1103 672 nediu,
1139 604 1218 668 uon

139 697 251 772 modo
266 693 418 783 inutilis,
443 693 508 769 sed
525 716 620 792 saepe
636 690 744 767 valde
759 691 972 791 pominiosa.

189 829 406 890 1100001011.
432 805 584 886 Modiea
598 815 638 881 et
653 805 831 886 diuturna
846 828 913 904 per
928 813 1054 893 eutem
1070 804 1216 891 extuli.

137 920 203 1009 tio,
221 920 336 1019 qualis
347 919 464 1007 facile,
479 916 540 999 vel
551 917 692 1000 idoneis
709 919 997 1009 medicamentis,
1013 919 1074 1000 vel
1090 943 1216 1023 norpa-

136 1033 186 1113 rie
198 1033 471 1121 exercitatione,
483 1029 544 1109 vel
555 1032 704 1119 vestitu,
716 1030 776 1112 rel
789 1030 873 1114 aoeli
884 1032 1101 1121 mutatione,
1118 1030 1230 1122 effioi

136 1154 270 1244 potest,
286 1146 325 1219 in
343 1143 472 1220 multis
488 1143 637 1230 morbis,
652 1142 771 1218 veluti
787 1144 850 1219 lue
858 1168 1024 1234 venerea·
1041 1145 1214 1246 podagra·

136 1255 408 1344 rheumatismo,
424 1259 488 1335 &u
518 1279 615 1355 sepe
637 1255 756 1355 magis
785 1256 933 1355 prodest
961 1282 1074 1358 quam
1101 1258 1214 1341 sudor

135 1370 404 1468 eopiosiseimus
421 1368 486 1448 sed
513 1368 645 1456 brevis,
670 1368 908 1447 validioribus
936 1371 1216 1451 medicamentis

133 1491 376 1580 provooousa
400 1492 440 1561 et
464 1482 619 1582 quidem
643 1480 783 1560 multos
810 1482 963 1570 sanavit,
988 1483 1125 1581 quibua
1152 1482 1214 1563 hio
1320 1534 1323 1538 ι

134 1592 229 1674 nihil
245 1594 460 1694 profuissem
484 1595 553 1694 qui
568 1617 655 1674 eane
678 1592 842 1694 periculo
867 1617 936 1673 suo
963 1617 1040 1673 non
1069 1616 1214 1694 semper

133 1716 241 1793 uret.
283 1715 323 1785 et
362 1706 552 1788 interdum
590 1706 916 1807 pemieiosissimus
948 1705 1053 1795 foret,
1094 1704 1214 1784 veluti

132 1817 333 1917 phthisicis,
350 1843 437 1893 eum
454 1817 571 1894 lenior
586 1828 625 1894 et
641 1829 811 1899 nonsttma
826 1842 894 1919 per
907 1829 1034 1897 eutem
1050 1816 1214 1897 excretio

132 1930 327 2029 insignitur
342 1931 539 2028 prodesset.
1002 1998 1005 2003 .

184 2063 422 2122 uouccxuvu.
439 2040 698 2141 copiosissima
713 2044 815 2122 enim
831 2041 911 2121 lieri
926 2051 1061 2143 potest,
1082 2051 1123 2120 et
1139 2042 1212 2121 uu

132 2153 270 2234 duim
286 2176 391 2253 serpe,
416 2176 482 2251 per
497 2162 624 2235 cutem
640 2155 813 2240 excretio.
838 2155 929 2233 citra
954 2155 1076 2235 ullum
1102 2157 1212 2234 sudo·

131 2291 232 2353 rem:
256 2288 326 2346 nea
347 2264 485 2344 desunt
509 2272 828 2363 argumentoque
844 2265 1032 2352 suadeant,
1056 2265 1141 2364 plue
1156 2267 1212 2343 in.

132 2379 282 2460 tardum
292 2378 363 2459 hoe
373 2377 485 2459 modo
494 2376 592 2456 intra
601 2385 745 2457 eertum
755 2387 905 2475 tempus
913 2375 1085 2463 exhalari.
1095 2399 1211 2476 quam

131 2515 221 2566 eum
237 2499 318 2565 tnta
332 2490 428 2567 eutis
444 2488 577 2563 sudore
599 2488 733 2562 madet.
784 2486 862 2562 Hic
886 2487 1060 2563 nimirum
1085 2513 1107 2567 a
1134 2486 1212 2589 1018

130 2601 208 2676 fere
231 2603 327 2677 cutis
351 2601 575 2675 relaxatione
603 2600 704 2676 haud
732 2624 813 2675 raro
840 2601 1000 2699 pendet3
1025 2599 1210 2674 exhalatio

130 2737 220 2789 vero
236 2713 427 2812 acorporis
440 2713 578 2813 vigore,
594 2723 634 2789 et
647 2713 834 2812 sanguinis
843 2713 999 2811 impetu,
1015 2722 1054 2786 et
1065 2710 1209 2786 actione

129 2850 301 2901 vasorum
318 2849 475 2899 summae
490 2827 597 2913 cutis,
622 2825 740 2924 magis
756 2823 988 2924 exprimitur.

179 2960 430 3015 Moceexcv111.
444 2939 554 3012 Inter
570 2937 779 3013 sudandum
791 2936 930 3011 multus
941 2944 1053 3034 potue
1062 2935 1208 3010 diluens

129 3051 351 3152 plerumque
379 3044 481 3125 utilis
509 3059 576 3137 est,
601 3061 640 3124 et
669 3072 764 3147 saepe
790 3071 936 3148 prorsus
965 3049 1206 3134 necessarium

129 3163 336 3238 oavendum
346 3171 470 3236 autern
484 3161 692 3262 diligenter,
708 3184 758 3235 ne
772 3161 886 3235 nimia
901 3160 980 3258 ejus
996 3161 1206 3260 quantitate

128 3274 355 3350 ventriculus
371 3285 554 3372 gravetur.

180 3407 401 3462 Mocoaxerx.
432 3385 478 3458 In
495 3408 633 3483 magno
649 3384 883 3460 et'diuturno
899 3381 1042 3469 sudore,
1058 3406 1204 3482 presser-

127 3499 199 3575 tim
216 3499 246 3572 si
262 3521 361 3598 aeger
376 3495 484 3569 valde
499 3495 668 3570 infirmus
684 3506 750 3583 est,
778 3495 920 3596 aliquid
944 3494 1205 3571 medimmenti

126 3608 361 3696 stimulantis,
386 3606 504 3682 veluti
531 3606 682 3705 liquoris
710 3606 929 3692 fermentati,
947 3610 1010 3683 &a
1040 3607 1094 3683 illi
1121 3632 1204 3709 per·

125 3722 355 3798 mittendum
373 3730 439 3807 est,
455 3728 495 3793 et
511 3743 606 3820 saepe
623 3720 734 3794 etiam
752 3720 1050 3818 praecipiendum,
1059 3744 1143 3797 cum
1155 3719 1203 3794 ad

124 3833 357 3911 sustinendos
373 3830 452 3929 ejus
468 3832 573 3918 vires,
590 3840 674 3908 tum
687 3856 837 3931 quoque
848 3831 896 3906 ad
908 3832 1204 3932 promovendum

125 3948 310 4023 sudorem.

178 4081 253 4134 mn.
284 4058 501 4147 Sudaturus,
533 4055 676 4154 rejectis
703 4055 876 4131 omnibus
904 4054 1134 4131 vestimentis
1162 4062 1202 4128 et

125 4171 298 4270 stragulis
310 4170 442 4258 linteis,
459 4169 571 4244 laneis
584 4166 915 4245 solisseinvolvere
927 4168 1050 4244 debet.
1086 4167 1201 4255 Quod

125 4283 157 4358 si
175 4282 241 4358 tali
257 4282 408 4359 oonsilio
423 4282 675 4381 obtemperare
690 4280 861 4372 noluerit,
882 4295 964 4358 tum
981 4280 1078 4355 inter
1092 4278 1201 4355 sudo-
