2678 4794
136 373 208 440 214
540 387 792 442 comesurus
1035 389 1121 443 ear.
1139 390 1207 443 xx,

135 571 219 636 tum
235 574 273 636 et
289 564 363 637 fere
379 587 520 660 semper
535 563 678 637 sudant.
729 562 825 636 Sunt
841 562 978 659 quibus
999 565 1094 638 cutis
1110 564 1210 637 arida

135 685 200 749 est.
264 676 360 749 Sunt
376 674 440 772 qui
462 673 624 748 multum
653 674 846 772 patiuntur
872 672 992 747 aselle
1016 675 1124 748 nimis
1151 700 1210 748 co-

133 788 237 884 pioso
253 797 318 862 aut
344 788 426 862 acri.
463 787 607 862 ’Urina
634 785 712 860 aliis
729 786 939 860 bominibus
968 785 1154 887 limpidior
1170 795 1209 858 et

133 896 307 986 blandior,
332 898 410 972 aliis
426 900 534 974 rubra
551 909 589 972 et
605 899 696 972 acris
719 909 784 973 est.
836 898 969 973 Semen
986 899 1109 995 ipsum
1125 897 1208 996 qui·

134 1009 289 1084 busdam
305 1018 437 1108 praeter
454 1009 600 1085 solitum
618 1011 702 1086 olet

181 1143 363 1196 nccxvlr.
390 1119 573 1212 Quamvis
589 1122 751 1197 multum
782 1122 843 1197 hic
871 1122 1029 1222 pendeat
1054 1121 1213 1219 aprima

132 1234 290 1330 eorporis
307 1234 552 1323 fabricatione,
579 1246 618 1309 et
634 1235 870 1310 varietatibus
895 1259 985 1333 quas
1001 1242 1087 1307 aetas
1111 1232 1210 1319 facit,

130 1345 294 1420 multum
320 1374 472 1449 quoque
496 1348 634 1449 pendet
657 1348 783 1421 avitae
798 1370 943 1447 genere,
959 1355 998 1420 et
1013 1347 1116 1420 victu
1134 1368 1209 1442 quo

33 1508 35 1522 .
130 1454 298 1534 homines
316 1471 486 1537 utuntur.

177 1591 378 1647 nccxvrrr.
397 1573 585 1670 Denique,
602 1570 905 1671 statusgeneralis
924 1595 1048 1646 massae
1065 1567 1208 1668 sangui-

72 1680 75 1687 '
129 1682 199 1769 nis,
225 1684 406 1772 humores,
444 1685 510 1782 qui
544 1709 593 1757 ex
627 1709 672 1757 eo
695 1684 918 1770 derivantur,
954 1683 1054 1756 haud
1079 1704 1207 1779 parum

129 1795 251 1871 afficit.
303 1796 396 1872 Post
412 1796 536 1870 cibum
553 1806 591 1870 et
607 1805 755 1893 potum,
775 1796 992 1893 copiosiores
1017 1816 1209 1883 secemun·

129 1908 379 2006 turhumores
396 1907 560 2006 quidam,
589 1907 645 1982 lac
660 1907 872 2006 praesertim,
889 1920 928 1980 et
945 1907 1064 1994 urina,
1093 1915 1132 1978 et
1147 1904 1208 1978 ha·

126 2015 216 2091 litus
231 2021 338 2106 cutis,
363 2029 402 2093 et
417 2020 536 2093 sudor.
587 2022 675 2107 Lac,
701 2020 969 2119 copiosissimus
995 2019 1033 2090 in
1063 2016 1210 2091 nutrice

127 2129 272 2218 humor,
297 2141 381 2231 post
414 2131 557 2231 aliquot
581 2133 752 2208 horarum
778 2132 950 2218 inediam,
976 2130 1036 2203 vel
1061 2127 1209 2203 nullum

126 2244 338 2335 secernitur,
355 2243 415 2320 vel
431 2269 584 2344 parcum
601 2256 639 2319 et
655 2270 745 2333 acre,
762 2243 871 2344 quale
884 2243 1002 2317 infans
1019 2240 1209 2341 respuerit,

126 2377 249 2453 neque
266 2356 428 2455 profecto
444 2356 600 2458 impune
616 2359 768 2434 suxerit.
818 2356 924 2430 Idem
938 2379 1026 2428 vero
1041 2351 1208 2427 brevissi·

125 2489 189 2539 mo
206 2481 289 2566 post
306 2469 431 2546 cibum
450 2470 578 2568 spatio,
595 2472 796 2569 copiosum,
825 2479 863 2542 et
879 2467 1068 2552 blandum,
1085 2474 1124 2539 et
1140 2487 1208 2538 nu-

127 2579 240 2679 triens
266 2580 361 2661 fluit.
411 2585 533 2660 Urina
561 2607 723 2682 quoque,
749 2581 873 2656 statim
898 2580 971 2654 fere
996 2589 1040 2652 ut
1065 2575 1208 2651 multus

127 2701 239 2787 potus
256 2692 409 2769 haustus
437 2695 558 2783 fuerit,
583 2695 764 2793 imprimis
788 2692 964 2791 frigidior,
987 2690 1132 2788 copiosa
1156 2711 1208 2763 se·

127 2802 313 2887 cemitur;
339 2806 441 2902 quod
457 2807 549 2880 adeo
565 2805 688 2879 subito
699 2827 967 2900 nonnunquam
984 2801 1209 2887 observatur,

129 2921 174 2985 ut
189 2913 254 2983 vix
273 2915 444 2988 credibile
460 2919 509 2990 sit
524 2918 646 3015 ipsum
663 2923 795 3012 potum
807 2914 854 2986 ad
870 2937 973 2986 renes
990 2913 1208 3011 pervenisse.

125 3021 321 3096 Probabile
337 3039 393 3098 est
408 3025 603 3100 stimulum
620 3024 806 3124 quendam
829 3025 916 3122 ipsis
941 3024 1089 3098 renibus
1118 3023 1209 3110 dari,

125 3157 192 3233 per
226 3158 444 3212 consensum
478 3161 596 3237 quem
628 3159 715 3211 cum
741 3135 947 3210 ventriculo
983 3136 1131 3223 habent,
1168 3144 1207 3209 et

125 3269 312 3344 spasmum
341 3248 500 3347 aliquem
526 3249 644 3324 forsan
671 3247 797 3323 induci
822 3249 916 3322 vasis
941 3248 1208 3334 remotioribus,

128 3358 246 3454 qualis
271 3360 355 3458 plus
380 3362 568 3461 sanguinis
592 3361 639 3435 ad
655 3384 758 3435 renes
775 3361 910 3461 dirigat
935 3363 1205 3455 (ccccuxxvr),

127 3491 330 3569 eorumque
354 3474 536 3551 actionem
561 3473 741 3547 intendat.
791 3474 871 3548 Nec
887 3472 991 3547 facile
1008 3473 1207 3571 quisquam

126 3580 192 3655 diu
218 3595 283 3656 aut
308 3583 472 3659 multum
499 3585 693 3672 sudaverit,
719 3586 789 3659 nisi
805 3585 865 3659 vel
893 3584 1057 3658 humidae
1082 3563 1205 3657 adrud-

126 3693 218 3767 dum
236 3698 509 3774 constitutionis
526 3698 646 3784 fuerit,
672 3698 912 3795 multumque
928 3696 1122 3770 humorem
1152 3706 1205 3771 te·

126 3828 239 3879 nnem
259 3808 418 3889 invenis
436 3811 615 3909 habuerit,
632 3811 692 3885 vel
708 3812 870 3909 denique
883 3810 978 3883 inter
994 3808 1204 3882 sudandum

125 3941 209 3991 suos
235 3919 406 3995 humores
431 3924 544 4021 probe
569 3922 728 4010 diluerit,
753 3945 958 4020 corpusque
982 3918 1206 4019 impleverit,

123 4029 293 4106 bibendo.
344 4033 448 4120 Quin
475 4044 513 4107 et
541 4034 609 4108 hac
633 4033 783 4120 ratione,
812 4032 988 4109 diluendo
1013 4033 1203 4118 nimirum,

124 4143 184 4215 vel
202 4145 344 4219 urinam
362 4144 422 4218 vel
439 4147 610 4219 sudorem
624 4169 772 4218 movere
784 4169 986 4244 possumus,
1004 4153 1116 4243 prout
1126 4167 1201 4218 eor·

122 4277 193 4358 pus
208 4257 329 4357 ipsum
347 4256 524 4362 frigidum
542 4255 601 4334 vel
617 4255 778 4334 calidum
794 4267 981 4335 servatum
997 4255 1123 4334 suerit.
