2678 4794
87 421 277 481 car.xv1.
348 418 570 475 Maurorum
588 418 875 477 annonarrcn.
1087 400 1164 486 <14⁹
1191 459 1193 461 .

88 603 200 702 probe
215 599 320 684 elota,
337 597 507 672 ruborem
526 623 636 672 suum
653 599 804 686 amittit,
826 598 1022 698 superstite
1038 607 1163 675 tamen

85 729 185 814 parte
200 712 399 811 glutinosa,
425 725 562 798 tenace,
586 712 729 797 albida;
756 712 833 786 haeo
858 734 950 810 pars,
967 709 1165 809 fibrina·

86 825 262 902 cranao
289 848 391 898 nuno
419 825 527 911 dieta,
556 824 643 898 olim
663 826 761 898 varia
787 824 918 899 habuit
934 824 1095 911 nomina,
1121 822 1165 897 li-

80 938 172 1013 bram
193 938 396 1035 sanguinis,
413 937 604 1035 lympham
621 934 894 1033 coagumba'leru,
911 935 1055 1037 gluten.

125 1073 342 1127 ccccxcvi.
381 1050 558 1123 Continet
594 1062 768 1149 praeterea
797 1060 1082 1124 crassamentum
1107 1051 1163 1123 in-

83 1187 249 1239 numeras
286 1162 480 1260 particulas
517 1162 653 1249 rubras,
695 1163 810 1261 vulgo
838 1161 1006 1261 globulos
1035 1162 1161 1250 dicus,
1287 1236 1289 1241 ⁴

84 1301 163 1374 quae
179 1275 337 1348 colorem
357 1275 578 1371 impertiunt
602 1276 774 1349 universo
796 1275 976 1373 sanguini.
1027 1274 1112 1359 Hae,
1129 1275 1160 1348 si

84 1411 150 1484 ope
175 1385 401 1488 miaruscopii
425 1389 674 1485 explorantur,
700 1386 854 1485 singulae
878 1387 1161 1486 pulcherrimam

87 1507 280 1572 ostendunt
295 1503 480 1587 tabrimm,
506 1525 591 1598 quae
608 1513 731 1574 tamen
757 1499 856 1574 haud
881 1523 1009 1597 parum
1035 1499 1160 1574 differt

86 1611 120 1684 in
138 1612 286 1686 diversis
302 1613 530 1688 animalibus

123 1746 353 1799 ccccxcvn.
382 1726 426 1798 In
446 1725 606 1812 homine,
631 1733 670 1798 et
693 1723 877 1823 plerisque
901 1723 980 1796 aliis
996 1722 1159 1797 animali·

82 1833 140 1909 bus
164 1838 337 1911 rotundae
362 1848 461 1925 sunt,
499 1844 538 1911 et
562 1838 692 1936 planae,
729 1839 845 1911 instar
869 1834 1026 1910 nummi.
1078 1835 1157 1909 ΕΧ-

80 1951 182 2023 terior
198 1974 293 2049 pars,
320 1975 406 2048 quae
421 1950 496 2024 sola
512 1951 630 2039 rubet,
657 1952 817 2025 mantica
833 1973 898 2023 seu
914 1949 1074 2023 vesicula
1090 1958 1156 2035 est,

81 2082 157 2157 quae
173 2073 317 2159 partem
332 2062 542 2149 centralem,
558 2064 754 2162 globulum
767 2075 812 2139 ut
824 2064 973 2137 videtur
984 2061 1156 2148 solidum,

82 2175 254 2259 eontinet,
273 2174 395 2248 multo
412 2199 450 2248 se
468 2177 660 2249 minorem.

118 2308 367 2360 ccccxcvru.
393 2287 534 2360 Tenuis
559 2311 640 2383 pars
670 2287 869 2385 sanguinis,
894 2310 979 2383 quae
1003 2296 1156 2360 vocatur

82 2418 201 2483 rernm,
220 2398 356 2471 idoneo
373 2398 489 2472 calore
505 2397 664 2484 admoto,
687 2399 761 2471 ooit
777 2420 927 2494 quoque
944 2396 982 2468 ln
1001 2418 1154 2470 massam

81 2506 239 2596 albidam,
267 2524 441 2597 tenacem,
459 2509 631 2585 albtmwo
647 2509 794 2594 dictam,
807 2506 965 2607 fibrium
981 2528 1045 2581 seu
1062 2505 1157 2605 lym·

82 2619 400 2721 pboeoougulobili,
412 2647 497 2721 qnae
510 2631 643 2721 sponte
652 2620 737 2708 coit,
750 2620 836 2693 satis
849 2618 1004 2694 similem
1019 2648 1027 2693 :
1053 2618 1176 2693 unde·

84 2736 218 2809 tenuior
242 2732 355 2820 latex,
371 2735 488 2815 aerosi
489 2745 549 2809 tas
489 2734 697 2821 tdiotus,
720 2732 879 2831 exprimi
904 2741 1045 2831 potest;
1071 2736 1156 2830 quae

83 2842 312 2945 aliquamum
315 2844 500 2945 gelatione
516 2848 695 2921 continet.

119 2980 335 3034 ccccxcrx.
365 2959 468 3032 Varii
485 2959 638 3032 demum
656 2956 746 3031 sales
770 2957 898 3031 insunt
915 2957 1154 3057 sanguini,1n

83 3089 148 3144 sero
162 3071 422 3170 ipsiussoluti:
446 3069 634 3171 pboapbas
650 3069 951 3168 imprimissodae,
961 3068 1154 3170 pharphar

83 3179 193 3269 colos,
216 3182 361 3258 marios
385 3182 495 3271 sodoe,
519 3183 611 3259 sodo
636 3206 739 3281 pura,
769 3192 808 3257 et
833 3181 1002 3257 nonnihil
1017 3180 1153 3280 hydro·

80 3291 502 3393 mlpbureliammoniae.
1174 3312 1177 3317 ’

120 3427 158 3482 n
184 3408 305 3484 Totus
322 3410 481 3508 sanguis,
499 3409 618 3506 qualis
634 3433 656 3481 e
671 3430 768 3482 vena
782 3405 880 3494 fluit,
895 3406 1036 3479 nedum
1053 3426 1152 3479 coao-

83 3522 141 3605 tua,
164 3519 285 3594 calore
310 3524 385 3595 ooit
412 3521 532 3595 multo
559 3520 701 3594 minore
725 3541 836 3617 quam
862 3517 929 3616 qui
957 3517 1004 3590 ad
1029 3541 1153 3593 serum

83 3633 277 3729 agendum
304 3633 484 3719 sufficiat;
511 3632 644 3729 majore
660 3655 749 3707 vero
765 3631 984 3728 quamvivo
1008 3629 1151 3704 homini

86 3761 235 3843 unquam
252 3745 396 3820 accidit.

10 3895 12 3960 3
119 3876 172 3932 nr.
200 3857 400 3932 Particulae
418 3857 548 3946 rubrae,
574 3857 666 3930 dum
683 3855 723 3928 in
740 3876 829 3942 sero,
858 3852 918 3927 vel
936 3854 1043 3928 simili
1060 3879 1151 3953 quo·

85 3961 126 4037 vu
147 3967 316 4057 humore,
341 3979 481 4058 natant,
511 3970 576 4068 qui
594 3967 675 4043 salis
692 3966 831 4067 aliquid
857 3967 896 4039 in
923 3991 961 4039 se
986 3965 1150 4040 solutum

86 4082 242 4169 mutnet,
267 4083 449 4181 propriam
468 4082 625 4181 figuram
651 4079 865 4178 aliquandiu
890 4078 985 4152 bene
1010 4097 1150 4150 conser-

87 4203 167 4268 unt
219 4195 292 4269 Sed
311 4219 404 4292 pura
419 4219 515 4293 aqua
532 4193 671 4281 dilutae,
695 4191 798 4265 brevi
815 4180 975 4274 tument,
991 4182 1152 4261 vesicula

90 4306 229 4391 exterior
252 4305 479 4383 distenditur
498 4307 541 4386 win
578 4305 733 4382 formam
759 4302 872 4402 globi,
900 4309 948 4375 et·
963 4295 1152 4396 rumpitur
