2678 4794
140 380 227 437 CAP.
244 345 426 437 xxxvttt.
476 380 696 439 atumem
715 383 1002 439 THEORE'I'ICAE.
1137 372 1208 448 529

126 557 234 645 adsit,
261 559 592 634 minutissimomm
611 577 782 634 vasorum
805 560 1071 634 secernentium
1089 569 1128 634 et
1144 584 1207 634 ex·

128 669 332 745 haluntium
351 671 536 771 pulmonis
553 671 693 746 solvere
709 682 842 771 potest,
868 672 928 745 vel
945 696 1029 746 vasa
1053 673 1123 746 ista
1147 673 1206 763 (ut

129 780 178 853 de
195 784 289 857 vasis
299 808 454 858 summae
466 785 561 859 cutis
576 784 685 858 multi
699 785 912 883 opinantur)
928 783 975 857 ad
992 783 1207 857 validiorem

129 894 311 967 actionem
341 896 510 981 excitare,
536 895 637 969 unde
662 920 795 971 mucus
821 896 999 994 copiosior
1028 893 1139 970 simul
1167 903 1206 968 et

130 1005 258 1095 sanior,
284 1006 438 1105 ejusque
454 1007 654 1083 exscreatio
670 1007 816 1083 facilior.
839 1005 850 1028 ⁰

179 1139 335 1191 rruxxsa
362 1118 468 1191 Idem
485 1119 561 1192 fere
577 1118 753 1217 predicari
773 1129 894 1216 potest
911 1118 958 1192 de
975 1119 1117 1205 sudore,
1144 1116 1203 1191 vel

128 1239 261 1327 sponte
278 1253 343 1302 sua
358 1228 575 1327 profluente,
600 1227 660 1301 vel
677 1218 816 1302 idoneis
833 1231 1002 1304 remediis
1019 1231 1179 1306 excitato
1193 1258 1201 1315 ;

129 1339 197 1436 qui
214 1362 299 1413 sane
314 1338 502 1414 interdum
520 1348 765 1439 ecpectcrans
794 1340 997 1415 remedium
1028 1340 1072 1416 fit
1101 1341 1201 1416 haud

129 1450 454 1524 contemnendum.
505 1450 675 1524 Forsitan
702 1451 815 1550 etiarn
844 1451 917 1525 huc
943 1453 1065 1525 referri
1091 1453 1201 1526 debet

127 1560 347 1636 beneficium
365 1562 476 1650 istud,
501 1586 577 1636 non
594 1561 675 1648 leve
690 1561 864 1660 profecto,
890 1563 992 1660 quod
1007 1562 1054 1635 ab
1070 1563 1201 1637 idonea

127 1675 398 1762 exercitatione,
425 1685 463 1749 et
479 1675 660 1774 imprimis
676 1675 723 1747 ab
739 1675 976 1772 equitatione,
1002 1675 1202 1774 percipitur

127 1808 215 1859 cum
231 1785 394 1861 multum
413 1811 435 1859 a
450 1786 626 1885 pulmone
642 1787 906 1861 exscreandum
924 1799 988 1860 est.
1159 1883 1162 1889 ι

178 1919 349 1971 Moxxm.
366 1898 531 1995 Vapores
547 1923 653 1997 aquae
669 1897 794 1972 calidae
810 1924 897 1973 cum
915 1899 1046 1997 spiritu
1064 1900 1102 1972 in
1119 1898 1200 1999 pul·

127 2031 278 2082 monem
307 2008 439 2094 hausti,
476 2008 576 2083 huuc
600 2011 740 2098 fovent,
766 2010 991 2098 humectant,
1017 2010 1201 2097 molliunt,

126 2117 265 2205 laxant,
281 2142 478 2216 spasmum,
501 2120 615 2216 siquis
631 2119 735 2204 adsit,
753 2121 913 2209 solvunt,
930 2121 1199 2197 exhalationem

126 2239 167 2304 et
178 2231 275 2305 muci
285 2231 520 2304 secretionem
536 2241 766 2328 promovent,
779 2229 879 2304 hunc
890 2254 1041 2327 quoque
1051 2232 1211 2306 diluunt-

128 2351 165 2415 et
178 2351 382 2428 attenuant,
400 2339 553 2438 ejusque
570 2341 621 2415 sic
638 2342 921 2414 exscreationem
936 2344 1201 2439 promptiorem

127 2464 166 2528 et
183 2453 379 2528 faciliorem
397 2452 568 2541 reddunt,
592 2462 631 2527 et
647 2451 802 2527 demu‘m
825 2451 966 2525 bonum
995 2454 1201 2527 remedium

125 2575 371 2664 expectorarss
387 2564 493 2639 fiunt.
544 2565 709 2663 Vapores
724 2563 886 2651 acriores,
912 2562 1029 2638 veluti
1046 2563 1146 2639 acidi
1161 2585 1203 2638 a:

125 2671 248 2776 cerosi,
272 2686 310 2751 et
326 2676 523 2752 amotione
540 2675 662 2751 taboci
678 2676 814 2763 fumus,
830 2676 1018 2751 interdum
1028 2676 1202 2756 adhiben-
1288 2737 1294 2745 .

126 2799 199 2876 tur,
224 2799 262 2863 et
278 2787 465 2865 nonnullis
477 2790 582 2888 egris
599 2788 699 2863 haud
717 2786 809 2863 male
824 2788 1020 2862 convenire
1035 2797 1200 2888 possunt,

127 2902 189 2976 sed
207 2901 335 2976 multis
351 2903 543 2976 inassuetis
560 2924 654 2999 pene
669 2898 913 2975 intolerabiles
929 2909 1026 2975 sunt.
1147 2936 1150 2942 ·

175 3035 364 3091 unxxxn.
382 3014 561 3114 Denique
577 3012 801 3113 epcopastica
816 3011 987 3099 remedia,
1009 3010 1126 3086 veluti
1142 3033 1200 3088 ve-

125 3124 312 3213 amatorio,
337 3126 486 3225 pectori,
511 3136 577 3199 aut
593 3125 708 3213 lateri,
733 3125 800 3199 aut
816 3124 1119 3224 dorsoimposita,
1137 3146 1201 3198 ex-

126 3238 363 3311 screationem
392 3237 492 3320 haud
520 3260 601 3312 raro
616 3236 809 3313 manifeste
824 3246 1054 3337 promovent.
1105 3235 1201 3308 Hoec

126 3371 289 3447 quoque,
324 3358 370 3421 ut
402 3359 528 3446 postea
559 3348 677 3425 fusius
710 3350 973 3448 exponendum
999 3346 1068 3420 erit
1096 3346 1199 3445 (Cap.

126 3467 225 3556 xci),
250 3482 316 3556 per
339 3481 556 3533 consensum
581 3458 688 3536 illum
717 3461 907 3559 egregium
937 3459 1200 3557 qulexternas

125 3572 223 3644 inter
251 3581 290 3646 et
318 3570 478 3645 internas
502 3582 622 3669 partas
648 3572 851 3659 intercedit,
877 3572 941 3649 has
955 3570 1065 3649 variis
1081 3570 1200 3644 modis

124 3683 302 3770 afficiunt,
319 3691 358 3757 et
366 3706 553 3782 spasmm
563 3681 723 3769 solvunt,
739 3693 777 3757 et
786 3681 1117 3757 inflammationem
1131 3681 1200 3756 tol·

126 3794 221 3881 lunt,
238 3805 278 3870 et
293 3797 411 3894 magis
427 3794 595 3894 equalem
608 3795 691 3869 ideo
703 3796 893 3894 sanguinis
904 3794 1200 3869 distributionem
1315 3783 1318 3797 '

125 3909 337 3994 restituunt,
350 3907 531 4006 siquando
542 3908 618 3981 lraec
629 3915 736 3981 antea
746 3905 929 3980 abnormis
939 3904 1076 3979 suisset
1094 3941 1098 3952 v
1115 3903 1209 3990 His,

126 4028 172 4094 ut
198 4019 356 4107 videtur,
390 4020 634 4108 facultatibus,
659 4017 783 4120 potius
810 4015 924 4116 quam
953 4014 1103 4092 stimulo
1132 4013 1200 4087 ulli

125 4154 238 4229 quem
255 4129 423 4228 pulmoni
433 4134 658 4234 impertiant,
674 4131 771 4207 vires
781 4129 1200 4230 eorumerrpectorarrtes

124 4252 214 4351 sunt
227 4241 464 4341 imputandas.

639 4378 670 4440 Β
