2678 4794
743 294 771 369 ii
884 388 890 395 .

271 486 459 566 Medicina
479 489 696 567 nemetim
712 498 786 567 tres
802 499 922 592 partes
939 488 1195 587 complectitur
1211 514 1297 589 quae

222 625 384 678 seorsum
421 602 566 675 tractari
601 602 787 691 solebant;
827 601 1108 702 Physiologa'am
1150 602 1297 690 scilicet,

220 712 489 813 Potbologr'am,
507 726 546 789 et
568 715 839 816 steropeinm:
866 739 1021 813 quarum
1043 715 1178 812 priores
1194 714 1298 803 duas,

221 849 332 923 quam
350 826 511 900 maxime
528 828 725 925 potuerim,
750 827 860 902 simul
876 827 1005 900 docere
1022 836 1172 900 conatus
1190 851 1297 912 sum;

220 938 360 1035 quippe
387 962 471 1035 quae
499 963 594 1037 saepe
622 939 838 1015 difficillime
867 947 1088 1039 separentur,
1125 961 1296 1012 nonnun-

220 1072 333 1146 quam
351 1051 504 1125 omnino
520 1051 774 1150 inseparabiles
796 1053 880 1130 sint
930 1048 1034 1125 Hinc
1050 1050 1296 1124 metuendum

218 1172 305 1247 erat,
331 1185 378 1234 ne
394 1161 484 1236 ordo
508 1163 727 1252 inusitatior,
752 1163 931 1262 nulloque
958 1160 1053 1236 libro
1078 1159 1296 1259 explicatus,

218 1274 388 1370 quamvis
405 1298 530 1348 revera
547 1275 631 1349 satis
649 1275 818 1375 simplex,
843 1285 892 1362 et,
918 1284 1083 1374 utputo,
1108 1272 1296 1362 naturalis,

218 1385 392 1459 studiosis
409 1387 684 1483 quodammodo
700 1387 874 1461 obscurus
891 1386 1089 1460 videretur.

267 1497 343 1572 His
367 1499 594 1598 argumentis
618 1497 805 1586 inductus,
829 1507 869 1572 et
884 1497 955 1572 hoc
969 1497 1148 1597 promisso
1164 1519 1225 1569 me
1241 1507 1295 1570 te·

217 1610 296 1682 neri
313 1620 424 1698 ratus,
448 1621 533 1685 octo
549 1611 682 1685 abhinc
697 1610 802 1685 annis
821 1609 980 1710 primam
997 1609 1108 1708 hujus
1126 1608 1293 1706 opusculi

214 1731 369 1819 partem,
394 1720 672 1821 Physiologiom
690 1721 825 1796 scilicet
854 1731 893 1795 et
908 1718 1167 1849 Pathologiom
1195 1744 1294 1795 com-

214 1833 483 1931 plectentem,
473 1857 512 1907 m
540 1835 661 1908 lucem
691 1832 813 1907 edidi:
831 1833 915 1931 sed
941 1833 1053 1907 nimis
1081 1832 1296 1907 festinanter

124 2030 127 2035 ,
217 1947 471 2043 conscriptam,
495 1968 618 2044 neque
634 1969 677 2018 ea
692 1969 847 2045 quaa
782 1932 966 2019 docuisset
988 1969 1074 2018 cura
1095 1955 1293 2018 correctam

216 2065 255 2131 et
271 2056 482 2154 expolitam.
534 2056 600 2131 Ad
617 2056 730 2131 talem
748 2056 884 2131 scilicet
906 2056 1066 2130 laborem
1086 2055 1203 2130 multo
1221 2081 1294 2129 ma-

215 2168 272 2266 gis
305 2169 547 2242 necessarium
575 2193 689 2266 quam
716 2167 872 2254 facilem,
909 2193 994 2242 curn
1025 2179 1174 2265 tempus
1203 2179 1296 2242 tnnc

215 2289 373 2379 urgeret,
394 2281 547 2378 ipseque
563 2276 641 2354 aliis
659 2292 696 2354 et
714 2280 888 2380 gravibus
905 2280 1108 2378 implicarer
1125 2281 1294 2378 negotiis,

213 2414 348 2490 parum
376 2392 551 2491 equidem
581 2391 760 2469 valebam.
790 2382 812 2519 f
822 2394 959 2468 Postea
985 2418 1083 2482 vero,
1111 2393 1227 2491 (quod
1255 2402 1296 2466 et

213 2526 342 2578 meum
373 2529 432 2579 me
459 2530 610 2595 munus,
634 2515 673 2581 et
689 2506 903 2583 auditorum
919 2530 1098 2591 meorum,
1123 2505 1293 2577 aliorum-

212 2619 344 2711 quein
360 2618 428 2688 hac
444 2619 649 2688 Academia
675 2620 716 2686 in
742 2620 937 2688 medicinae
965 2614 1132 2685 studium
1149 2614 1294 2684 incum-

212 2726 391 2807 bentium,
415 2724 580 2808 candida,
609 2744 677 2818 pro
700 2744 804 2793 more
820 2722 993 2818 ingenuae
1002 2720 1222 2817 juventutis,
1248 2722 1289 2797 in

212 2831 345 2919 libello,
371 2833 541 2929 quamvis
557 2840 615 2906 tot
631 2830 784 2904 maculis
800 2830 912 2918 foedo,
937 2830 1147 2931 recipiendo
1162 2832 1291 2933 benig-

211 2944 318 3033 nitas,
344 2967 462 3042 usque
477 2943 743 3042 hortabantur),
768 2967 852 3018 cum
882 2953 1032 3043 tempus
1058 2953 1097 3019 et
1126 2943 1207 3019 aliae
1233 2971 1290 3021 res

212 3057 330 3156 magis
354 3056 529 3144 faverent,
554 3056 713 3130 eundem
741 3081 816 3155 qua
841 3056 1025 3155 potuerim
1055 3081 1142 3132 cura
1166 3082 1290 3132 emen-

211 3169 298 3243 dare
314 3179 352 3243 et
368 3167 532 3266 expolire
549 3168 699 3255 tentavi,
730 3168 901 3267 quaedam
918 3194 967 3243 ex
982 3169 1112 3244 multis
1129 3195 1212 3267 quae
1227 3170 1289 3243 de-

211 3290 332 3355 essent
348 3305 383 3354 er
370 3280 579 3379 supplere,
603 3279 782 3354 nonnulla
808 3305 893 3380 quae
922 3281 1108 3379 superflua
1122 3281 1289 3356 videren-

211 3399 275 3466 tur
290 3390 421 3479 delere,
438 3393 672 3490 cunctaque
661 3416 701 3465 1n
719 3392 909 3468 meliorem
921 3394 1088 3466 ordinem
1106 3369 1287 3469 reducere

212 3505 354 3581 Totum
385 3505 546 3603 denique
571 3504 804 3602 opusculum,
829 3505 887 3579 bis
903 3504 1023 3578 modis
1039 3504 1139 3579 haud
1156 3528 1287 3633 parum

211 3627 375 3704 auctum,
399 3639 448 3690 ne
473 3616 566 3714 quid
593 3614 802 3689 formidinis
817 3615 967 3690 haberet
983 3615 1160 3691 volumen
1176 3617 1290 3692 nimis

209 3752 380 3817 crassum,
415 3729 453 3802 in
485 3727 578 3802 duos
606 3736 726 3801 tomos
756 3727 1001 3803 dividendum
1025 3729 1161 3815 curavi,
1196 3727 1290 3803 adeo

204 3841 369 3942 graciles,
394 3848 439 3914 ut
466 3838 584 3914 forma
613 3838 739 3915 saltem
756 3839 818 3914 vel
833 3840 1106 3915 delicatissimos
1134 3839 1289 3913 lectores

207 3976 284 4027 non
300 3961 470 4027 terreant.

257 4063 488 4139 Mirabimini
520 4063 682 4152 forsitan,
720 4063 823 4163 quod
854 4073 894 4138 et
925 4061 1015 4137 olim
1044 4061 1167 4137 mirati
1197 4071 1288 4136 sunt

207 4174 330 4267 multi,
354 4201 416 4254 me
432 4177 571 4255 Latino
599 4199 765 4254 sermone
788 4200 897 4287 usum
922 4198 1009 4263 esse,
1033 4182 1147 4276 atque
1162 4174 1287 4252 adhuc
