2694 4792
141 366 217 443 sss
368 422 395 447 ,.
549 372 799 443 contraeatis
947 373 1046 442 sar·
1064 372 1243 441 imni

142 554 396 641 exinanitione
412 575 526 652 quam
543 552 722 640 efficiunt,
752 557 898 631 motum
917 552 1124 651 sanguinis
1138 554 1179 631 in
1194 555 1235 629 iis

126 667 311 772 partibus
327 675 569 766 promovent;
594 665 862 764 impedimenta
877 663 943 743 vel
960 665 1234 747 obmuctioner

142 803 231 879 quae
245 780 405 857 naturali
420 780 492 857 oris
509 779 712 857 humorum
729 776 923 855 seoretimri
942 777 1118 857 obessent
1135 805 1230 860 sum·
1245 858 1248 863 .

143 904 296 970 movent
307 922 316 980 ;
332 905 372 967 et
388 892 686 969 distributionem
699 890 888 990 sanguinis
898 889 1137 988 aliquosum
1149 917 1230 969 mu·

142 1017 236 1097 unt,
252 1005 390 1104 majore
405 1031 450 1082 eo
465 1004 692 1082 derivatione
707 1002 825 1090 factm
849 1012 888 1078 et
917 1002 1079 1083 demum
1099 1003 1228 1087 fluxus

141 1119 266 1195 saliva
281 1119 393 1206 etiam
412 1118 589 1205 modicus,
609 1126 729 1216 partes
746 1117 883 1199 vicinas
900 1115 1080 1197 mnoihil
1093 1117 1230 1218 deplet,

141 1231 321 1330 copiosior
337 1256 436 1320 vero,
461 1240 501 1305 et
516 1230 738 1317 diuturnior,
755 1238 881 1305 totum
896 1252 1037 1327 eorpus
1053 1230 1227 1311 exinanit

191 1362 337 1421 Μυκη.
363 1343 470 1419 Hinc
497 1341 694 1442 uomgogo
720 1341 892 1429 remedia,
918 1344 1131 1441 presertim
1146 1367 1227 1443 qua

140 1455 196 1529 ori
212 1455 283 1555 ipsi
298 1455 558 1544 admoventur,
582 1456 698 1553 inque
721 1479 767 1530 eo
792 1453 1045 1542 manduntur.
1065 1455 1226 1555 aliqum·

140 1566 191 1648 do
209 1568 318 1645 utilia
343 1568 447 1647 fiunt
475 1568 688 1649 indefecta
717 1575 784 1643 aut
811 1566 1000 1666 spissitate
1029 1567 1225 1651 humorum

140 1682 224 1770 oris,
247 1693 287 1761 et
310 1693 459 1784 torpore
491 1692 530 1757 et
558 1680 726 1782 paralysi,
760 1680 964 1779 presertim
1002 1680 1145 1782 lingue
1173 1681 1223 1782 ip-

140 1794 239 1882 sius;
265 1796 330 1876 sed
358 1820 434 1870 non
459 1794 690 1893 negligendo,
715 1792 897 1890 imprimis
915 1796 1084 1883 acuetis,
1106 1795 1145 1871 in
1160 1818 1223 1894 pa·

139 1905 250 2002 ralysi
266 1907 439 2004 genemi,
463 1906 557 1980 etin
575 1902 807 2002 proclivitate
822 1903 870 1979 od
884 1903 1140 2006 upopieaeiom,
1157 1917 1221 1985 aut

138 2015 370 2115 lethargum
395 2016 499 2091 etin
523 2014 818 2097 inflammatione
833 2017 1043 2107 intertium,
1067 2029 1136 2101 aut
1150 2043 1221 2099 san·

137 2127 263 2224 guinis
279 2127 528 2227 congestione,
553 2138 620 2204 aut
640 2128 860 2227 quibusdem
878 2131 1154 2213 irritationibus
1167 2156 1220 2210 vs·

138 2239 276 2316 narum
288 2241 450 2340 partium
463 2241 546 2330 oris,
563 2239 739 2329 faucium,
755 2243 931 2340 gutturis,
947 2256 991 2325 et
1008 2246 1152 2344 sapius,
1165 2269 1219 2323 vs·

137 2351 210 2428 luti
227 2353 351 2430 dentis
378 2364 446 2433 aut
474 2355 603 2454 capitis
633 2353 769 2442 dolore,
794 2367 833 2430 et
849 2354 965 2453 hujus
983 2355 1219 2463 hydropaei

136 2467 332 2565 vertigine,
358 2476 397 2544 et
423 2468 570 2545 aurium
598 2467 750 2555 tinnitu,
775 2480 815 2547 et
831 2468 1027 2559 surditate,
1052 2483 1094 2552 et
1121 2470 1220 2570 lippi·

138 2578 281 2666 tudine,
316 2581 557 2668 stercorato,
594 2588 633 2655 et
661 2581 870 2680 gravedine,
905 2592 945 2657 et
975 2584 1130 2683 angina,
1161 2587 1217 2662 &a

138 2691 290 2766 Credita
327 2702 416 2769 sunt
449 2694 556 2769 utilia
590 2719 685 2794 saepe
718 2693 830 2773 fuisse
862 2693 910 2771 ad
942 2696 1217 2794 praecavendam

135 2804 248 2902 pestis
257 2803 488 2905 aliarumque
505 2806 664 2883 febrium
680 2806 951 2905 mnugionem,
980 2833 1098 2908 quarn
1114 2808 1211 2887 muiti

135 2925 271 3014 putant
287 2916 327 2993 in
344 2943 384 2993 os
401 2930 587 3019 receptam
611 2944 700 2997 cum
729 2919 841 3000 saliva
856 2918 1055 3010 devoram
1077 2946 1140 2999 noc
1153 2920 1208 2995 de·

134 3039 233 3116 sunt,
259 3031 462 3126 praesertim
480 3030 679 3109 nicotiana
695 3029 818 3113 sabaei
832 3041 1031 3123 amanus.
1055 3033 1118 3134 qui
1132 3056 1211 3110 cou-

133 3139 307 3229 tendunt,
333 3152 560 3221 constantem
588 3168 714 3223 eorum
741 3170 850 3225 usum
868 3144 971 3227 haud
989 3172 1125 3247 parum
1139 3169 1215 3246 pro

131 3251 235 3328 desse
254 3254 381 3331 multis
398 3256 622 3344 hominibus,
646 3282 735 3338 cum
760 3256 925 3358 torpidis,
950 3270 1040 3339 tum
1073 3280 1215 3360 quoque

132 3365 241 3443 valde
258 3368 454 3466 pituitosis.

181 3499 319 3558 Mnxx.
346 3480 494 3557 Nooent
511 3503 599 3556 vero
615 3483 787 3565 omnibus
804 3483 910 3570 sanis,
934 3493 976 3561 ct
1005 3486 1132 3584 magis
1159 3483 1214 3560 ad·

130 3586 204 3667 huc
231 3588 370 3687 quibus
400 3593 628 3673 ventriculus
654 3596 834 3677 infirmior
859 3606 937 3682 ests
977 3597 1096 3677 saliva
1120 3598 1215 3675 enim

129 3700 298 3779 alimenti
315 3706 591 3782 concoctionem
609 3709 773 3789 multum
784 3710 905 3808 juvat.

179 3838 332 3895 unxia.
359 3819 424 3893 De
439 3819 552 3895 saliva
568 3845 634 3919 per
648 3831 846 3921 argentum
864 3822 998 3901 virum
1020 3823 1158 3901 cienda
1171 3820 1217 3898 ul

126 3923 228 4003 luem
239 3953 434 4010 veneream
451 3935 661 4022 sonandam,
680 3936 747 4012 vix
763 3962 858 4036 opus
873 3945 930 4017 est
944 3936 1064 4013 verba
1080 3937 1214 4018 senez

127 4037 212 4138 satis
228 4043 329 4122 enim
346 4052 491 4119 constat
506 4046 608 4143 apud
624 4048 796 4138 medicos,
822 4048 932 4127 talem
958 4047 998 4124 iu
1028 4050 1108 4126 isto
1124 4072 1217 4124 mor·

126 4148 175 4229 bo
199 4152 491 4239 exinanitionem
518 4181 714 4261 nunquam
741 4186 819 4239 esse
847 4161 990 4250 utilem,
1014 4186 1219 4262 nunquam

124 4285 201 4355 nvn
217 4268 483 4365 perniciosam:
507 4279 548 4378 et
575 4296 693 4374 aegrus
717 4276 859 4375 optime
888 4275 966 4353 fae
994 4283 1037 4351 et
1067 4274 1222 4355 cestini·
