2678 4794
98 369 186 423 cer.
203 364 339 422 xxxn.
390 363 612 422 ammonas
629 365 918 425 resonantem.
1040 382 1044 398 ·
1100 358 1172 429 446

93 543 215 619 multo
248 543 364 641 magis
397 565 474 617 esse
505 543 727 642 profuturas,
765 571 876 644 quam
908 545 1174 622 medicamenta

95 659 204 730 etiam
224 655 566 754 validissimaque
587 658 637 732 ob
662 657 756 732 banc
781 659 897 755 ipsam
924 683 1070 734 mosam
1096 683 1174 735 non

92 770 163 841 nisi
178 767 420 841 minutissima
432 770 650 864 quantitate,
666 769 817 845 sonasse
829 770 876 845 ad
891 794 1007 869 pauca
1023 782 1173 847 tantum

91 904 213 977 grana,
238 881 376 953 assumi
392 881 544 977 possint.
595 882 649 957 Et
677 884 832 981 quidem
858 908 987 958 omnes
1016 885 1104 959 boni
1134 892 1174 965 et

90 993 295 1066 nutrientes
310 991 395 1077 cibi,
416 1015 540 1066 cemes
556 994 691 1090 pariter
706 1007 820 1094 atque
835 995 971 1095 fruges,
997 997 1172 1070 adversus

91 1103 330 1201 putredinem
348 1102 447 1175 baud
469 1127 599 1201 parum
618 1105 752 1193 valent,
777 1120 821 1182 ut
838 1109 877 1182 in
894 1108 1081 1196 famelicis,
1105 1117 1172 1185 aut

87 1213 315 1300 sambatius,
340 1224 407 1287 aut
435 1214 473 1288 in
499 1216 543 1289 iis
567 1216 634 1314 qui
652 1220 753 1292 victu
769 1228 916 1293 tantum
934 1221 1046 1296 nimis
1062 1243 1174 1319 parco

88 1337 128 1400 et
145 1328 250 1400 tenui
268 1328 334 1400 diu
351 1328 408 1401 usi
422 1328 506 1413 sint,
524 1329 717 1404 manifeste
732 1331 966 1406 observatum
977 1343 1043 1407 est
1094 1332 1172 1406 Pu·

88 1440 215 1512 trescit
232 1440 343 1525 enim,
369 1450 414 1512 ut
432 1440 588 1525 videtur,
616 1465 681 1515 sua
706 1453 837 1540 sponte
853 1467 984 1541 corpus
1000 1445 1171 1542 quamvis

88 1551 335 1635 senissimum,
359 1550 486 1625 saltem
505 1552 605 1626 baud
621 1577 752 1651 parum
771 1556 1031 1653 corrumpitur,
1048 1579 1172 1655 neque
1281 1550 1283 1555 ’

87 1659 164 1735 fere
184 1660 286 1735 aliud
311 1685 433 1761 neque
450 1663 582 1737 melius
598 1664 726 1739 existit
741 1665 952 1739 istiusmodi
968 1669 1171 1766 oomuptio·

88 1774 145 1846 nis
157 1773 374 1859 remedium,
392 1798 507 1871 quam
521 1775 640 1849 bonus
652 1775 756 1851 cibus
768 1787 883 1875 atque
895 1788 1007 1876 potus
1022 1778 1170 1878 qualem

87 1885 241 1983 provida
253 1883 395 1958 Natura
409 1886 549 1983 ubique
558 1889 736 1986 suggerit
787 1889 933 1988 Fruges
946 1914 1034 1964 vero
1049 1889 1172 1966 multo

86 1995 172 2095 plus
198 1995 322 2070 valent
352 1998 392 2070 in
421 1998 634 2095 corrigenda
663 2001 861 2098 putredine
889 2025 1003 2100 quam
1034 2026 1170 2090 carnes,

85 2108 234 2207 partim,
251 2118 294 2182 ut
311 2109 469 2195 videtur,
486 2120 636 2207 propter
652 2111 804 2186 acidum
816 2112 1055 2188 carboniam
1068 2114 1171 2213 quod

86 2220 220 2295 nostris
252 2220 468 2295 humoribus
498 2221 744 2319 copiosissime
774 2225 999 2320 impertiant,
1033 2229 1171 2324 partim

86 2356 236 2431 quoque
260 2344 411 2432 propter
434 2343 606 2408 naturam
622 2357 727 2407 suam
745 2345 983 2422 acescentem,
1008 2345 1048 2409 et
1063 2360 1086 2408 a
1101 2360 1170 2434 pu·

85 2447 231 2520 tredine
247 2445 516 2521 alienissimam.
556 2475 557 2479 ¹

135 2581 329 2634 ucccxxn
356 2558 419 2631 Ob
450 2557 594 2631 easdem
622 2581 758 2644 causas,
783 2557 908 2657 surges
934 2568 1098 2632 recentes
1129 2567 1170 2632 et

84 2682 233 2761 tenerae
258 2681 297 2745 et
314 2673 413 2746 succi
439 2671 568 2770 plenae,
594 2669 712 2745 veluti
740 2695 861 2769 poma,
887 2670 1035 2756 radices,
1060 2669 1168 2758 olera,

87 2790 150 2860 &a
167 2786 271 2860 siccis
287 2794 328 2858 et
342 2785 455 2870 duris,
473 2783 591 2859 veluti
608 2782 775 2868 senibus,
801 2780 966 2857 multum
983 2792 1169 2880 praestant,

84 2899 256 2997 quamvis
274 2898 351 2971 haec
366 2920 519 2995 quoque
548 2895 666 2994 magis
694 2919 808 2994 quam
839 2893 955 2992 vulgo
982 2894 1168 2969 creditum

83 3020 139 3084 est
158 3010 333 3083 adversus
349 3010 585 3108 putredinem
605 3007 760 3082 valeant.
812 3007 1018 3082 Distinetio
1032 3006 1095 3080 illa
1111 3007 1167 3081 in·

82 3132 140 3196 ter
168 3122 296 3195 herbas
325 3132 528 3197 acescentes
555 3134 595 3197 et
621 3119 881 3197 abducentes
910 3143 997 3218 quae
1013 3119 1167 3194 medicis
1310 3180 1316 3197 .

82 3233 173 3307 olim
191 3235 230 3307 in
249 3258 312 3306 ore
327 3257 405 3307 esse
421 3234 570 3320 solebat,
595 3258 727 3332 parum
744 3243 844 3309 certa
859 3243 898 3306 et
913 3255 1046 3329 parurn
1063 3231 1167 3306 utilis

82 3345 347 3419 recentioribus
364 3345 441 3419 visa
457 3354 523 3432 est,
540 3354 579 3420 et
596 3369 697 3420 nunc
721 3345 796 3419 fere
822 3343 1033 3443 negligitur.
1086 3342 1168 3417 Ex·

81 3458 264 3556 perientia
296 3458 396 3532 enirn
431 3458 516 3530 satis
544 3457 811 3533 demonstravit
840 3459 940 3556 ipsas
964 3479 1050 3554 quae
1077 3453 1166 3529 olim

82 3571 247 3644 maxime
262 3567 521 3644 alcolcscentes
531 3569 767 3646 crederentur
782 3570 918 3669 fruges,
935 3566 1053 3642 veluti
1070 3567 1167 3643 bras·

83 3683 209 3769 sicam,
225 3706 365 3781 cepam,
383 3705 546 3780 porrum,
564 3684 628 3756 &a
651 3683 744 3757 dum
761 3683 1039 3768 fennentantur,
1064 3680 1166 3779 prins

81 3817 244 3868 acescere
261 3818 375 3892 quam
402 3794 439 3866 in
466 3793 704 3890 putredinem
719 3805 758 3869 et
775 3791 976 3869 reatinam
992 3801 1165 3868 naturam

81 3905 239 3993 abeant3
265 3907 316 3979 ita
333 3916 377 3979 ut
394 3905 460 3980 vix
489 3905 737 3981 dubitandum
768 3906 816 3980 sit
845 3904 924 3979 illas
953 3905 1081 3978 eadem
1109 3926 1165 3977 ra·

80 4017 184 4092 tione
218 4042 272 4092 ac
292 4016 373 4092 aliae
405 4017 531 4116 fruges
564 4019 739 4091 adversus
771 4017 1010 4116 putredinem
1038 4013 1167 4101 valere:

85 4127 221 4228 Neque
238 4153 324 4203 sane
340 4129 516 4205 videntur
532 4153 609 4229 prae
625 4129 704 4203 aliis
730 4127 898 4229 frugibus
915 4150 1052 4203 nomen
1069 4124 1167 4200 auti·

79 4241 372 4320 scorbatticorum
397 4266 547 4330 merere,
572 4242 750 4341 quoniam
767 4242 898 4327 multae
925 4240 1005 4315 aliae
1032 4240 1169 4336 fruges,
