2678 4794
91 380 177 442 car.
193 378 236 437 x.
353 372 572 436 uamcrsn
590 374 876 440 rnaoaarron.
1107 374 1154 452 87

87 573 126 638 et
146 562 221 636 baeo
242 560 342 632 inter
366 557 452 632 alias
478 582 601 634 oausas
628 571 693 649 est,
718 584 784 636 eur
808 562 847 635 hi
866 560 1009 660 judicio
1033 563 1153 639 minua

87 675 189 749 firmo
203 681 272 747 aut
288 681 390 745 certo
405 670 575 770 polleant.

126 805 328 861 ccnxxrx.
353 783 470 882 Viget
493 785 590 860 inter
614 810 795 874 somnum,
818 786 945 861 saltem
969 785 1154 875 leviorem,

78 897 274 981 memoria;
301 895 366 969 sed
382 919 512 994 parum
522 907 697 985 aoourata,
714 922 836 996 neque
846 898 1031 973 voluntati
1042 910 1154 996 paret,

79 1033 195 1108 neque
220 1032 281 1082 res
305 1032 373 1082 suo
395 1006 536 1095 ordine,
563 1019 609 1083 ut
631 1033 719 1084 sano
743 1020 781 1084 et
805 1010 974 1111 vigilanti
1011 1011 1154 1085 homini

82 1121 179 1208 solet,
195 1119 347 1220 profert.

123 1255 304 1308 ccum
330 1231 529 1331 Plerosque
553 1256 749 1321 resumas,
776 1258 872 1332 sape
887 1236 1069 1334 repetitas,
1089 1235 1150 1333 ju-

83 1345 230 1429 cundas,
252 1346 423 1444 ingratas,
447 1345 508 1419 vel
532 1370 618 1444 quae
633 1359 798 1420 mentem
815 1346 890 1420 ullo
907 1348 1019 1422 modo
1033 1349 1151 1447 magis

83 1454 189 1530 solito
204 1454 367 1544 affldurt,
385 1458 561 1533 memoria
577 1459 810 1557 potissimum
828 1458 971 1534 retinet
1023 1459 1151 1547 Juvat,

82 1592 154 1667 prae
176 1568 355 1656 omnibus,
381 1571 471 1644 ordo
494 1593 629 1656 rerum,
666 1593 785 1669 eoque
809 1581 986 1668 tanquam
1012 1569 1152 1646 auxilio
1232 1586 1235 1591 “

77 1681 354 1780 praesentissimo
370 1683 428 1758 uti
444 1680 610 1771 solemus,
635 1683 683 1756 ad
701 1706 780 1756 rem
797 1680 1001 1779 quamlibet
1018 1683 1057 1755 in
1074 1705 1151 1756 me·

77 1795 227 1869 moriam
244 1796 495 1869 rerooandam.
536 1796 705 1871 Scientiae
720 1793 938 1891 omnigenae,
955 1804 994 1867 et
1004 1791 1149 1889 judicii,

76 1908 249 1982 memoria
264 1906 347 1983 fons
362 1917 402 1981 et
417 1907 520 2007 origo
529 1916 596 1994 est,
613 1917 652 1981 et
667 1907 782 2006 igitur
797 1907 887 1980 ordo
903 1904 978 1980 fere
992 1904 1151 1980 maxima

77 2041 166 2116 pars,
182 2019 374 2108 nimirum,
391 2019 469 2093 sine
484 2045 571 2119 quo,
586 2032 652 2094 aut
668 2019 769 2093 nulla
779 2020 872 2095 foret
883 2019 1070 2106 memoria,
1084 2026 1150 2093 aut

77 2153 164 2231 vaga
177 2141 219 2206 et
235 2155 383 2230 proram
398 2131 548 2219 inutilis,
573 2131 690 2231 qualis
715 2132 980 2287 somniantibus
996 2140 1034 2205 et
1059 2130 1148 2206 deli·

79 2243 240 2320 rantibus
256 2245 450 2344 oontingit.

82 2378 321 2432 ccnxxxr.
359 2358 551 2433 Minuitur
574 2369 640 2434 aut
676 2358 846 2434 turbatur
869 2359 1057 2444 memoria,
1082 2365 1148 2432 aut

79 2489 222 2564 prorsus
229 2468 382 2557 deletur,
398 2472 506 2544 variis
519 2472 667 2556 morbis,
684 2471 865 2567 imprimis
875 2471 943 2567 qui
959 2468 1150 2541 cerebrum

80 2578 251 2668 afficiunt,
277 2580 488 2682 apoplerno,
521 2580 688 2680 paralysi,
721 2578 909 2682 epilepsia,
942 2576 1150 2655 tumoribus

77 2690 171 2767 intra
184 2703 305 2793 eaput,
332 2695 371 2768 vi
387 2703 540 2772 externa
555 2693 675 2767 eidem
692 2691 802 2780 illata,
828 2691 999 2777 febribus,
1009 2730 1012 2737 =
1023 2688 1150 2789 impri-

76 2804 139 2879 mis
154 2806 294 2904 quibus
305 2816 433 2881 auctus
450 2819 505 2881 est
514 2816 626 2906 eaput
635 2829 761 2880 versus
778 2804 964 2904 sanguinis
976 2803 1148 2902 impetus,

77 2926 136 2990 aut
151 2918 342 3002 oerebmm
360 2942 581 3017 quacunque
597 2921 737 2993 ratione
753 2917 860 2994 valde
875 2916 1060 2993 affectum.

118 3049 335 3105 ccnxxxu.
360 3030 558 3105 Rarissime
583 3032 802 3131 depravatur
827 3031 1010 3116 memoria,
1034 3031 1088 3104 ita
1103 3038 1147 3103 ut

78 3159 131 3210 ras
144 3141 272 3215 ordine
288 3166 365 3217 non
388 3164 455 3217 suo
473 3144 585 3234 menti
611 3152 867 3241 repraesentat:
893 3143 994 3240 quod
1019 3142 1050 3216 si
1074 3140 1149 3215 tale

80 3250 208 3326 vitium
223 3254 406 3340 acciderit,
431 3255 478 3327 ad
501 3253 622 3328 rasam
648 3255 950 3353 imaginationem
974 3251 1035 3326 vel
1059 3251 1147 3324 deli·

80 3360 171 3436 rium
187 3363 421 3443 referendum
438 3376 503 3441 est.

122 3497 350 3552 ccnxxxnr.
377 3479 599 3578 Imaginatio
623 3490 679 3554 est
702 3480 852 3554 facultas
869 3503 943 3579 qua
958 3476 1070 3551 bomo
1085 3500 1147 3552 va·

79 3584 140 3660 tias
166 3611 235 3675 res,
265 3613 357 3686 quas
387 3590 560 3665 memoria
596 3584 856 3676 recondiderat,
886 3592 933 3665 ad
954 3590 1148 3664 arbitrium

81 3718 181 3774 nrum
206 3701 413 3799 conjungit,
437 3702 587 3790 dividit,
619 3712 662 3776 et·
681 3727 780 3777 novo
805 3703 933 3776 ordine
957 3703 1146 3800 disponit,

82 3809 189 3886 veluti
201 3813 234 3886 si
250 3813 380 3886 mixtis
397 3823 435 3886 et
451 3815 671 3912 compositis,
687 3814 806 3887 viriet
821 3815 919 3913 equi,
938 3813 1098 3889 mulieris
1111 3821 1149 3884 et
1188 3894 1209 3915 κ
1281 3828 1287 3839 ·

83 3922 188 4017 pincis,
204 3924 346 4009 formis,
362 3925 592 4001 Centaurum
608 3940 674 4000 aut
692 3925 856 4000 Sirenem
874 3926 943 3999 sibi
960 3924 1123 3999 finxerit.

122 4057 341 4110 ccnxxxrr.
360 4036 583 4136 Imaginatio
591 4062 705 4135 quam
722 4038 898 4113 memoria
913 4037 1072 4110 vividior
1082 4041 1148 4115 est,

81 4151 115 4216 et
133 4144 242 4223 latius
267 4149 470 4246 imperium·
489 4150 529 4223 iu
546 4151 722 4238 animum,
753 4151 906 4251 ejusque
921 4149 1085 4232 affectus,
1110 4156 1150 4215 et
