<?xml version="1.0" encoding="UTF-8"?>
<!DOCTYPE html PUBLIC "-//W3C//DTD XHTML 1.0 Transitional//EN"
    "http://www.w3.org/TR/xhtml1/DTD/xhtml1-transitional.dtd">
<html xmlns="http://www.w3.org/1999/xhtml" xml:lang="en" lang="en">
 <head>
  <title>
</title>
<meta http-equiv="Content-Type" content="text/html;charset=utf-8" />
  <meta name='ocr-system' content='tesseract 3.04.00' />
  <meta name='ocr-capabilities' content='ocr_page ocr_carea ocr_par ocr_line ocrx_word'/>
</head>
<body>
  <div class='ocr_page' id='page_1' title='image "./conspectusmedic01greggoog_0288.png"; bbox 0 0 2678 4794; ppageno 0'>
   <div class='ocr_carea' id='block_1_1' title="bbox 122 297 1199 374">
    <p class='ocr_par' dir='ltr' id='par_1_1' title="bbox 122 297 1199 374">
     <span class='ocr_line' id='line_1_1' title="bbox 122 297 1199 374; baseline -0.003 -4"><span class='ocrx_word' id='word_1_1' title='bbox 122 312 213 370; x_wconf 72' lang='lat' dir='ltr'><strong>car.</strong></span> <span class='ocrx_word' id='word_1_2' title='bbox 230 309 316 365; x_wconf 78' lang='lat' dir='ltr'><strong>xxa</strong></span> <span class='ocrx_word' id='word_1_3' title='bbox 428 306 649 363; x_wconf 72' lang='lat' dir='ltr'><strong>nnmerum</strong></span> <span class='ocrx_word' id='word_1_4' title='bbox 667 308 954 364; x_wconf 70' lang='lat' dir='ltr'><strong>rasornrrcu.</strong></span> <span class='ocrx_word' id='word_1_5' title='bbox 1127 297 1199 374; x_wconf 73' lang='lat'><strong>237</strong></span> 
     </span>
    </p>
   </div>
   <div class='ocr_carea' id='block_1_2' title="bbox 124 482 1276 3512">
    <p class='ocr_par' dir='ltr' id='par_1_2' title="bbox 124 482 1207 926">
     <span class='ocr_line' id='line_1_2' title="bbox 126 482 1204 584; baseline -0.004 -19"><span class='ocrx_word' id='word_1_6' title='bbox 126 487 345 574; x_wconf 78' lang='lat' dir='ltr'><strong>inordinate,</strong></span> <span class='ocrx_word' id='word_1_7' title='bbox 372 492 412 560; x_wconf 88' lang='lat' dir='ltr'><strong>et</strong></span> <span class='ocrx_word' id='word_1_8' title='bbox 428 484 576 559; x_wconf 87' lang='lat' dir='ltr'><strong>tandem</strong></span> <span class='ocrx_word' id='word_1_9' title='bbox 593 482 703 560; x_wconf 85' lang='lat' dir='ltr'><strong>nulla</strong></span> <span class='ocrx_word' id='word_1_10' title='bbox 754 483 1048 583; x_wconf 84' lang='lat' dir='ltr'><strong>Nonnunquam,</strong></span> <span class='ocrx_word' id='word_1_11' title='bbox 1077 510 1204 584; x_wconf 89' lang='lat' dir='ltr'><strong>quam-</strong></span> 
     </span>
     <span class='ocr_line' id='line_1_3' title="bbox 126 596 1207 696; baseline -0.003 -20"><span class='ocrx_word' id='word_1_12' title='bbox 126 601 186 676; x_wconf 84' lang='lat' dir='ltr'><strong>vis</strong></span> <span class='ocrx_word' id='word_1_13' title='bbox 201 600 389 686; x_wconf 79' lang='lat' dir='ltr'>rarissime,</span> <span class='ocrx_word' id='word_1_14' title='bbox 410 620 553 672; x_wconf 90' lang='lat' dir='ltr'><strong>menses</strong></span> <span class='ocrx_word' id='word_1_15' title='bbox 569 596 681 672; x_wconf 91' lang='lat' dir='ltr'><strong>simul</strong></span> <span class='ocrx_word' id='word_1_16' title='bbox 696 606 735 673; x_wconf 90' lang='lat' dir='ltr'><strong>et</strong></span> <span class='ocrx_word' id='word_1_17' title='bbox 751 597 971 672; x_wconf 88' lang='lat' dir='ltr'><strong>foecunditas</strong></span> <span class='ocrx_word' id='word_1_18' title='bbox 986 597 1084 672; x_wconf 87' lang='lat' dir='ltr'><strong>ultra</strong></span> <span class='ocrx_word' id='word_1_19' title='bbox 1099 600 1207 696; x_wconf 89' lang='lat' dir='ltr'><strong>quin·</strong></span> 
     </span>
     <span class='ocr_line' id='line_1_4' title="bbox 125 709 1207 813; baseline -0.004 -25"><span class='ocrx_word' id='word_1_20' title='bbox 125 712 386 813; x_wconf 80' lang='lat' dir='ltr'><strong>quagesimum</strong></span> <span class='ocrx_word' id='word_1_21' title='bbox 411 733 553 785; x_wconf 91' lang='lat' dir='ltr'><strong>annum</strong></span> <span class='ocrx_word' id='word_1_22' title='bbox 581 717 744 784; x_wconf 90' lang='lat' dir='ltr'><strong>manent.</strong></span> <span class='ocrx_word' id='word_1_23' title='bbox 795 709 1026 809; x_wconf 88' lang='lat' dir='ltr'>Plerumque</span> <span class='ocrx_word' id='word_1_24' title='bbox 1050 734 1150 798; x_wconf 89' lang='lat' dir='ltr'><strong>vero,</strong></span> <span class='ocrx_word' id='word_1_25' title='bbox 1177 713 1207 784; x_wconf 93' lang='lat' dir='ltr'><strong>si</strong></span> 
     </span>
     <span class='ocr_line' id='line_1_5' title="bbox 124 821 863 909; baseline -0.008 -7"><span class='ocrx_word' id='word_1_26' title='bbox 124 823 251 902; x_wconf 76' lang='lat' dir='ltr'><strong>remla</strong></span> <span class='ocrx_word' id='word_1_27' title='bbox 267 847 411 897; x_wconf 89' lang='lat' dir='ltr'><strong>menses</strong></span> <span class='ocrx_word' id='word_1_28' title='bbox 428 822 550 909; x_wconf 92' lang='lat' dir='ltr'><strong>habet,</strong></span> <span class='ocrx_word' id='word_1_29' title='bbox 567 821 780 896; x_wconf 91' lang='lat' dir='ltr'><strong>morbosum</strong></span> <span class='ocrx_word' id='word_1_30' title='bbox 797 832 863 896; x_wconf 89' lang='lat' dir='ltr'><strong>est.</strong></span> 
     </span>
    </p>

    <p class='ocr_par' dir='ltr' id='par_1_3' title="bbox 124 930 1276 2611">
     <span class='ocr_line' id='line_1_6' title="bbox 172 930 1207 1032; baseline -0.004 -19"><span class='ocrx_word' id='word_1_31' title='bbox 172 958 418 1013; x_wconf 76' lang='lat' dir='ltr'><strong>ccccxxvn.</strong></span> <span class='ocrx_word' id='word_1_32' title='bbox 444 935 594 1009; x_wconf 84' lang='lat' dir='ltr'><strong>Menses</strong></span> <span class='ocrx_word' id='word_1_33' title='bbox 609 933 736 1032; x_wconf 85' lang='lat' dir='ltr'><strong>igitur,</strong></span> <span class='ocrx_word' id='word_1_34' title='bbox 754 946 798 1008; x_wconf 93' lang='lat' dir='ltr'><strong>ut</strong></span> <span class='ocrx_word' id='word_1_35' title='bbox 814 934 974 1021; x_wconf 89' lang='lat' dir='ltr'><strong>videtur,</strong></span> <span class='ocrx_word' id='word_1_36' title='bbox 991 930 1207 1009; x_wconf 88' lang='lat' dir='ltr'><strong>mulieribus</strong></span> 
     </span>
     <span class='ocr_line' id='line_1_7' title="bbox 125 1046 1208 1149; baseline -0.005 -23"><span class='ocrx_word' id='word_1_37' title='bbox 125 1051 350 1149; x_wconf 85' lang='lat' dir='ltr'><strong>contingunt</strong></span> <span class='ocrx_word' id='word_1_38' title='bbox 367 1048 434 1122; x_wconf 90' lang='lat' dir='ltr'><strong>hae</strong></span> <span class='ocrx_word' id='word_1_39' title='bbox 450 1047 684 1146; x_wconf 90' lang='lat' dir='ltr'><strong>potissimum</strong></span> <span class='ocrx_word' id='word_1_40' title='bbox 701 1047 851 1133; x_wconf 88' lang='lat' dir='ltr'><strong>ratione,</strong></span> <span class='ocrx_word' id='word_1_41' title='bbox 876 1047 979 1145; x_wconf 92' lang='lat' dir='ltr'><strong>quod</strong></span> <span class='ocrx_word' id='word_1_42' title='bbox 996 1046 1208 1121; x_wconf 90' lang='lat' dir='ltr'><strong>universam</strong></span> 
     </span>
     <span class='ocr_line' id='line_1_8' title="bbox 126 1159 1226 1262; baseline 0.001 -27"><span class='ocrx_word' id='word_1_43' title='bbox 126 1164 286 1262; x_wconf 86' lang='lat' dir='ltr'><strong>corporis</strong></span> <span class='ocrx_word' id='word_1_44' title='bbox 301 1160 588 1248; x_wconf 82' lang='lat' dir='ltr'><strong>fabricationem,</strong></span> <span class='ocrx_word' id='word_1_45' title='bbox 612 1160 660 1233; x_wconf 92' lang='lat' dir='ltr'><strong>ad</strong></span> <span class='ocrx_word' id='word_1_46' title='bbox 676 1159 948 1258; x_wconf 85' lang='lat' dir='ltr'><strong>plenitudinem</strong></span> <span class='ocrx_word' id='word_1_47' title='bbox 966 1183 1030 1234; x_wconf 91' lang='lat' dir='ltr'><strong>seu</strong></span> <span class='ocrx_word' id='word_1_48' title='bbox 1058 1160 1205 1258; x_wconf 86' lang='lat' dir='ltr'><strong>sangui·</strong></span> <span class='ocrx_word' id='word_1_49' title='bbox 1224 1233 1226 1236; x_wconf 9' lang='grc' dir='ltr'><em>Α</em></span> 
     </span>
     <span class='ocr_line' id='line_1_9' title="bbox 126 1271 1209 1371; baseline -0.004 -21"><span class='ocrx_word' id='word_1_50' title='bbox 126 1272 183 1350; x_wconf 80' lang='lat' dir='ltr'><strong>nis</strong></span> <span class='ocrx_word' id='word_1_51' title='bbox 212 1273 473 1348; x_wconf 83' lang='lat' dir='ltr'><strong>abundantiam</strong></span> <span class='ocrx_word' id='word_1_52' title='bbox 508 1272 800 1370; x_wconf 84' lang='lat' dir='ltr'><strong>comparandam,</strong></span> <span class='ocrx_word' id='word_1_53' title='bbox 833 1281 957 1371; x_wconf 88' lang='lat' dir='ltr'><strong>aptam</strong></span> <span class='ocrx_word' id='word_1_54' title='bbox 985 1271 1133 1360; x_wconf 91' lang='lat' dir='ltr'><strong>babent,</strong></span> <span class='ocrx_word' id='word_1_55' title='bbox 1168 1280 1209 1347; x_wconf 91' lang='lat' dir='ltr'><strong>et</strong></span> 
     </span>
     <span class='ocr_line' id='line_1_10' title="bbox 127 1384 1207 1486; baseline -0.001 -26"><span class='ocrx_word' id='word_1_56' title='bbox 127 1385 307 1460; x_wconf 88' lang='lat' dir='ltr'><strong>idoneum</strong></span> <span class='ocrx_word' id='word_1_57' title='bbox 321 1411 499 1486; x_wconf 85' lang='lat' dir='ltr'><strong>organum</strong></span> <span class='ocrx_word' id='word_1_58' title='bbox 516 1386 555 1459; x_wconf 93' lang='lat' dir='ltr'><strong>in</strong></span> <span class='ocrx_word' id='word_1_59' title='bbox 574 1395 750 1485; x_wconf 91' lang='lat' dir='ltr'><strong>promptu</strong></span> <span class='ocrx_word' id='word_1_60' title='bbox 767 1394 833 1471; x_wconf 85' lang='lat' dir='ltr'><strong>est,</strong></span> <span class='ocrx_word' id='word_1_61' title='bbox 858 1409 923 1482; x_wconf 91' lang='lat' dir='ltr'><strong>per</strong></span> <span class='ocrx_word' id='word_1_62' title='bbox 940 1384 1041 1483; x_wconf 93' lang='lat' dir='ltr'><strong>quod</strong></span> <span class='ocrx_word' id='word_1_63' title='bbox 1058 1384 1207 1483; x_wconf 85' lang='lat' dir='ltr'><strong>sanguis</strong></span> 
     </span>
     <span class='ocr_line' id='line_1_11' title="bbox 129 1496 1276 1597; baseline -0.003 -25"><span class='ocrx_word' id='word_1_64' title='bbox 129 1509 352 1574; x_wconf 85' lang='lat' dir='ltr'><strong>excematur.</strong></span> <span class='ocrx_word' id='word_1_65' title='bbox 403 1499 486 1573; x_wconf 91' lang='lat' dir='ltr'><strong>Viri</strong></span> <span class='ocrx_word' id='word_1_66' title='bbox 503 1508 706 1597; x_wconf 88' lang='lat' dir='ltr'><strong>caeteraque</strong></span> <span class='ocrx_word' id='word_1_67' title='bbox 722 1496 892 1570; x_wconf 87' lang='lat' dir='ltr'><strong>animalia</strong></span> <span class='ocrx_word' id='word_1_68' title='bbox 917 1496 1016 1571; x_wconf 90' lang='lat' dir='ltr'><strong>haud</strong></span> <span class='ocrx_word' id='word_1_69' title='bbox 1034 1498 1086 1571; x_wconf 90' lang='lat' dir='ltr'><strong>ita</strong></span> <span class='ocrx_word' id='word_1_70' title='bbox 1102 1496 1208 1570; x_wconf 86' lang='lat' dir='ltr'><strong>facile</strong></span> <span class='ocrx_word' id='word_1_71' title='bbox 1274 1589 1276 1593; x_wconf 23' lang='grc' dir='ltr'>Ι</span> 
     </span>
     <span class='ocr_line' id='line_1_12' title="bbox 127 1610 1207 1711; baseline 0.001 -27"><span class='ocrx_word' id='word_1_72' title='bbox 127 1611 306 1710; x_wconf 82' lang='lat' dir='ltr'><strong>sanguine</strong></span> <span class='ocrx_word' id='word_1_73' title='bbox 321 1612 431 1686; x_wconf 91' lang='lat' dir='ltr'><strong>nimis</strong></span> <span class='ocrx_word' id='word_1_74' title='bbox 447 1611 548 1711; x_wconf 91' lang='lat' dir='ltr'><strong>pleni</strong></span> <span class='ocrx_word' id='word_1_75' title='bbox 564 1613 671 1699; x_wconf 90' lang='lat' dir='ltr'><strong>fiunt,</strong></span> <span class='ocrx_word' id='word_1_76' title='bbox 697 1635 819 1709; x_wconf 91' lang='lat' dir='ltr'><strong>neque</strong></span> <span class='ocrx_word' id='word_1_77' title='bbox 840 1611 871 1684; x_wconf 92' lang='lat' dir='ltr'><strong>si</strong></span> <span class='ocrx_word' id='word_1_78' title='bbox 887 1611 940 1686; x_wconf 90' lang='lat' dir='ltr'><strong>ita</strong></span> <span class='ocrx_word' id='word_1_79' title='bbox 955 1611 1043 1684; x_wconf 86' lang='lat' dir='ltr'><strong>faeti</strong></span> <span class='ocrx_word' id='word_1_80' title='bbox 1068 1610 1207 1685; x_wconf 89' lang='lat' dir='ltr'><strong>fuerint</strong></span> 
     </span>
     <span class='ocr_line' id='line_1_13' title="bbox 125 1721 1207 1825; baseline -0.003 -28"><span class='ocrx_word' id='word_1_81' title='bbox 125 1723 245 1798; x_wconf 88' lang='lat' dir='ltr'><strong>simile</strong></span> <span class='ocrx_word' id='word_1_82' title='bbox 260 1748 441 1825; x_wconf 86' lang='lat' dir='ltr'><strong>organum</strong></span> <span class='ocrx_word' id='word_1_83' title='bbox 458 1725 605 1800; x_wconf 89' lang='lat' dir='ltr'><strong>habent.</strong></span> <span class='ocrx_word' id='word_1_84' title='bbox 656 1723 851 1799; x_wconf 86' lang='lat' dir='ltr'><strong>Deficiunt</strong></span> <span class='ocrx_word' id='word_1_85' title='bbox 871 1722 1017 1810; x_wconf 90' lang='lat' dir='ltr'><strong>vetulis,</strong></span> <span class='ocrx_word' id='word_1_86' title='bbox 1042 1723 1132 1820; x_wconf 88' lang='lat' dir='ltr'><strong>quia</strong></span> <span class='ocrx_word' id='word_1_87' title='bbox 1155 1721 1207 1794; x_wconf 91' lang='lat' dir='ltr'><strong>fa-</strong></span> 
     </span>
     <span class='ocr_line' id='line_1_14' title="bbox 125 1833 1207 1937; baseline -0.005 -26"><span class='ocrx_word' id='word_1_88' title='bbox 125 1834 222 1911; x_wconf 87' lang='lat' dir='ltr'><strong>brica</strong></span> <span class='ocrx_word' id='word_1_89' title='bbox 238 1838 336 1911; x_wconf 88' lang='lat' dir='ltr'><strong>uteri</strong></span> <span class='ocrx_word' id='word_1_90' title='bbox 352 1838 453 1911; x_wconf 91' lang='lat' dir='ltr'><strong>baud</strong></span> <span class='ocrx_word' id='word_1_91' title='bbox 476 1863 607 1937; x_wconf 90' lang='lat' dir='ltr'><strong>parum</strong></span> <span class='ocrx_word' id='word_1_92' title='bbox 629 1849 807 1925; x_wconf 82' lang='lat' dir='ltr'><strong>mutatur,</strong></span> <span class='ocrx_word' id='word_1_93' title='bbox 833 1835 1035 1936; x_wconf 73' lang='lat' dir='ltr'><strong>praesertim</strong></span> <span class='ocrx_word' id='word_1_94' title='bbox 1052 1833 1207 1908; x_wconf 78' lang='lat' dir='ltr'><strong>firmitas</strong></span> 
     </span>
     <span class='ocr_line' id='line_1_15' title="bbox 126 1947 1206 2047; baseline -0.004 -24"><span class='ocrx_word' id='word_1_95' title='bbox 126 1948 204 2047; x_wconf 87' lang='lat' dir='ltr'><strong>ejus</strong></span> <span class='ocrx_word' id='word_1_96' title='bbox 220 1952 444 2024; x_wconf 84' lang='lat' dir='ltr'><strong>arteriarum.</strong></span> <span class='ocrx_word' id='word_1_97' title='bbox 495 1951 623 2038; x_wconf 92' lang='lat' dir='ltr'><strong>Porro,</strong></span> <span class='ocrx_word' id='word_1_98' title='bbox 648 1950 740 2027; x_wconf 91' lang='lat' dir='ltr'><strong>dum</strong></span> <span class='ocrx_word' id='word_1_99' title='bbox 765 1950 900 2024; x_wconf 90' lang='lat' dir='ltr'><strong>mulier</strong></span> <span class='ocrx_word' id='word_1_100' title='bbox 923 1960 1074 2024; x_wconf 88' lang='lat' dir='ltr'><strong>uterum</strong></span> <span class='ocrx_word' id='word_1_101' title='bbox 1099 1947 1206 2046; x_wconf 88' lang='lat' dir='ltr'><strong>gerit,</strong></span> 
     </span>
     <span class='ocr_line' id='line_1_16' title="bbox 126 2060 1206 2160; baseline -0.003 -25"><span class='ocrx_word' id='word_1_102' title='bbox 126 2084 270 2136; x_wconf 90' lang='lat' dir='ltr'><strong>menses</strong></span> <span class='ocrx_word' id='word_1_103' title='bbox 284 2061 406 2136; x_wconf 88' lang='lat' dir='ltr'><strong>nullos</strong></span> <span class='ocrx_word' id='word_1_104' title='bbox 422 2063 497 2136; x_wconf 89' lang='lat' dir='ltr'><strong>fere</strong></span> <span class='ocrx_word' id='word_1_105' title='bbox 514 2062 634 2150; x_wconf 88' lang='lat' dir='ltr'><strong>babet,</strong></span> <span class='ocrx_word' id='word_1_106' title='bbox 659 2064 747 2160; x_wconf 90' lang='lat' dir='ltr'><strong>quia</strong></span> <span class='ocrx_word' id='word_1_107' title='bbox 774 2086 857 2160; x_wconf 88' lang='lat' dir='ltr'><strong>pars</strong></span> <span class='ocrx_word' id='word_1_108' title='bbox 886 2062 982 2136; x_wconf 92' lang='lat' dir='ltr'><strong>uteri</strong></span> <span class='ocrx_word' id='word_1_109' title='bbox 998 2060 1099 2134; x_wconf 91' lang='lat' dir='ltr'><strong>unde</strong></span> <span class='ocrx_word' id='word_1_110' title='bbox 1124 2084 1206 2157; x_wconf 90' lang='lat' dir='ltr'><strong>pro-</strong></span> 
     </span>
     <span class='ocr_line' id='line_1_17' title="bbox 125 2171 1257 2274; baseline 0 -27"><span class='ocrx_word' id='word_1_111' title='bbox 125 2171 240 2250; x_wconf 87' lang='lat' dir='ltr'><strong>fluere</strong></span> <span class='ocrx_word' id='word_1_112' title='bbox 256 2174 376 2249; x_wconf 89' lang='lat' dir='ltr'><strong>solent</strong></span> <span class='ocrx_word' id='word_1_113' title='bbox 392 2173 602 2274; x_wconf 80' lang='lat' dir='ltr'><strong>aplaceata</strong></span> <span class='ocrx_word' id='word_1_114' title='bbox 614 2185 836 2274; x_wconf 89' lang='lat' dir='ltr'><strong>occupatur:</strong></span> <span class='ocrx_word' id='word_1_115' title='bbox 863 2197 984 2271; x_wconf 91' lang='lat' dir='ltr'><strong>neque</strong></span> <span class='ocrx_word' id='word_1_116' title='bbox 1000 2198 1067 2272; x_wconf 94' lang='lat' dir='ltr'><strong>per</strong></span> <span class='ocrx_word' id='word_1_117' title='bbox 1082 2172 1206 2272; x_wconf 86' lang='lat' dir='ltr'><strong>plures</strong></span> <span class='ocrx_word' id='word_1_118' title='bbox 1255 2220 1257 2223; x_wconf 88' lang='lat'>·</span> 
     </span>
     <span class='ocr_line' id='line_1_18' title="bbox 125 2285 1205 2374; baseline -0.002 -14"><span class='ocrx_word' id='word_1_119' title='bbox 125 2310 278 2374; x_wconf 89' lang='lat' dir='ltr'><strong>menses,</strong></span> <span class='ocrx_word' id='word_1_120' title='bbox 311 2287 403 2361; x_wconf 91' lang='lat' dir='ltr'><strong>dum</strong></span> <span class='ocrx_word' id='word_1_121' title='bbox 430 2288 609 2361; x_wconf 91' lang='lat' dir='ltr'><strong>infantem</strong></span> <span class='ocrx_word' id='word_1_122' title='bbox 635 2286 700 2361; x_wconf 91' lang='lat' dir='ltr'><strong>alit</strong></span> <span class='ocrx_word' id='word_1_123' title='bbox 724 2285 868 2371; x_wconf 91' lang='lat' dir='ltr'><strong>mulier,</strong></span> <span class='ocrx_word' id='word_1_124' title='bbox 901 2285 1028 2358; x_wconf 89' lang='lat' dir='ltr'><strong>fluunt</strong></span> <span class='ocrx_word' id='word_1_125' title='bbox 1051 2309 1205 2371; x_wconf 92' lang='lat' dir='ltr'><strong>menses,</strong></span> 
     </span>
     <span class='ocr_line' id='line_1_19' title="bbox 124 2397 1205 2499; baseline -0.004 -27"><span class='ocrx_word' id='word_1_126' title='bbox 124 2399 303 2475; x_wconf 89' lang='lat' dir='ltr'><strong>nimirum</strong></span> <span class='ocrx_word' id='word_1_127' title='bbox 321 2400 410 2497; x_wconf 87' lang='lat' dir='ltr'><strong>quia</strong></span> <span class='ocrx_word' id='word_1_128' title='bbox 425 2401 474 2474; x_wconf 88' lang='lat' dir='ltr'><strong>ad</strong></span> <span class='ocrx_word' id='word_1_129' title='bbox 489 2399 597 2473; x_wconf 85' lang='lat' dir='ltr'><strong>ubam</strong></span> <span class='ocrx_word' id='word_1_130' title='bbox 614 2411 767 2499; x_wconf 89' lang='lat' dir='ltr'><strong>partem,</strong></span> <span class='ocrx_word' id='word_1_131' title='bbox 784 2399 844 2472; x_wconf 89' lang='lat' dir='ltr'><strong>cui</strong></span> <span class='ocrx_word' id='word_1_132' title='bbox 862 2397 977 2471; x_wconf 90' lang='lat' dir='ltr'><strong>mirus</strong></span> <span class='ocrx_word' id='word_1_133' title='bbox 994 2419 1080 2469; x_wconf 91' lang='lat' dir='ltr'><strong>cum</strong></span> <span class='ocrx_word' id='word_1_134' title='bbox 1099 2406 1205 2469; x_wconf 90' lang='lat' dir='ltr'><strong>utero</strong></span> 
     </span>
     <span class='ocr_line' id='line_1_20' title="bbox 127 2512 802 2611; baseline -0.004 -24"><span class='ocrx_word' id='word_1_135' title='bbox 127 2533 321 2588; x_wconf 85' lang='lat' dir='ltr'><strong>cousensus</strong></span> <span class='ocrx_word' id='word_1_136' title='bbox 337 2522 403 2600; x_wconf 90' lang='lat' dir='ltr'><strong>est,</strong></span> <span class='ocrx_word' id='word_1_137' title='bbox 430 2513 579 2611; x_wconf 85' lang='lat' dir='ltr'><strong>sanguis</strong></span> <span class='ocrx_word' id='word_1_138' title='bbox 595 2512 802 2586; x_wconf 84' lang='lat' dir='ltr'><strong>divertitur.</strong></span> 
     </span>
    </p>

    <p class='ocr_par' dir='ltr' id='par_1_4' title="bbox 127 2619 1206 3512">
     <span class='ocr_line' id='line_1_21' title="bbox 169 2619 1204 2723; baseline -0.008 -21"><span class='ocrx_word' id='word_1_139' title='bbox 169 2647 425 2702; x_wconf 77' lang='lat' dir='ltr'><strong>ccccxxvm.</strong></span> <span class='ocrx_word' id='word_1_140' title='bbox 445 2626 595 2699; x_wconf 87' lang='lat' dir='ltr'><strong>Menses</strong></span> <span class='ocrx_word' id='word_1_141' title='bbox 608 2648 738 2723; x_wconf 86' lang='lat' dir='ltr'><strong>parum</strong></span> <span class='ocrx_word' id='word_1_142' title='bbox 752 2621 813 2696; x_wconf 90' lang='lat' dir='ltr'><strong>vel</strong></span> <span class='ocrx_word' id='word_1_143' title='bbox 822 2621 915 2696; x_wconf 90' lang='lat' dir='ltr'><strong>nihil</strong></span> <span class='ocrx_word' id='word_1_144' title='bbox 927 2623 974 2694; x_wconf 88' lang='lat' dir='ltr'><strong>ad</strong></span> <span class='ocrx_word' id='word_1_145' title='bbox 991 2619 1204 2718; x_wconf 84' lang='lat' dir='ltr'><strong>cupidinem</strong></span> 
     </span>
     <span class='ocr_line' id='line_1_22' title="bbox 127 2732 1206 2836; baseline -0.006 -22"><span class='ocrx_word' id='word_1_146' title='bbox 127 2738 351 2814; x_wconf 83' lang='lat' dir='ltr'><strong>conducunt.</strong></span> <span class='ocrx_word' id='word_1_147' title='bbox 401 2738 564 2826; x_wconf 88' lang='lat' dir='ltr'><strong>Auctus,</strong></span> <span class='ocrx_word' id='word_1_148' title='bbox 581 2746 689 2811; x_wconf 88' lang='lat' dir='ltr'><strong>aetate</strong></span> <span class='ocrx_word' id='word_1_149' title='bbox 705 2735 854 2836; x_wconf 87' lang='lat' dir='ltr'><strong>pubere,</strong></span> <span class='ocrx_word' id='word_1_150' title='bbox 880 2732 1053 2834; x_wconf 77' lang='lat' dir='ltr'><strong>genitalia</strong></span> <span class='ocrx_word' id='word_1_151' title='bbox 1069 2756 1206 2830; x_wconf 84' lang='lat' dir='ltr'><strong>organa</strong></span> 
     </span>
     <span class='ocr_line' id='line_1_23' title="bbox 127 2845 1205 2952; baseline -0.006 -28"><span class='ocrx_word' id='word_1_152' title='bbox 127 2872 249 2927; x_wconf 84' lang='lat' dir='ltr'><strong>versus</strong></span> <span class='ocrx_word' id='word_1_153' title='bbox 279 2852 468 2952; x_wconf 85' lang='lat' dir='ltr'><strong>sanguinis</strong></span> <span class='ocrx_word' id='word_1_154' title='bbox 496 2851 634 2936; x_wconf 86' lang='lat' dir='ltr'><strong>fluxus,</strong></span> <span class='ocrx_word' id='word_1_155' title='bbox 668 2850 926 2948; x_wconf 88' lang='lat' dir='ltr'><strong>humoresque,</strong></span> <span class='ocrx_word' id='word_1_156' title='bbox 960 2856 1004 2920; x_wconf 92' lang='lat' dir='ltr'><strong>ut</strong></span> <span class='ocrx_word' id='word_1_157' title='bbox 1033 2845 1205 2933; x_wconf 89' lang='lat' dir='ltr'><strong>ereditur,</strong></span> 
     </span>
     <span class='ocr_line' id='line_1_24' title="bbox 127 2960 1204 3064; baseline -0.005 -29"><span class='ocrx_word' id='word_1_158' title='bbox 127 2964 294 3039; x_wconf 92' lang='lat' dir='ltr'><strong>nonnulli</strong></span> <span class='ocrx_word' id='word_1_159' title='bbox 312 2967 541 3064; x_wconf 82' lang='lat' dir='ltr'><strong>(ccxxxsv),</strong></span> <span class='ocrx_word' id='word_1_160' title='bbox 558 2964 701 3041; x_wconf 85' lang='lat' dir='ltr'><strong>assidue</strong></span> <span class='ocrx_word' id='word_1_161' title='bbox 717 2960 855 3048; x_wconf 87' lang='lat' dir='ltr'><strong>secreti,</strong></span> <span class='ocrx_word' id='word_1_162' title='bbox 873 2984 948 3035; x_wconf 93' lang='lat' dir='ltr'><strong>non</strong></span> <span class='ocrx_word' id='word_1_163' title='bbox 965 2970 1204 3059; x_wconf 90' lang='lat' dir='ltr'><strong>possuntnon</strong></span> 
     </span>
     <span class='ocr_line' id='line_1_25' title="bbox 127 3071 1205 3172; baseline -0.005 -24"><span class='ocrx_word' id='word_1_164' title='bbox 127 3075 313 3152; x_wconf 88' lang='lat' dir='ltr'><strong>stimulare</strong></span> <span class='ocrx_word' id='word_1_165' title='bbox 340 3089 377 3152; x_wconf 93' lang='lat' dir='ltr'><strong>et</strong></span> <span class='ocrx_word' id='word_1_166' title='bbox 395 3077 597 3153; x_wconf 83' lang='lat' dir='ltr'><strong>calefacere.</strong></span> <span class='ocrx_word' id='word_1_167' title='bbox 646 3075 833 3151; x_wconf 83' lang='lat' dir='ltr'><strong>Foeminae</strong></span> <span class='ocrx_word' id='word_1_168' title='bbox 849 3084 974 3148; x_wconf 89' lang='lat' dir='ltr'><strong>autem</strong></span> <span class='ocrx_word' id='word_1_169' title='bbox 992 3096 1106 3172; x_wconf 85' lang='lat' dir='ltr'><strong>quam</strong></span> <span class='ocrx_word' id='word_1_170' title='bbox 1124 3071 1205 3157; x_wconf 86' lang='lat' dir='ltr'><strong>viri,</strong></span> 
     </span>
     <span class='ocr_line' id='line_1_26' title="bbox 128 3184 1205 3284; baseline -0.002 -26"><span class='ocrx_word' id='word_1_171' title='bbox 128 3197 166 3257; x_wconf 91' lang='lat' dir='ltr'><strong>et</strong></span> <span class='ocrx_word' id='word_1_172' title='bbox 181 3189 349 3265; x_wconf 86' lang='lat' dir='ltr'><strong>omnium</strong></span> <span class='ocrx_word' id='word_1_173' title='bbox 366 3191 442 3264; x_wconf 91' lang='lat' dir='ltr'><strong>fere</strong></span> <span class='ocrx_word' id='word_1_174' title='bbox 458 3189 671 3265; x_wconf 87' lang='lat' dir='ltr'><strong>animalium</strong></span> <span class='ocrx_word' id='word_1_175' title='bbox 686 3187 850 3263; x_wconf 87' lang='lat' dir='ltr'><strong>foeminae</strong></span> <span class='ocrx_word' id='word_1_176' title='bbox 861 3211 974 3284; x_wconf 86' lang='lat' dir='ltr'><strong>qaam</strong></span> <span class='ocrx_word' id='word_1_177' title='bbox 992 3209 1119 3270; x_wconf 86' lang='lat' dir='ltr'><strong>mares,</strong></span> <span class='ocrx_word' id='word_1_178' title='bbox 1137 3184 1205 3256; x_wconf 90' lang='lat' dir='ltr'><strong>mi-</strong></span> 
     </span>
     <span class='ocr_line' id='line_1_27' title="bbox 128 3288 1203 3400; baseline -0.004 -30"><span class='ocrx_word' id='word_1_179' title='bbox 128 3318 217 3372; x_wconf 91' lang='lat' dir='ltr'><strong>nore</strong></span> <span class='ocrx_word' id='word_1_180' title='bbox 232 3288 374 3400; x_wconf 87' lang='lat' dir='ltr'><strong>impetu</strong></span> <span class='ocrx_word' id='word_1_181' title='bbox 391 3303 431 3375; x_wconf 94' lang='lat' dir='ltr'><strong>in</strong></span> <span class='ocrx_word' id='word_1_182' title='bbox 449 3303 634 3376; x_wconf 89' lang='lat' dir='ltr'><strong>Venerem</strong></span> <span class='ocrx_word' id='word_1_183' title='bbox 651 3300 843 3385; x_wconf 77' lang='lat' dir='ltr'><strong>feruntur,</strong></span> <span class='ocrx_word' id='word_1_184' title='bbox 868 3321 991 3395; x_wconf 89' lang='lat' dir='ltr'><strong>neque</strong></span> <span class='ocrx_word' id='word_1_185' title='bbox 1006 3297 1046 3370; x_wconf 93' lang='lat' dir='ltr'><strong>hi</strong></span> <span class='ocrx_word' id='word_1_186' title='bbox 1064 3295 1203 3370; x_wconf 90' lang='lat' dir='ltr'><strong>sanein</strong></span> 
     </span>
     <span class='ocr_line' id='line_1_28' title="bbox 128 3406 1205 3512; baseline -0.002 -28"><span class='ocrx_word' id='word_1_187' title='bbox 128 3410 348 3509; x_wconf 86' lang='lat' dir='ltr'><strong>quibusdem</strong></span> <span class='ocrx_word' id='word_1_188' title='bbox 382 3414 597 3488; x_wconf 87' lang='lat' dir='ltr'><strong>animalium</strong></span> <span class='ocrx_word' id='word_1_189' title='bbox 630 3412 837 3512; x_wconf 86' lang='lat' dir='ltr'><strong>generibus,</strong></span> <span class='ocrx_word' id='word_1_190' title='bbox 873 3411 950 3484; x_wconf 91' lang='lat' dir='ltr'><strong>sine</strong></span> <span class='ocrx_word' id='word_1_191' title='bbox 977 3408 1015 3481; x_wconf 86' lang='lat' dir='ltr'><strong>vi</strong></span> <span class='ocrx_word' id='word_1_192' title='bbox 1045 3406 1205 3506; x_wconf 87' lang='lat' dir='ltr'><strong>quadam</strong></span> 
     </span>
    </p>
   </div>
   <div class='ocr_carea' id='block_1_3' title="bbox 127 3520 1263 4302">
    <p class='ocr_par' dir='ltr' id='par_1_5' title="bbox 127 3520 1263 4302">
     <span class='ocr_line' id='line_1_29' title="bbox 127 3520 1204 3625; baseline -0.002 -30"><span class='ocrx_word' id='word_1_193' title='bbox 127 3544 204 3598; x_wconf 87' lang='lat' dir='ltr'><strong>suas</strong></span> <span class='ocrx_word' id='word_1_194' title='bbox 228 3524 401 3600; x_wconf 87' lang='lat' dir='ltr'><strong>foeminas</strong></span> <span class='ocrx_word' id='word_1_195' title='bbox 426 3526 616 3625; x_wconf 84' lang='lat' dir='ltr'><strong>subigunt</strong></span> <span class='ocrx_word' id='word_1_196' title='bbox 666 3524 772 3599; x_wconf 87' lang='lat' dir='ltr'><strong>Nihil</strong></span> <span class='ocrx_word' id='word_1_197' title='bbox 801 3547 890 3598; x_wconf 87' lang='lat' dir='ltr'><strong>vero</strong></span> <span class='ocrx_word' id='word_1_198' title='bbox 914 3522 960 3597; x_wconf 92' lang='lat' dir='ltr'><strong>ad</strong></span> <span class='ocrx_word' id='word_1_199' title='bbox 985 3520 1204 3596; x_wconf 80' lang='lat' dir='ltr'><strong>foecundita-</strong></span> 
     </span>
     <span class='ocr_line' id='line_1_30' title="bbox 128 3635 1201 3736; baseline -0.004 -28"><span class='ocrx_word' id='word_1_200' title='bbox 128 3641 198 3711; x_wconf 91' lang='lat' dir='ltr'><strong>tem</strong></span> <span class='ocrx_word' id='word_1_201' title='bbox 217 3635 306 3711; x_wconf 89' lang='lat' dir='ltr'><strong>facit</strong></span> <span class='ocrx_word' id='word_1_202' title='bbox 325 3638 441 3736; x_wconf 89' lang='lat' dir='ltr'><strong>major</strong></span> <span class='ocrx_word' id='word_1_203' title='bbox 457 3639 626 3712; x_wconf 88' lang='lat' dir='ltr'><strong>minorve</strong></span> <span class='ocrx_word' id='word_1_204' title='bbox 649 3636 787 3736; x_wconf 90' lang='lat' dir='ltr'><strong>cupido</strong></span> <span class='ocrx_word' id='word_1_205' title='bbox 810 3659 933 3709; x_wconf 89' lang='lat' dir='ltr'><strong>rerum</strong></span> <span class='ocrx_word' id='word_1_206' title='bbox 950 3650 1201 3707; x_wconf 86' lang='lat' dir='ltr'><strong>venerearum.</strong></span> 
     </span>
     <span class='ocr_line' id='line_1_31' title="bbox 129 3743 1205 3849; baseline -0.003 -30"><span class='ocrx_word' id='word_1_207' title='bbox 129 3743 311 3838; x_wconf 75' lang='lat' dir='ltr'><strong>Foeminae</strong></span> <span class='ocrx_word' id='word_1_208' title='bbox 335 3748 535 3849; x_wconf 90' lang='lat' dir='ltr'><strong>aliquando</strong></span> <span class='ocrx_word' id='word_1_209' title='bbox 559 3749 738 3824; x_wconf 81' lang='lat' dir='ltr'><strong>calidioris</strong></span> <span class='ocrx_word' id='word_1_210' title='bbox 768 3747 1041 3822; x_wconf 88' lang='lat' dir='ltr'><strong>constitutionis</strong></span> <span class='ocrx_word' id='word_1_211' title='bbox 1067 3743 1205 3820; x_wconf 88' lang='lat' dir='ltr'><strong>steriles</strong></span> 
     </span>
     <span class='ocr_line' id='line_1_32' title="bbox 129 3856 1204 3961; baseline -0.007 -25"><span class='ocrx_word' id='word_1_212' title='bbox 129 3858 386 3947; x_wconf 80' lang='lat' dir='ltr'><strong>observantur;</strong></span> <span class='ocrx_word' id='word_1_213' title='bbox 412 3863 504 3937; x_wconf 90' lang='lat' dir='ltr'><strong>dum</strong></span> <span class='ocrx_word' id='word_1_214' title='bbox 521 3861 766 3961; x_wconf 70' lang='lat' dir='ltr'><strong>frigidissimas</strong></span> <span class='ocrx_word' id='word_1_215' title='bbox 781 3884 886 3959; x_wconf 86' lang='lat' dir='ltr'><strong>saepe,</strong></span> <span class='ocrx_word' id='word_1_216' title='bbox 900 3861 1036 3958; x_wconf 90' lang='lat' dir='ltr'><strong>quibus</strong></span> <span class='ocrx_word' id='word_1_217' title='bbox 1048 3856 1204 3931; x_wconf 83' lang='lat' dir='ltr'><strong>Veneris</strong></span> 
     </span>
     <span class='ocr_line' id='line_1_33' title="bbox 131 3969 1263 4066; baseline -0.007 -19"><span class='ocrx_word' id='word_1_218' title='bbox 131 3973 258 4066; x_wconf 83' lang='lat' dir='ltr'><strong>gaudia</strong></span> <span class='ocrx_word' id='word_1_219' title='bbox 275 3974 352 4048; x_wconf 88' lang='lat' dir='ltr'><strong>fere</strong></span> <span class='ocrx_word' id='word_1_220' title='bbox 364 3974 475 4063; x_wconf 87' lang='lat' dir='ltr'><strong>nulla,</strong></span> <span class='ocrx_word' id='word_1_221' title='bbox 493 3976 585 4048; x_wconf 89' lang='lat' dir='ltr'><strong>mira</strong></span> <span class='ocrx_word' id='word_1_222' title='bbox 597 3973 840 4048; x_wconf 83' lang='lat' dir='ltr'><strong>foecunditate</strong></span> <span class='ocrx_word' id='word_1_223' title='bbox 857 3984 954 4048; x_wconf 90' lang='lat' dir='ltr'><strong>sunt.</strong></span> <span class='ocrx_word' id='word_1_224' title='bbox 1004 3969 1205 4046; x_wconf 80' lang='lat' dir='ltr'><strong>Effraenata</strong></span> <span class='ocrx_word' id='word_1_225' title='bbox 1262 4028 1263 4032; x_wconf 62' lang='grc'>,</span> 
     </span>
     <span class='ocr_line' id='line_1_34' title="bbox 131 4085 1205 4185; baseline -0.006 -29"><span class='ocrx_word' id='word_1_226' title='bbox 131 4096 264 4164; x_wconf 80' lang='lat' dir='ltr'><strong>vescet</strong></span> <span class='ocrx_word' id='word_1_227' title='bbox 282 4085 513 4185; x_wconf 90' lang='lat' dir='ltr'><strong>inexplebilis</strong></span> <span class='ocrx_word' id='word_1_228' title='bbox 529 4086 656 4175; x_wconf 91' lang='lat' dir='ltr'><strong>libido,</strong></span> <span class='ocrx_word' id='word_1_229' title='bbox 681 4086 722 4159; x_wconf 94' lang='lat' dir='ltr'><strong>in</strong></span> <span class='ocrx_word' id='word_1_230' title='bbox 746 4085 909 4160; x_wconf 86' lang='lat' dir='ltr'><strong>foeminis</strong></span> <span class='ocrx_word' id='word_1_231' title='bbox 934 4108 1011 4159; x_wconf 89' lang='lat' dir='ltr'><strong>non</strong></span> <span class='ocrx_word' id='word_1_232' title='bbox 1036 4097 1140 4156; x_wconf 87' lang='lat' dir='ltr'><strong>secus</strong></span> <span class='ocrx_word' id='word_1_233' title='bbox 1164 4100 1205 4149; x_wconf 85' lang='lat' dir='ltr'><strong>ac</strong></span> 
     </span>
     <span class='ocr_line' id='line_1_35' title="bbox 133 4187 1203 4302; baseline -0.011 -29"><span class='ocrx_word' id='word_1_234' title='bbox 133 4187 166 4267; x_wconf 75' lang='lat' dir='ltr'><strong>ln</strong></span> <span class='ocrx_word' id='word_1_235' title='bbox 179 4198 277 4289; x_wconf 84' lang='lat' dir='ltr'><strong>viris,</strong></span> <span class='ocrx_word' id='word_1_236' title='bbox 303 4199 454 4274; x_wconf 89' lang='lat' dir='ltr'><strong>morbus</strong></span> <span class='ocrx_word' id='word_1_237' title='bbox 479 4199 633 4302; x_wconf 85' lang='lat' dir='ltr'><strong>demum</strong></span> <span class='ocrx_word' id='word_1_238' title='bbox 662 4209 728 4289; x_wconf 91' lang='lat' dir='ltr'><strong>est,</strong></span> <span class='ocrx_word' id='word_1_239' title='bbox 753 4197 952 4299; x_wconf 89' lang='lat' dir='ltr'><strong>aliquando</strong></span> <span class='ocrx_word' id='word_1_240' title='bbox 970 4219 1056 4271; x_wconf 88' lang='lat' dir='ltr'><strong>vere</strong></span> <span class='ocrx_word' id='word_1_241' title='bbox 1080 4213 1203 4287; x_wconf 86' lang='lat' dir='ltr'><strong>corpo·</strong></span> 
     </span>
    </p>
   </div>
   <div class='ocr_carea' id='block_1_4' title="bbox 0 0 1347 4794">
    <p class='ocr_par' dir='ltr' id='par_1_6' title="bbox 0 0 1347 4794">
     <span class='ocr_line' id='line_1_36' title="bbox 0 0 1347 4794; baseline 0 0"><span class='ocrx_word' id='word_1_242' title='bbox 0 0 1347 4794; x_wconf 95' lang='lat' dir='ltr'><strong> </strong></span> 
     </span>
    </p>
   </div>
  </div>
 </body>
</html>
