2678 4794
120 419 206 493 486⁴
526 429 778 488 consrrcrus
978 416 1074 479 aaa·
1092 426 1221 481 xxxv.

125 621 213 699 tam,
238 612 307 685 alia
332 636 417 685 cum
443 610 579 708 exigna
595 607 746 680 omnino
762 604 977 689 irritatione,
1004 603 1216 702 copiosissi-

127 748 229 797 mam
247 723 320 797 alvi
337 723 606 821 purgationem,
624 720 810 801 efficiunt3
836 716 904 789 alia
928 717 1087 790 demum
1108 739 1215 814 supe·

126 836 259 909 riorem
276 836 440 909 intestini
458 845 612 933 partem,
628 833 697 905 alia
707 853 795 904 vero
805 828 1026 916 inferiorem,
1043 829 1213 902 maxime

128 947 329 1021 stimulant.

180 1081 348 1132 Mccccrx.
375 1058 575 1131 Mitissima
601 1052 814 1154 hujusmodi
831 1051 993 1127 remedia
1010 1064 1114 1136 sunt,
1140 1078 1208 1127 sao

129 1169 292 1258 charum,
319 1169 520 1268 multaeque
546 1193 602 1241 res
619 1192 704 1265 quae
719 1165 859 1264 aliquid
877 1163 1035 1237 saochari
1052 1176 1121 1238 aut
1138 1189 1205 1239 sac-

129 1280 238 1354 charo
262 1283 391 1357 similis
407 1284 445 1355 in
464 1306 502 1355 se
517 1282 720 1364 continent,
747 1301 869 1353 serum
895 1277 1010 1363 lactis,
1036 1277 1205 1350 cerevisia

128 1404 286 1481 mustea,
310 1395 482 1468 cerevisia
501 1393 611 1478 mitis,
636 1390 746 1466 multi
767 1389 900 1462 fractus
917 1388 1056 1462 maturi
1074 1401 1115 1463 et
1131 1387 1204 1463 dul·

130 1526 201 1591 ces,
220 1506 478 1593 molinarum:
496 1505 614 1581 multa
626 1504 745 1577 oleosa
755 1501 886 1576 blanda
902 1510 941 1574 et
959 1501 1074 1589 mitia,
1093 1502 1204 1576 veluti

129 1613 255 1692 oleum
273 1619 363 1693 oleae
380 1620 574 1718 Europaeae
589 1627 655 1691 aut
672 1613 880 1712 amygdala
897 1615 1122 1700 communis,
1146 1624 1205 1686 aut

125 1726 191 1826 jus
207 1730 356 1829 pingue,
383 1742 448 1805 aut
473 1730 596 1805 oleum
626 1726 740 1801 ricini
766 1727 974 1798 communis
991 1725 1068 1817 (cui
1088 1745 1204 1800 tamen

129 1841 253 1915 multo
270 1842 421 1939 majores
445 1842 539 1915 vires
564 1863 676 1936 quam
702 1838 811 1910 meris
839 1837 929 1912 oleis
959 1838 1205 1939 contingunt),

1 1954 3 1960 ’
130 1973 218 2048 sapo
235 1976 395 2050 quoque,
420 1962 458 2026 et
483 1950 649 2049 sulphur,
676 1948 879 2049 multaque
895 1974 951 2023 res
967 1951 1084 2025 acidae
1102 1950 1159 2025 vel
1175 1973 1205 2022 a·

130 2074 323 2148 cescentes,
352 2062 495 2138 fructus
525 2063 700 2150 subacidi,
726 2061 867 2137 fructus
894 2063 1068 2136 conditus
1099 2073 1206 2138 tamo

129 2170 237 2247 rindi
254 2174 403 2264 Indicae,
428 2176 552 2276 fruges
581 2174 765 2275 pleraeque
782 2174 987 2263 esculentae,
1013 2175 1070 2250 lac
1085 2174 1207 2274 ebuty-

131 2290 268 2375 ratam,
302 2288 569 2388 saper-tarnis
593 2296 766 2388 putasae,
803 2286 915 2361 multi
949 2286 1041 2362 sales
1074 2287 1208 2375 matri,

132 2399 252 2474 veluti
284 2401 440 2502 sulphor
465 2401 574 2490 aodoe,
606 2406 669 2478 &a
703 2399 898 2499 magnesia
929 2400 1031 2498 (quae
1063 2399 1209 2475 forsitan

132 2513 235 2612 prius
252 2515 291 2588 in
310 2515 466 2590 formam
483 2515 565 2590 salis
582 2539 648 2614 per
664 2536 817 2599 acorem,
842 2512 909 2610 qui
936 2513 975 2586 in
1006 2511 1211 2588 ventriculo

132 2649 229 2724 saepe
245 2626 358 2715 adest,
384 2628 582 2715 reducitur,
607 2650 721 2727 quam
738 2623 935 2700 cathartica
951 2625 1045 2724 fiat),
1072 2625 1209 2700 multa

133 2759 209 2832 que
242 2762 350 2833 aquae
383 2739 626 2827 medicinales,
662 2739 813 2824 ferratae,
848 2735 1070 2836 sulphureae,
1103 2737 1207 2820 salsae,

132 2846 291 2934 marina;
317 2850 370 2923 ita
399 2861 443 2925 ut
467 2850 637 2925 nonnulli
662 2861 826 2924 auctores
855 2872 930 2922 non
959 2848 1203 2925 dubitaverint

132 2981 268 3055 aquam
281 2961 410 3057 ipsam,
421 2964 589 3059 quamvis
603 2980 733 3058 puram
747 2973 786 3035 et
798 2960 957 3048 dulcem,
970 2963 1062 3036 inter
1072 2959 1206 3034 leniora

131 3068 401 3145 medicamenta
417 3072 613 3146 cathartica
635 3093 837 3158 recensere3
864 3084 902 3146 et
919 3074 1073 3149 demum
1086 3071 1207 3165 berboe

132 3181 314 3280 quaedam,
339 3181 457 3257 veluti
474 3207 553 3256 rosa
578 3181 712 3281 pallida
736 3195 801 3259 aut
832 3184 928 3259 viola
957 3178 1129 3261 odorata:
1152 3184 1208 3258 bis

132 3305 258 3368 tamen
276 3296 371 3370 vires
388 3294 495 3368 valde
518 3295 666 3394 exiguae
682 3306 796 3395 atque
813 3298 961 3386 incertae
977 3301 1208 3398 contingunt

181 3429 354 3482 mccccx.
397 3405 581 3479 Validiora
609 3418 707 3495 aunt,
745 3419 784 3482 et
808 3411 926 3509 magis
954 3411 1206 3494 calefacientia,

132 3516 265 3615 (priora
283 3521 381 3609 enirn
397 3520 607 3616 (uccccrx)
625 3519 875 3621 refrigerantia
892 3521 1104 3615 habentur),
1121 3523 1207 3597 sina·

130 3629 188 3728 pis
205 3627 295 3716 alba,
321 3627 452 3705 rheam
471 3629 694 3731 palmatum,
721 3633 842 3708 carrio
858 3658 990 3720 renna,
1016 3636 1126 3710 radix
1146 3658 1208 3734 po

130 3738 270 3841 lyguloe
297 3765 454 3842 aeaegw,
479 3743 559 3817 aloe·
576 3745 774 3842 perfoliata,
795 3745 1006 3844 gualorum
1022 3744 1208 3846 officim

131 3851 371 3931 convolvatur
385 3855 539 3957 jalapo,
577 3856 837 3945 terebinthina,
861 3861 1011 3957 gummi
1041 3859 1208 3959 quaedarn

130 3965 257 4055 calida,
282 3968 565 4055 ammoniacum,
591 3969 716 4043 bubon
746 3969 959 4068 galbanum,
989 3974 1056 4047 &a
1082 3983 1132 4059 et,
1168 3979 1209 4046 ut

129 4077 300 4152 nonnulli
316 4077 459 4164 volunt,
480 4079 529 4154 fel
546 4081 752 4180 spissatum,
778 4080 923 4181 aliaque
940 4084 1209 4160 medicamenta

129 4192 272 4275 amara3
298 4190 354 4265 his
371 4200 495 4264 tamen
526 4217 657 4290 parurn
684 4192 878 4268 fidendum
906 4203 972 4270 est.
1024 4195 1208 4285 Quadam

128 4301 291 4407 denique
299 4304 569 4386 medicamenta
577 4306 676 4384 inter
684 4306 881 4385 vomitorio
888 4305 971 4410 jam
985 4316 1210 4393 enumerata,
