2678 4794
130 306 412 374 caaaxxvrn.
463 302 685 375 nnmerum
703 271 991 360 rnnoumrca.
1129 289 1206 373 527

129 485 178 561 ab
205 484 250 560 iis
277 484 486 583 accipiatur,
499 506 656 571 ‚nauseae
687 482 899 579 (nauum),
924 479 986 557 vel
1013 480 1210 561 vomitioni

129 595 291 686 forsitan,
325 620 440 695 quam
467 605 653 684 moveant,
688 605 814 669 totum
841 618 919 668 esse
947 592 1210 684 tribuendum

130 708 222 783 dum
239 708 318 783 aliis
333 707 649 805 persuasissimum
665 716 734 794 est,
757 705 900 805 aliquid
924 704 1068 780 stimuli
1093 704 1140 779 ab
1166 706 1212 782 iis

129 819 349 908 derivatum,
363 829 413 894 et
429 841 517 903 cum
534 819 714 916 sanguine
741 819 789 893 ad
818 817 1014 918 pulmones
1030 815 1209 918 delatum,

127 942 248 1031 partes
264 957 351 1031 quae
368 953 520 1018 [nucum
539 940 734 1014 secernunt
750 931 902 1017 irritare,
927 939 966 1003 et
995 929 1096 1005 hunc
1126 929 1211 1006 ideo

127 1043 383 1168 copiosiorem
384 1052 423 1115 et
440 1040 646 1123 tenuiorem
671 1041 832 1117 reddere.
883 1040 972 1115 Hoc
1000 1064 1209 1138 genasar·

125 1164 210 1255 pert
209 1179 308 1230 oran
308 1153 401 1229 tiara
427 1153 466 1241 in
496 1153 612 1254 nimia
628 1175 728 1226 mucr
716 1151 933 1250 pulmonis
961 1143 1143 1296 spnssitate
1168 1162 1211 1230 et

129 1267 328 1343 tenacitate
345 1264 508 1339 maxime
524 1263 684 1362 prodest.
751 1312 755 1317 -

178 1400 371 1454 mnxxvu.
396 1376 464 1452 Ad
481 1374 639 1452 alterum
658 1399 783 1475 genus
808 1376 992 1474 (mcxxv)
1018 1377 1208 1474 pertinent

128 1489 395 1564 medicamenta
412 1488 526 1577 mitia,
552 1489 686 1576 cleosa,
700 1511 907 1587 gummosa,
924 1511 1091 1576 muscum
1117 1515 1208 1588 qua·

126 1602 176 1677 lia
193 1612 281 1675 sunt
297 1600 422 1675 oleum
438 1599 529 1679 olea
544 1599 749 1700 Europaeae,
765 1599 890 1676 oleum
903 1599 1098 1700 amygdala
1110 1626 1207 1678 oom-

126 1714 262 1801 munis,
288 1713 418 1802 sebum
434 1721 627 1801 cctoaeuar,
653 1713 769 1814 vulgo
790 1736 937 1813 sperma
955 1713 1025 1789 ceti
1051 1713 1208 1803 dictum,

126 1825 272 1924 gummi
289 1823 461 1900 Mimasoe
477 1823 665 1913 Nilotica,
683 1835 721 1898 et
734 1825 925 1926 astragali
934 1825 1211 1926 tragacantha,

125 1937 348 2023 saccharum,
371 1937 493 2012 linum
523 1937 819 2026 usitatissimum,
841 1936 974 2011 althaea
1003 1936 1205 2026 officinalis,

126 2046 359 2147 glycyrrhiza
374 2046 510 2144 glabra,
536 2047 711 2146 tussilago
727 2047 866 2137 farfara
891 2061 931 2125 et
948 2049 1090 2126 similia.
1140 2049 1207 2125 Ex

127 2158 184 2233 his
200 2167 338 2244 autem,
355 2155 486 2243 oleosa,
503 2164 636 2253 utpote
651 2181 737 2253 quae
746 2159 995 2234 ventriculum
1013 2185 1108 2259 saepe
1124 2186 1206 2260 gra-

126 2283 228 2357 vant,
253 2268 476 2369 plerumque
503 2266 625 2342 minus
652 2267 785 2342 idonea
814 2281 913 2354 sunt,
942 2281 981 2342 et
1010 2295 1208 2367 gurnmosa

126 2383 254 2482 igitur,
271 2391 337 2455 aut
347 2403 497 2456 mucosa
509 2379 786 2468 medicamenta,
799 2381 843 2453 iis
854 2378 929 2453 fere
939 2380 1205 2478 anteponenda.

126 2493 215 2568 Hoc
229 2517 348 2594 genus
366 2492 604 2569 utilissimum
621 2482 688 2577 est,
718 2492 784 2566 ubi
809 2513 940 2566 mucus
957 2490 1066 2566 nimis
1082 2491 1205 2567 tenuis
1244 2546 1247 2550 »

126 2615 165 2679 et
182 2629 272 2692 acer,
291 2606 398 2679 tussis
415 2602 523 2677 valde
539 2604 712 2701 frequens
727 2613 767 2677 et
783 2626 878 2701 pene
894 2602 1024 2688 inanis,
1049 2612 1087 2678 et
1104 2627 1205 2701 mag·

126 2740 175 2790 na
190 2717 345 2791 irritatio
362 2715 549 2814 pulmonis
565 2725 605 2788 et
620 2739 756 2813 asperae
780 2714 921 2789 arteriae
946 2713 1091 2789 adsunt.
1141 2714 1206 2788 De

125 2828 339 2927 hujusmodi
356 2851 509 2926 quoque
525 2827 879 2902 medicamentorum
904 2826 1047 2901 actione
1074 2826 1117 2901 lis
1141 2826 1206 2900 ali·

125 2966 199 3040 qua
216 2950 292 3027 est;
318 2939 454 3028 scilicet
471 2965 556 3039 quae
572 2939 634 3013 alii
660 2940 699 3014 in
725 2939 945 3038 sanguinem
961 2951 1117 3037 recepta,
1142 2938 1205 3012 ad·

126 3078 199 3152 que
216 3051 432 3151 pulmonem
445 3051 576 3140 delata,
594 3050 655 3125 alii
670 3060 819 3126 tantum
836 3051 933 3124 inter
949 3050 1204 3126 devorandum

127 3165 306 3255 (faucibus
323 3166 501 3239 nimirum
519 3173 557 3238 et
581 3162 741 3263 garsiae
757 3161 869 3251 illitis,
895 3172 933 3237 et
950 3164 1001 3238 sic
1016 3188 1038 3238 a
1054 3162 1205 3263 quibus-

125 3276 211 3349 dam
226 3276 490 3351 irritationibus
503 3276 686 3372 defensis),
703 3276 873 3375 prodesse
889 3277 1098 3373 opinantur.
1149 3273 1204 3348 Et

125 3387 196 3461 hoc
226 3385 355 3460 saltem
383 3399 526 3461 certum
556 3401 622 3475 est,
646 3386 766 3462 multa
792 3411 921 3462 eorum
951 3386 1083 3460 tussim
1112 3384 1206 3461 adeo

125 3498 248 3573 subito
277 3497 412 3582 sistere,
442 3507 481 3569 et
509 3497 749 3573 irritationem
778 3501 880 3598 prius
909 3496 1205 3574 molestissimam

124 3610 261 3695 tollere,
288 3619 332 3683 ut
349 3608 502 3681 minime
519 3607 690 3683 credibile
707 3611 832 3684 situel
848 3611 1133 3686 minutissimam
1161 3610 1204 3684 il·

124 3720 243 3797 lorum
262 3718 480 3821 particulam
498 3742 585 3793 cum
602 3721 781 3819 sanguine
797 3719 844 3794 ad
860 3734 980 3819 partes
1000 3721 1206 3796 laborantes

123 3837 352 3934 pervenisse;
379 3834 471 3909 tussi
485 3856 576 3925 ,vero
593 3833 721 3932 sopita,
746 3842 795 3919 et,
812 3856 897 3930 quae
912 3834 1000 3908 inde
1015 3833 1203 3933 penderet,

124 3946 310 4044 pulmonis
328 3946 529 4046 agitatione
545 3944 729 4044 paulisper
745 3943 956 4041 composita,
981 3967 1113 4019 mucus
1134 3945 1202 4041 qui

123 4059 163 4131 in
183 4056 359 4155 pulmone
376 4068 416 4132 et
432 4082 557 4156 aspera
580 4057 711 4131 arteria
740 4055 876 4143 aderat,
901 4055 1072 4154 quamvis
1101 4056 1202 4152 prius

126 4168 237 4242 nimis
254 4171 385 4258 tenuis,
412 4180 451 4244 et
466 4169 615 4245 forsitan
634 4191 725 4256 acer,
742 4191 808 4267 per
824 4191 1003 4243 remoram
1022 4167 1202 4265 spissescit
