2678 4794
125 400 198 472 104
536 409 786 466 consrncrus
1037 413 1122 467 can.
1141 411 1194 464 rr.

127 591 202 666 fere
212 589 319 665 nullu
334 596 397 661 est.
446 583 579 659 Allicit
594 593 726 659 natura
751 584 939 658 hominem
956 599 1053 658 certa
1069 586 1203 684 volup·

128 712 214 790 tate,
232 714 403 798 tanquam
419 698 580 796 praemio,
596 707 643 772 ut
653 719 789 794 organa
799 720 873 782 sua,
886 704 967 768 tum
980 719 1105 768 sensus
1118 708 1204 769 tum

129 825 264 898 motus,
293 810 405 909 probe
429 820 607 896 exerceat,
636 832 712 906 quo
728 818 884 905 utraque
909 807 1135 892 roborentur,
1164 816 1205 880 et

128 926 206 1024 ipse
222 920 330 997 simul
359 921 478 995 multa
494 922 546 995 sic
561 921 675 995 discat
692 943 778 1019 quae
801 920 859 994 sui
886 920 1065 992 intersint.
1115 918 1205 991 Hoc

127 1057 278 1135 quoque
294 1031 445 1107 stimulo
461 1031 674 1131 impellitur,
692 1031 761 1106 hoc
777 1032 927 1131 praemio
943 1032 1133 1114 invitatur,
1158 1028 1206 1102 ad

127 1168 184 1220 res
200 1145 423 1233 remotiores,
440 1155 479 1218 et
493 1169 586 1243 quas
602 1145 714 1219 densa
724 1145 842 1244 caligo
858 1152 970 1242 tegat,
987 1165 1206 1241 persequen-

128 1257 202 1343 das,
220 1256 337 1332 donec
366 1256 514 1330 tandem
532 1255 679 1344 multas,
707 1280 798 1355 quas
815 1254 959 1338 Natura
973 1254 1112 1328 visibus
1137 1253 1206 1327 hu-

126 1368 244 1441 manis
260 1369 429 1470 negabat,
446 1367 561 1443 oculis
577 1369 730 1443 demum
747 1366 902 1465 pectoris
919 1365 1071 1440 hauriat.

176 1502 399 1563 cccxuvur.
426 1481 552 1566 Porro,
577 1480 652 1554 sola
675 1479 882 1554 imitatione
898 1477 1017 1553 multa
1040 1477 1205 1565 facimus,

126 1590 246 1666 multa
261 1593 446 1668 discimus.
497 1591 673 1665 imitatur
701 1591 868 1665 nondum
894 1591 1059 1664 conscius
1084 1589 1204 1663 inlbns

124 1704 384 1803 quicquidvel
399 1703 501 1778 videt
527 1702 587 1776 vel
602 1700 729 1788 audit3
758 1713 796 1776 et
812 1703 869 1776 vir
885 1701 1045 1787 adultus,
1075 1711 1113 1776 et
1129 1725 1206 1775 suae

127 1817 279 1913 spontis,
303 1816 439 1891 inscius
468 1811 528 1887 vel
556 1813 705 1887 forsitan
730 1814 881 1902 invitus,
911 1823 1059 1887 tantum
1084 1812 1207 1887 adhuc

126 1927 304 2014 imitatur,
326 1936 371 2000 ut
387 1925 581 2000 hominum
598 1926 821 2024 quibuscum
838 1936 1004 1999 versatur
1020 1934 1206 2013 mores,·et

126 2038 303 2111 sermonis
320 2036 572 2136 prolationem,
588 2038 759 2135 quamvis
769 2060 865 2134 saepe
877 2035 1015 2123 nolens,
1031 2037 1205 2134 acquirat.

127 2145 291 2222 Omnem
318 2173 524 2223 sermonem
539 2148 659 2224 infans
676 2148 856 2224 imitando
872 2149 990 2235 discit,
1020 2148 1136 2235 aliter,
1160 2155 1205 2222 ut

127 2260 350 2358 quibusdam
384 2285 597 2360 persuasum
626 2271 682 2336 est
714 2260 951 2363 philosophis,
984 2273 1134 2336 mutum
1167 2267 1205 2333 et

127 2381 236 2469 turpe
252 2396 364 2470 pecus
381 2373 540 2448 futurus.

178 2507 357 2560 cccxnrx.
384 2486 490 2562 Huic
506 2485 783 2586 quodammodo
795 2483 913 2575 affinis
930 2492 995 2570 est,
1012 2483 1123 2558 altera
1135 2483 1206 2572 illa,

127 2596 265 2685 subita,
284 2610 323 2672 et
340 2599 593 2674 vehementior
617 2598 786 2684 imitatio,
812 2621 906 2695 quae,
931 2596 1128 2670 dementia
1152 2597 1206 2672 in·

127 2716 212 2794 star,
229 2731 304 2781 non
323 2708 486 2807 singulos
497 2720 645 2784 tantum
658 2709 834 2791 homines,
851 2705 914 2778 sed
928 2716 1024 2777 totos
1040 2707 1208 2804 populos,

126 2837 397 2946 nonnunquam
435 2820 567 2917 rapuit.
634 2816 720 2888 Hac
760 2825 937 2912 tanquam
977 2817 1208 2946 contagione,

126 2927 217 2999 varii
234 2928 348 3000 animi
378 2928 541 3012 affectus,
568 2926 700 3014 tristes,
725 2926 810 3012 laeti,
845 2925 1000 3013 ridiculi,
1024 2928 1071 3001 ab
1095 2931 1208 3008 unius

127 3037 236 3111 vultu
255 3063 320 3136 per
336 3039 506 3112 omnium
518 3047 664 3137 pectora
680 3030 880 3111 dimanant.
919 3039 1046 3113 Ardor
1057 3066 1210 3141 pugnae,

126 3157 166 3221 et
195 3151 300 3248 quasi
328 3161 426 3225 certa
452 3149 587 3225 fiducia
613 3149 786 3237 victoriae,
815 3149 861 3224 ab
885 3126 992 3225 alacri
1017 3152 1121 3229 ducis
1146 3158 1207 3230 cui

56 3352 57 3357 Ἰ
127 3261 322 3338 confidunt
338 3262 473 3338 milites
489 3262 610 3351 vultu,
628 3272 745 3338 totam
762 3263 876 3337 aciem
894 3264 993 3340 dicto
1010 3267 1118 3341 citius
1128 3292 1208 3366 per-

127 3372 231 3447 vadit
260 3385 300 3448 et
327 3375 446 3450 multa
474 3375 590 3450 millia
622 3384 812 3475 pectorum
846 3377 981 3476 pariter
1018 3380 1207 3457 accendit:

127 3483 242 3557 iidem
260 3510 348 3560 vero
364 3485 509 3573 milites
526 3489 678 3563 victoria
700 3489 780 3588 jam
797 3498 909 3588 parta,
934 3492 1045 3565 unius
1069 3491 1130 3565 vel
1154 3492 1208 3592 ig.

128 3596 208 3669 noti
225 3596 384 3673 bominis
401 3611 536 3674 terrore
549 3599 715 3701 perculsi,
733 3603 890 3700 turpiter
900 3613 1001 3702 terga
1013 3602 1208 3695 dederunt,

124 3707 230 3782 nullo
245 3711 358 3784 modo
373 3714 571 3788 coercendi.

175 3842 282 3907 ceper..
301 3822 404 3910 Quin
423 3834 462 3896 et
477 3824 718 3901 fanaticorum
731 3827 964 3924 quorundam
977 3829 1079 3903 furor
1095 3828 1208 3904 simili

124 3931 237 4006 modo
263 3932 462 4033 aliquando
487 3936 646 4012 diffusus
662 3949 743 4028 est;
781 3936 1021 4038 hominesque
1037 3965 1076 4013 se
1101 3964 1206 4016 sanos

123 4044 321 4134 credentes,
339 4048 406 4145 qui
434 4046 546 4122 talem
564 4050 740 4124 insaniam
758 4052 992 4149 tempsissent
1021 4063 1059 4126 et
1076 4053 1206 4128 irrisis·

124 4167 218 4246 sent,
243 4157 320 4233 solo
337 4159 420 4234 visu
446 4170 486 4234 et
511 4160 644 4241 auditu
672 4161 888 4255 furentium,
912 4164 983 4266 ipsi
1008 4165 1208 4242 dementiae

121 4268 208 4354 facti
225 4280 312 4351 sunt
328 4269 530 4375 participes
