2678 4794
96 328 185 383 car.
203 327 347 383 xxrur.
405 323 625 383 Maurorum
643 324 930 383 annonarum.
1102 312 1174 381 355

96 503 244 595 ciliare;
270 513 307 578 et
323 504 482 578 vicissim
498 504 665 581 animum
682 503 811 578 laetum
828 512 867 577 et
879 501 1029 577 hilarem
1042 500 1172 576 multia

95 618 254 715 corporis
280 616 529 690 functionibus
555 615 759 714 plurimum
788 615 918 702 favere,
947 614 1070 712 adque
1091 612 1172 711 ejus

94 727 301 827 generalem
326 729 491 827 vigorem
520 739 667 802 tantum
695 742 845 826 tamque
872 725 1063 800 manifeste
1088 749 1172 800 con-

93 839 236 927 ducere,
254 850 300 913 ut
316 841 458 939 optimo
468 839 554 938 jure
570 841 761 940 egregium
778 838 981 914 remedium
999 837 1169 911 mborans

91 948 281 1025 habeatur.

144 1085 240 1137 Μαι.
279 1063 384 1137 luter
420 1065 519 1138 varia
543 1073 669 1139 autern
697 1063 1002 1139 exercitationum
1026 1083 1171 1160 genera,

93 1174 237 1271 optima
253 1172 328 1247 sere
345 1187 432 1248 sunt
450 1176 669 1266 (dummodo
681 1201 811 1275 oorpus
828 1177 874 1250 ad
891 1201 932 1249 ea
944 1175 1075 1271 valeat)
1087 1197 1172 1270 quae

93 1287 258 1358 maxime
273 1286 456 1385 generalia
473 1298 569 1374 sunt,
587 1299 625 1363 et
641 1290 681 1362 in
699 1289 833 1387 quibus
846 1288 996 1386 plurimi
1012 1283 1174 1360 musculi

95 1407 321 1472 exercentur.
375 1399 434 1472 Sic
450 1400 616 1473 omnium
635 1400 947 1485 exercitationum,
971 1396 1173 1472 ambulatio

94 1515 137 1580 et
160 1509 318 1582 maxime
343 1509 517 1583 naturalis
542 1521 608 1598 est,
633 1523 671 1585 et
688 1512 782 1585 sanis
807 1510 1049 1597 saluberrima,
1066 1523 1115 1598 ct,
1131 1507 1173 1580 in

95 1617 317 1715 quibusdam
341 1622 488 1707 morbis,
512 1623 774 1721 aegrotantibus
807 1623 919 1696 etiam
945 1621 1044 1696 harad
1078 1617 1174 1693 male

93 1730 377 1840 accommodata
414 1732 606 1831 Plerisque
622 1759 709 1807 vero
725 1735 831 1834 aegris
849 1735 971 1806 minus
987 1730 1172 1814 convenit,

93 1864 181 1917 cum
198 1851 348 1942 propter
364 1867 467 1920 suam
485 1846 766 1934 vehementiam,
783 1871 868 1944 quae
880 1847 974 1920 vires
990 1840 1173 1918 musculo·

93 1978 179 2028 ruur
194 1955 276 2029 dtu
298 1956 470 2031 exhaurit
489 1981 694 2057 corpusque
721 1959 894 2045 infirmat,
922 1968 1004 2030 tum
1022 1976 1176 2055 quoque

93 2075 244 2164 propter
261 2067 444 2166 impetum
462 2071 662 2168 sanguinis,
676 2071 799 2144 crebra
815 2083 854 2144 et
864 2068 986 2144 valida
1002 2078 1061 2142 tot
1077 2088 1174 2140 mus·

93 2175 262 2254 ullorum
288 2181 534 2255 contractione
561 2183 836 2278 (ccccxxvru),
861 2183 971 2255 nimis
996 2191 1171 2263 auctum;

93 2289 196 2363 unde
212 2290 501 2378 incommodum,
518 2304 556 2367 et
569 2317 666 2390 saepe
677 2292 880 2390 periculum
895 2315 969 2365 non
983 2292 1074 2377 leve,
1087 2290 1174 2363 oriri

93 2405 217 2499 potest
232 2403 273 2476 in
288 2404 397 2478 variis
414 2405 558 2493 morbis,
583 2404 701 2479 veluti
729 2405 768 2477 in
787 2403 969 2502 plerisque
986 2401 1174 2501 sanguinis

93 2511 295 2610 profluviis,
320 2517 414 2589 etin
431 2517 602 2590 omnibus
625 2514 730 2589 malis
754 2515 792 2589 in
819 2515 954 2613 quibus
979 2512 1173 2611 pulmones

94 2622 270 2713 laborant,
294 2636 360 2702 aut
376 2629 574 2726 respiratio,
602 2650 825 2727 quacunque
840 2627 888 2699 de
912 2650 1029 2711 eausa,
1055 2625 1174 2716 (uxor,

95 2742 136 2809 et
153 2745 277 2836 seqq.),
294 2740 505 2838 impeditur.
555 2740 629 2813 Per
641 2737 930 2813 ambulationem
946 2737 1057 2822 enim,
1075 2735 1173 2810 simi-

94 2845 195 2922 lesve
211 2852 497 2939 exercitationes,
514 2850 598 2979 plus
610 2851 712 2924 brevi
730 2849 917 2947 sanguinis
929 2849 967 2922 in
980 2847 1173 2946 pulmones

94 2961 321 3059 congeritur
317 2988 427 3061 quam
442 2965 531 3051 hi,
504 2989 555 3038 ιιι
567 2962 748 3062 ιιιιριάιιι
760 2961 1005 3035 trausmrttere
1015 2968 1172 3058 queant·

95 3070 198 3145 unde
213 3074 289 3147 cito
304 3075 557 3162 anhelatio,
513 3076 715 3175 palpitatio,
734 3072 933 3161 suffocatio,
952 3077 1015 3148 &o

144 3203 260 3259 Mcvr.
287 3185 349 3260 Ob
373 3189 514 3262 easdem
541 3211 665 3263 causas
691 3188 804 3284 (mcv)
829 3208 956 3259 omnes
978 3184 1174 3260 vehemen·
1191 3261 1196 3273 ,

96 3293 205 3369 tiores
221 3299 380 3395 corporis
410 3300 697 3384 exercitationes,
726 3297 844 3371 veluti
860 3296 1083 3394 gladiatoria,
1108 3304 1174 3368 aut

95 3427 233 3494 cursus,
267 3422 333 3483 aut
368 3411 510 3486 saltatio
534 3410 706 3496 violenta,
742 3422 782 3485 et
813 3407 954 3494 similia,
983 3417 1175 3505 utcunque

95 3518 190 3591 sanis
207 3527 246 3592 et
263 3520 392 3596 validis
409 3522 642 3610 conveniant,
672 3522 820 3620 aegrotis
835 3545 915 3594 raro
944 3520 1175 3618 praescriben·

95 3627 140 3701 rla
164 3638 265 3719 sunt,
290 3642 329 3706 et
353 3635 419 3707 vix
444 3633 598 3729 quidem
623 3631 880 3730 permittenda,
917 3644 956 3705 et
980 3654 1174 3729 nunquam
1309 3669 1315 3683 ·

97 3738 173 3814 sine
190 3743 353 3816 maxima
378 3744 575 3843 prudentia
599 3752 637 3816 et
663 3743 996 3841 circumspectione,
1026 3752 1071 3816 ut
1086 3744 1175 3840 aegri

98 3848 138 3924 iis
153 3852 334 3950 paulatim
352 3866 576 3940 assuescant;
603 3880 678 3953 qua
702 3877 788 3928 sane
814 3877 911 3941 cura,
935 3853 1175 3928 infirmissimi

98 3958 294 4062 aliquando
319 3966 529 4042 athleticam
552 3967 631 4040 vim
658 3975 696 4040 et
724 3966 835 4039 robur
859 3966 1007 4041 sibimet
1031 3988 1174 4063 compa-

101 4082 233 4165 rarunt,
259 4086 297 4151 et
321 4078 369 4153 ad
393 4079 670 4158 exercitationes
694 4076 799 4152 facile
815 4076 1020 4162 valuemnt,
1048 4074 1180 4173 quales

369 4208 373 4217 '
591 4207 617 4265 Z
635 4200 658 4264 2
871 4227 873 4230 ’
