2678 4794
84 358 87 363 ¹
179 326 224 402 16
603 340 856 397 cousrscrus
1122 342 1210 400 cur.
1228 344 1253 398 r.

176 523 277 599 enim
307 519 448 619 corpori
475 518 564 592 vivo
589 517 814 617 principium
842 515 993 615 aliquod
1022 521 1254 608 mutationis,

176 632 296 710 simile
312 631 589 732 quodammodo
605 629 659 703 illi
682 631 786 729 quod
813 629 853 703 in
880 629 1000 705 herbis
1026 631 1253 720 observatur,

174 760 214 822 et
228 746 339 843 longe
354 743 516 818 alienum
534 769 555 816 a
571 752 704 816 natura
729 741 891 816 materiae
907 742 1129 831 inanimatae,
1154 768 1255 843 aegre

173 856 438 940 definiendum,
473 857 642 930 nondum
660 878 703 927 ea
719 879 794 952 qua
809 877 875 953 par
895 863 989 928 esset
1005 852 1197 954 diligentia
1214 868 1255 932 et

173 971 402 1045 accuratione
418 968 663 1068 exploratum,
692 966 806 1042 vitale
827 966 1049 1066 principium
1067 968 1168 1043 haud
1197 970 1254 1043 in·

172 1091 259 1180 epte
275 1081 555 1167 nominandum,
572 1080 633 1155 eui
650 1080 717 1154 vix
733 1080 859 1154 minus
875 1103 988 1177 quem
1005 1080 1120 1155 causis
1136 1081 1256 1181 vulgo

172 1192 371 1268 observatis
387 1193 593 1269 tribuendae
609 1201 700 1268 sunt
728 1190 899 1290 plurimae
914 1195 1149 1279 mutationes,
1175 1204 1253 1267 tam

171 1305 350 1381 morbosae
385 1331 501 1406 quam
539 1307 723 1392 salutares,
762 1329 848 1402 quae
884 1305 1026 1403 corpori
1061 1306 1251 1381 eveniunt.

171 1417 270 1494 Haec
294 1444 415 1518 quum
431 1421 483 1492 ita
501 1420 585 1506 sint,
610 1442 686 1492 non
714 1417 854 1490 mirum
879 1440 956 1492 esse
981 1416 1118 1515 poterit
1135 1416 1254 1492 multa

170 1531 401 1605 medicorum
420 1540 631 1605 commenta
659 1529 707 1603 de
735 1530 852 1603 causis
864 1527 1050 1628 prooeimis
1066 1529 1251 1604 variorum

169 1643 386 1717 morborum
402 1666 549 1742 prorsus
566 1639 687 1716 futilia
703 1665 791 1729 esse,
807 1651 846 1715 et
862 1664 938 1714 non
952 1642 1064 1717 modo
1072 1640 1170 1728 falsa,
1187 1643 1252 1715 sed

169 1752 263 1829 adeo
278 1756 428 1830 confusa
445 1765 483 1830 et
500 1753 662 1840 obscura,
689 1754 817 1828 utrix
834 1755 975 1853 possint
991 1753 1161 1854 intelligi,
1190 1776 1252 1827 ne·

168 1890 245 1963 que
259 1865 411 1942 fortasse
426 1865 473 1940 ab
489 1867 576 1965 ipsis
605 1889 735 1940 eorum
751 1866 963 1940 auctoribus
980 1889 1149 1965 unquam
1165 1867 1253 1940 satis

170 1977 360 2053 intellecta
375 1977 524 2052 fuerint.

218 2111 364 2164 xnvm.
392 2089 508 2164 Unde
523 2113 612 2163 vero
629 2088 758 2177 morbi,
785 2088 847 2162 vel
863 2090 1077 2164 morborum
1104 2095 1249 2166 musae?

120 2229 125 2239 ·
169 2199 281 2275 Certe
297 2202 344 2274 ab
372 2202 452 2300 ipsa
479 2201 662 2301 imprimis
683 2198 863 2276 maehinae
878 2200 1045 2275 animalis
1074 2203 1250 2277 constitu·

167 2313 279 2389 tione.
334 2315 390 2393 Ut
406 2317 549 2390 vitrum
575 2337 623 2389 ex
640 2314 787 2390 officina
802 2313 927 2412 prodit
953 2313 1092 2413 fragile,
1120 2315 1172 2388 sic
1187 2314 1250 2388 ho-

166 2426 287 2502 mines
303 2427 455 2517 debiles,
484 2429 623 2516 caduci,
652 2427 789 2504 morbis
806 2429 1019 2527 opportuni,
1036 2437 1249 2502 nascuntur.

168 2538 274 2615 Hinc
291 2541 402 2616 multi
419 2542 550 2630 morbi,
579 2566 688 2618 causa
702 2541 817 2617 modo
838 2541 1024 2615 excitante
1039 2539 1172 2613 idonea
1187 2539 1250 2612 ad-

167 2661 281 2738 mota,
298 2654 472 2727 omnibus
485 2677 712 2728 communes.
727 2647 729 2652 ’
763 2652 836 2725 Sed
849 2653 1001 2748 quidam
1019 2673 1095 2746 prae
1111 2651 1250 2723 caeteris

167 2760 335 2836 homines
352 2763 431 2836 aliis
447 2772 562 2859 atque
590 2762 669 2834 aliis
690 2758 906 2859 plectuntui
921 2758 1067 2832 morbis.
1101 2758 1249 2854 Hujus

167 2870 220 2943 rei
237 2873 331 2944 ratio
347 2870 556 2968 multiplex.

215 3001 332 3055 xnrx.
361 2981 420 3056 Ut
437 3004 546 3055 sanus
562 3003 687 3054 sanam
703 2978 856 3085 prolem,
874 2981 924 3054 sic
942 2980 1133 3055 morbosus
1151 3004 1247 3055 mor-

164 3091 290 3166 bosam
308 3093 442 3193 gignit.
494 3093 600 3167 Hine.
615 3093 735 3167 morbi
765 3092 985 3167 haereditarii
1014 3093 1053 3166 in
1072 3116 1167 3166 seros
1184 3118 1247 3167 ne·

164 3212 271 3302 potes
288 3204 487 3281 transituri.
538 3202 626 3308 Hoc
651 3203 765 3279 modo
794 3227 890 3304 saepe
914 3204 1048 3279 delicta
1063 3205 1246 3304 majorum

163 3316 343 3394 immeriti
367 3319 516 3394 luimus.
568 3318 665 3393 Sunt
692 3316 846 3416 quidam
876 3342 925 3392 ex
952 3316 1010 3393 his
1026 3319 1163 3393 morbis
1180 3321 1246 3418 qui

163 3428 284 3526 prima
299 3440 408 3506 aetnte
437 3455 514 3506 sese
542 3439 668 3530 aperte
695 3430 882 3529 produnt;
908 3420 996 3507 s'uut
1011 3432 1078 3531 qui
1095 3455 1245 3505 omnem

163 3550 311 3615 aetatem
328 3543 515 3617 invadunt
534 3543 691 3643 pariter;
716 3565 785 3617 uec
811 3544 947 3618 desunt
975 3545 1042 3643 qui
1071 3544 1118 3617 ad
1147 3568 1245 3619 sum-

162 3676 263 3729 mam
291 3679 411 3754 usque
440 3663 669 3731 senectutem
697 3652 833 3729 occulti
863 3653 1093 3742 delitescunt,
1123 3679 1247 3756 neque

163 3769 333 3866 suspecti,
361 3770 532 3866 viresque
560 3766 741 3867 paulatim
761 3767 872 3854 nacti,
901 3791 969 3841 suo
997 3768 1156 3866 quisque
1184 3771 1246 3841 de.

163 3903 269 3954 mum
286 3892 464 3979 tempore,
480 3881 631 3980 gravius
647 3888 861 3978 erumpunt.

212 4016 248 4068 L.
276 3992 374 4069 Sunt
397 3995 465 4092 qui
490 3993 683 4066 nobiscum
699 3998 903 4065 nascuntur
919 3990 1039 4064 morbi
1063 3987 1125 4063 vel
1141 3990 1245 4079 vitia,

78 4187 80 4193 ,
161 4130 284 4207 neque
300 4115 425 4181 tamen
451 4106 669 4202 congenita:
699 4126 845 4203 nempe,
875 4102 916 4188 si,
948 4103 1065 4175 donec
1081 4101 1120 4176 in
1138 4112 1246 4178 utero

161 4217 300 4310 lateret,
330 4231 447 4296 matre
462 4217 582 4293 forsan
599 4214 789 4297 incolumi.
817 4215 932 4294 foetus
949 4225 1098 4292 tanturn
1121 4240 1242 4293 acasn
