2678 4794
100 389 188 447 cae.
206 392 270 447 xo.
370 388 591 446 unorcnsm
609 387 897 448 ruuonnrrca.
1106 379 1175 448 551

98 572 270 670 quamvis
298 569 505 649 certissimis
535 569 648 668 signis
677 570 878 655 manifesta,
904 569 973 643 nisi
991 569 1170 645 resvelde

99 695 240 782 urgeat,
265 693 303 758 et
317 682 570 757 vehementior
595 682 728 780 aliquis
756 682 907 756 morbus
924 682 984 755 vel
994 682 1074 781 jam
1090 707 1171 756 eru·

99 797 206 893 perit,
230 795 291 870 vel
318 795 427 895 plane
459 794 641 868 duntaxat
668 796 790 882 instet,
816 791 933 869 veluti
962 794 1080 884 febris,
1105 805 1172 869 aut

100 908 288 1006 sanguinis
300 906 538 1005 profluvium,
549 917 614 979 aut
622 905 877 994 inflammatio,
886 916 952 980 aut
962 906 1173 1008 apopleniu,

97 1030 163 1092 aut
179 1019 356 1118 hystoria,
382 1027 448 1092 aut
465 1018 611 1091 morbus
628 1019 828 1108 comitialis,
849 1044 981 1118 parum
998 1021 1072 1094 fere
1088 1045 1173 1095 oon·

97 1133 203 1204 venit
219 1133 435 1231 sanguinem
454 1130 652 1204 detrahere.
702 1133 868 1206 Tametsi
880 1133 981 1206 enim
997 1133 1062 1206 tali
1078 1133 1172 1207 vitio

98 1245 299 1317 certissimo
315 1255 354 1318 et
369 1244 643 1343 promptissimo
654 1242 816 1317 remedio
833 1246 892 1332 sit,
916 1244 1028 1319 breve
1044 1245 1118 1319 fere
1133 1255 1173 1319 et

99 1357 374 1452 quodammodo
386 1379 517 1453 anceps
530 1356 711 1454 reperitur
722 1354 914 1442 auxilium,
925 1357 1060 1431 scilicet
1073 1358 1174 1455 quod

97 1491 229 1565 corpus
256 1467 346 1541 adeo
375 1468 512 1541 relaxat
541 1476 654 1566 atque
682 1466 855 1553 infirmat,
881 1477 920 1540 et
947 1471 1175 1544 excretiones

97 1579 189 1652 adeo
206 1579 362 1668 cohibet,
388 1589 433 1653 ut
447 1579 551 1653 brevi
567 1578 684 1675 major
711 1602 822 1675 quam
850 1588 957 1652 antea
986 1581 1174 1678 sanguinis

96 1690 332 1779 abundantia,
360 1704 398 1765 et
416 1691 478 1783 (ob
494 1691 652 1790 eorporis
669 1691 934 1790 conditionem)
951 1691 1026 1765 fere
1043 1716 1175 1766 noeen-

97 1802 179 1890 tior,
216 1803 340 1878 denuo
374 1816 600 1902 congeratur.
678 1802 925 1902 Quapropter,
962 1805 1177 1902 ubicunque

98 1923 245 2012 tempus
262 1915 382 2001 datur,
408 1915 486 1987 aliis
509 1913 663 1988 omnino
680 1916 797 1988 modis
816 1917 943 2015 (nxvr)
961 1915 1177 1990 lentioribus

97 2026 271 2123 profecto,
296 2023 361 2096 sed
377 2025 494 2121 magis
511 2026 617 2098 certis
633 2034 673 2097 et
688 2028 792 2114 tutis,
817 2027 972 2101 nimiam
989 2027 1178 2126 sanguinis

96 2135 361 2210 abundantiam
379 2133 506 2207 tollere
522 2143 635 2231 atque
651 2159 770 2209 arsere
787 2148 942 2234 oportet.

149 2269 379 2322 mnnxxxn.
405 2244 568 2318 Ratione
584 2269 735 2342 quoque
752 2248 837 2320 satis
854 2248 974 2334 simili,
993 2250 1032 2320 in
1051 2251 1178 2323 morbo
1304 2325 1308 2332 ,

97 2359 285 2445 comitiali,
310 2371 348 2431 et
365 2357 404 2429 in
421 2355 599 2455 dysteria,
624 2356 746 2430 multo
762 2358 878 2431 rarius
907 2361 1081 2432 convenit
1098 2383 1178 2434 san·
1296 2451 1299 2458 Ι

99 2473 252 2570 guinem
270 2471 418 2543 mittere
434 2493 548 2566 quarn
565 2469 736 2542 nonnulli
765 2469 898 2543 medici
924 2470 1072 2543 sibimet
1098 2494 1178 2568 per-

101 2583 301 2667 suaserint;
328 2581 496 2679 quamvis
506 2580 607 2653 enim
620 2581 771 2653 minime
784 2579 942 2655 dubium
960 2583 1007 2654 sit
1024 2582 1178 2656 nimiam

99 2695 289 2793 sanguinis
305 2682 581 2780 abundantiam,
606 2690 729 2789 aliqua
754 2690 879 2766 saltem
899 2716 946 2765 ex
964 2702 1077 2791 parte,
1103 2717 1181 2766 am-

101 2806 166 2880 bos
183 2808 270 2880 istos
287 2805 433 2880 morbos
450 2828 545 2904 saepe
561 2804 715 2893 efficere,
733 2815 771 2878 et
781 2806 969 2903 sanguinis
986 2806 1178 2879 detractio-

101 2942 189 2992 nem
207 2919 294 2993 huie
310 2919 404 2993 vitio
420 2919 545 2992 statim
565 2917 640 2990 fere
656 2917 819 2990 remedio
835 2918 934 3002 fore;
960 2928 1084 2991 tamen
1102 2943 1179 2992 eor·

99 3056 170 3130 pus
186 3031 305 3117 simul,
322 3029 371 3104 ob
386 3029 641 3103 infirmitatem
655 3038 694 3101 et
703 3029 962 3103 relaxationem
973 3054 1085 3127 quam
1099 3052 1178 3103 san·

100 3143 224 3240 guinis
235 3143 378 3240 jactura
394 3142 538 3217 efficere
554 3140 657 3229 solet,
682 3164 757 3214 non
775 3141 887 3214 modo
903 3141 950 3214 ad
978 3141 1179 3239 plenitudi-

101 3276 189 3326 nem
215 3256 435 3351 (nnnxxvr)
463 3254 565 3327 illam
589 3251 798 3352 proclivius,
823 3251 887 3325 sed
916 3252 1037 3325 multo
1065 3254 1178 3325 etiarn

102 3364 275 3438 mobilius
291 3362 366 3438 fiet.
418 3365 551 3462 Neque
575 3365 738 3462 profecto
762 3389 885 3438 rarum
912 3373 968 3436 est
995 3364 1179 3462 insignem

101 3477 261 3576 corporis
287 3475 540 3562 mobilitatem,
565 3485 604 3548 et
630 3477 784 3550 demum
811 3490 942 3551 veram
966 3474 1179 3573 hystericam,

102 3613 237 3688 magna
254 3597 319 3662 aut
335 3589 492 3687 repetita
509 3589 696 3687 sanguinis
711 3590 939 3662 detractione
955 3588 1092 3662 induci.

153 3723 388 3777 mnnxxxm.
400 3781 402 3784 ,
415 3699 519 3787 Quin
537 3709 577 3773 et
593 3700 631 3771 in
650 3699 776 3775 multis
792 3701 929 3779 morbis
955 3702 1020 3775 ubi
1043 3699 1181 3773 nimius

104 3814 293 3913 sanguinis
317 3814 480 3911 impetus
509 3821 548 3885 et
576 3812 734 3910 corporis
763 3811 859 3887 calor
884 3837 906 3885 a
931 3812 1042 3886 nimis
1071 3809 1181 3882 vehe-

103 3938 229 4000 mente
245 3927 364 4001 cordis
381 3936 419 4000 et
436 3923 649 3999 arteriarum
663 3924 806 3997 actione
822 3922 930 4011 fiunt,
949 3947 1022 3997 non
1039 3943 1182 4020 semper

102 4038 277 4111 convenit
305 4039 525 4137 sanguinem
551 4038 719 4121 mittere3
744 4036 920 4109 nimirum
949 4033 1034 4132 quia
1063 4041 1183 4107 status

104 4151 173 4222 iste
190 4173 286 4248 saepe
301 4175 387 4225 cum
405 4175 537 4251 magna
554 4149 770 4223 infirmitate
791 4147 1039 4245 conjungitur,
1065 4143 1126 4218 vel
1141 4144 1182 4215 in

103 4260 199 4336 banc
228 4262 355 4337 saltem
386 4264 490 4339 brevi
520 4262 666 4352 desinit,
690 4259 809 4337 veluti
837 4260 878 4336 in
905 4256 1066 4342 febribus
1092 4253 1184 4330 varii
