<?xml version="1.0" encoding="UTF-8"?>
<!DOCTYPE html PUBLIC "-//W3C//DTD XHTML 1.0 Transitional//EN"
    "http://www.w3.org/TR/xhtml1/DTD/xhtml1-transitional.dtd">
<html xmlns="http://www.w3.org/1999/xhtml" xml:lang="en" lang="en">
 <head>
  <title>
</title>
<meta http-equiv="Content-Type" content="text/html;charset=utf-8" />
  <meta name='ocr-system' content='tesseract 3.04.00' />
  <meta name='ocr-capabilities' content='ocr_page ocr_carea ocr_par ocr_line ocrx_word'/>
</head>
<body>
  <div class='ocr_page' id='page_1' title='image "./conspectusmedic01greggoog_0290.png"; bbox 0 0 2678 4794; ppageno 0'>
   <div class='ocr_carea' id='block_1_1' title="bbox 120 295 1205 371">
    <p class='ocr_par' dir='ltr' id='par_1_1' title="bbox 120 295 1205 371">
     <span class='ocr_line' id='line_1_1' title="bbox 120 295 1205 371; baseline 0.005 -11"><span class='ocrx_word' id='word_1_1' title='bbox 120 304 209 369; x_wconf 70' lang='lat' dir='ltr'>‚can</span> <span class='ocrx_word' id='word_1_2' title='bbox 227 304 316 357; x_wconf 77' lang='lat' dir='ltr'>xxr.</span> <span class='ocrx_word' id='word_1_3' title='bbox 416 299 638 356; x_wconf 70' lang='lat' dir='ltr'>Maurorum</span> <span class='ocrx_word' id='word_1_4' title='bbox 654 302 947 358; x_wconf 68' lang='lat' dir='ltr'>maonnrmrn.</span> <span class='ocrx_word' id='word_1_5' title='bbox 1134 295 1205 371; x_wconf 76' lang='lat'>239</span> 
     </span>
    </p>
   </div>
   <div class='ocr_carea' id='block_1_2' title="bbox 137 478 1313 4291">
    <p class='ocr_par' dir='ltr' id='par_1_2' title="bbox 139 478 1213 683">
     <span class='ocr_line' id='line_1_2' title="bbox 139 478 1210 582; baseline 0.003 -26"><span class='ocrx_word' id='word_1_6' title='bbox 139 492 245 582; x_wconf 88' lang='lat' dir='ltr'>parte</span> <span class='ocrx_word' id='word_1_7' title='bbox 260 481 385 580; x_wconf 86' lang='lat' dir='ltr'>capite,</span> <span class='ocrx_word' id='word_1_8' title='bbox 410 505 524 580; x_wconf 87' lang='lat' dir='ltr'>parvo</span> <span class='ocrx_word' id='word_1_9' title='bbox 540 503 698 580; x_wconf 89' lang='lat' dir='ltr'>corpore,</span> <span class='ocrx_word' id='word_1_10' title='bbox 722 478 834 554; x_wconf 91' lang='lat' dir='ltr'>nullis</span> <span class='ocrx_word' id='word_1_11' title='bbox 850 479 972 554; x_wconf 88' lang='lat' dir='ltr'>adhuc</span> <span class='ocrx_word' id='word_1_12' title='bbox 988 481 1140 558; x_wconf 87' lang='lat' dir='ltr'>artubus</span> <span class='ocrx_word' id='word_1_13' title='bbox 1155 486 1210 559; x_wconf 90' lang='lat' dir='ltr'>in-</span> 
     </span>
     <span class='ocr_line' id='line_1_3' title="bbox 140 592 1213 683; baseline 0.002 -14"><span class='ocrx_word' id='word_1_14' title='bbox 140 607 331 683; x_wconf 80' lang='lat' dir='ltr'>stmcturn,</span> <span class='ocrx_word' id='word_1_15' title='bbox 342 604 454 682; x_wconf 85' lang='lat' dir='ltr'>natat,</span> <span class='ocrx_word' id='word_1_16' title='bbox 462 594 717 668; x_wconf 86' lang='lat' dir='ltr'>mollissimum</span> <span class='ocrx_word' id='word_1_17' title='bbox 728 592 948 667; x_wconf 87' lang='lat' dir='ltr'>hactenuset</span> <span class='ocrx_word' id='word_1_18' title='bbox 958 594 1033 667; x_wconf 88' lang='lat' dir='ltr'>fere</span> <span class='ocrx_word' id='word_1_19' title='bbox 1042 594 1213 671; x_wconf 89' lang='lat' dir='ltr'>fluidum.</span> 
     </span>
    </p>

    <p class='ocr_par' dir='ltr' id='par_1_3' title="bbox 137 705 1219 1705">
     <span class='ocr_line' id='line_1_4' title="bbox 187 705 1217 782; baseline -0.001 0"><span class='ocrx_word' id='word_1_20' title='bbox 187 730 411 782; x_wconf 81' lang='lat' dir='ltr'>Dchxxxl.</span> <span class='ocrx_word' id='word_1_21' title='bbox 439 708 570 780; x_wconf 87' lang='lat' dir='ltr'>Semen</span> <span class='ocrx_word' id='word_1_22' title='bbox 592 705 837 780; x_wconf 82' lang='lat' dir='ltr'>masculinum</span> <span class='ocrx_word' id='word_1_23' title='bbox 863 705 910 778; x_wconf 86' lang='lat' dir='ltr'>ad</span> <span class='ocrx_word' id='word_1_24' title='bbox 935 707 1069 781; x_wconf 81' lang='lat' dir='ltr'>ovorio</span> <span class='ocrx_word' id='word_1_25' title='bbox 1095 707 1217 781; x_wconf 88' lang='lat' dir='ltr'>foemi-</span> 
     </span>
     <span class='ocr_line' id='line_1_5' title="bbox 137 816 1217 919; baseline -0.002 -25"><span class='ocrx_word' id='word_1_26' title='bbox 137 845 281 906; x_wconf 86' lang='lat' dir='ltr'>narum,</span> <span class='ocrx_word' id='word_1_27' title='bbox 310 844 377 919; x_wconf 91' lang='lat' dir='ltr'>per</span> <span class='ocrx_word' id='word_1_28' title='bbox 393 819 500 893; x_wconf 89' lang='lat' dir='ltr'>tubas</span> <span class='ocrx_word' id='word_1_29' title='bbox 528 816 778 917; x_wconf 80' lang='lat' dir='ltr'>Fullopiuaoa</span> <span class='ocrx_word' id='word_1_30' title='bbox 802 817 1078 916; x_wconf 88' lang='lat' dir='ltr'>quodammodo</span> <span class='ocrx_word' id='word_1_31' title='bbox 1108 843 1217 919; x_wconf 90' lang='lat' dir='ltr'>pene-</span> 
     </span>
     <span class='ocr_line' id='line_1_6' title="bbox 138 931 1217 1030; baseline 0.002 -25"><span class='ocrx_word' id='word_1_32' title='bbox 138 945 242 1020; x_wconf 88' lang='lat' dir='ltr'>trare,</span> <span class='ocrx_word' id='word_1_33' title='bbox 268 932 410 1030; x_wconf 90' lang='lat' dir='ltr'>aliquid</span> <span class='ocrx_word' id='word_1_34' title='bbox 437 933 483 1004; x_wconf 91' lang='lat' dir='ltr'>ad</span> <span class='ocrx_word' id='word_1_35' title='bbox 508 931 783 1029; x_wconf 86' lang='lat' dir='ltr'>generationem</span> <span class='ocrx_word' id='word_1_36' title='bbox 808 931 1051 1005; x_wconf 89' lang='lat' dir='ltr'>necessarium</span> <span class='ocrx_word' id='word_1_37' title='bbox 1068 954 1116 1006; x_wconf 89' lang='lat' dir='ltr'>ex</span> <span class='ocrx_word' id='word_1_38' title='bbox 1132 956 1217 1007; x_wconf 88' lang='lat' dir='ltr'>ouo·</span> 
     </span>
     <span class='ocr_line' id='line_1_7' title="bbox 138 1042 1217 1140; baseline -0.003 -20"><span class='ocrx_word' id='word_1_39' title='bbox 138 1046 206 1120; x_wconf 77' lang='lat' dir='ltr'>n&#39;is</span> <span class='ocrx_word' id='word_1_40' title='bbox 223 1045 393 1131; x_wconf 90' lang='lat' dir='ltr'>derivari,</span> <span class='ocrx_word' id='word_1_41' title='bbox 418 1054 456 1116; x_wconf 94' lang='lat' dir='ltr'>et</span> <span class='ocrx_word' id='word_1_42' title='bbox 472 1067 538 1140; x_wconf 88' lang='lat' dir='ltr'>per</span> <span class='ocrx_word' id='word_1_43' title='bbox 554 1042 698 1116; x_wconf 89' lang='lat' dir='ltr'>easdem</span> <span class='ocrx_word' id='word_1_44' title='bbox 716 1043 824 1116; x_wconf 85' lang='lat' dir='ltr'>tubas</span> <span class='ocrx_word' id='word_1_45' title='bbox 840 1043 1057 1117; x_wconf 79' lang='lat' dir='ltr'>descendere</span> <span class='ocrx_word' id='word_1_46' title='bbox 1073 1046 1119 1118; x_wconf 92' lang='lat' dir='ltr'>ad</span> <span class='ocrx_word' id='word_1_47' title='bbox 1137 1056 1217 1119; x_wconf 91' lang='lat' dir='ltr'>ute-</span> 
     </span>
     <span class='ocr_line' id='line_1_8' title="bbox 138 1154 1217 1256; baseline -0.001 -24"><span class='ocrx_word' id='word_1_48' title='bbox 138 1182 235 1245; x_wconf 88' lang='lat' dir='ltr'>mm,</span> <span class='ocrx_word' id='word_1_49' title='bbox 263 1157 397 1231; x_wconf 86' lang='lat' dir='ltr'>docent</span> <span class='ocrx_word' id='word_1_50' title='bbox 415 1155 582 1229; x_wconf 85' lang='lat' dir='ltr'>sterilitas</span> <span class='ocrx_word' id='word_1_51' title='bbox 598 1180 619 1228; x_wconf 89' lang='lat' dir='ltr'>a</span> <span class='ocrx_word' id='word_1_52' title='bbox 636 1154 813 1229; x_wconf 72' lang='lat' dir='ltr'>conclusis</span> <span class='ocrx_word' id='word_1_53' title='bbox 830 1156 941 1243; x_wconf 88' lang='lat' dir='ltr'>tubis,</span> <span class='ocrx_word' id='word_1_54' title='bbox 958 1181 1107 1256; x_wconf 88' lang='lat' dir='ltr'>corpora</span> <span class='ocrx_word' id='word_1_55' title='bbox 1119 1157 1217 1232; x_wconf 86' lang='lat' dir='ltr'>lutea</span> 
     </span>
     <span class='ocr_line' id='line_1_9' title="bbox 141 1266 1219 1368; baseline 0 -24"><span class='ocrx_word' id='word_1_56' title='bbox 141 1280 185 1344; x_wconf 94' lang='lat' dir='ltr'>ut</span> <span class='ocrx_word' id='word_1_57' title='bbox 196 1281 377 1344; x_wconf 86' lang='lat' dir='ltr'>vocantur</span> <span class='ocrx_word' id='word_1_58' title='bbox 393 1269 431 1340; x_wconf 92' lang='lat' dir='ltr'>in</span> <span class='ocrx_word' id='word_1_59' title='bbox 448 1266 589 1342; x_wconf 75' lang='lat' dir='ltr'>ovoriis</span> <span class='ocrx_word' id='word_1_60' title='bbox 607 1289 749 1364; x_wconf 89' lang='lat' dir='ltr'>semper</span> <span class='ocrx_word' id='word_1_61' title='bbox 765 1279 849 1365; x_wconf 92' lang='lat' dir='ltr'>post</span> <span class='ocrx_word' id='word_1_62' title='bbox 867 1280 1098 1368; x_wconf 89' lang='lat' dir='ltr'>conceptum,</span> <span class='ocrx_word' id='word_1_63' title='bbox 1124 1293 1219 1344; x_wconf 89' lang='lat' dir='ltr'>nun·</span> 
     </span>
     <span class='ocr_line' id='line_1_10' title="bbox 145 1377 1217 1480; baseline 0.003 -26"><span class='ocrx_word' id='word_1_64' title='bbox 145 1405 258 1480; x_wconf 90' lang='lat' dir='ltr'>quam</span> <span class='ocrx_word' id='word_1_65' title='bbox 274 1391 366 1467; x_wconf 87' lang='lat' dir='ltr'>ante,</span> <span class='ocrx_word' id='word_1_66' title='bbox 385 1389 537 1478; x_wconf 72' lang='lat' dir='ltr'>reperta,</span> <span class='ocrx_word' id='word_1_67' title='bbox 559 1377 745 1476; x_wconf 85' lang='lat' dir='ltr'>foetusque</span> <span class='ocrx_word' id='word_1_68' title='bbox 762 1378 926 1467; x_wconf 90' lang='lat' dir='ltr'>demum,</span> <span class='ocrx_word' id='word_1_69' title='bbox 943 1380 1004 1453; x_wconf 91' lang='lat' dir='ltr'>vel</span> <span class='ocrx_word' id='word_1_70' title='bbox 1020 1381 1059 1454; x_wconf 90' lang='lat' dir='ltr'>in</span> <span class='ocrx_word' id='word_1_71' title='bbox 1076 1384 1217 1471; x_wconf 86' lang='lat' dir='ltr'>ovariis,</span> 
     </span>
     <span class='ocr_line' id='line_1_11' title="bbox 147 1489 1217 1589; baseline 0.002 -22"><span class='ocrx_word' id='word_1_72' title='bbox 147 1492 207 1567; x_wconf 90' lang='lat' dir='ltr'>vel</span> <span class='ocrx_word' id='word_1_73' title='bbox 231 1493 271 1565; x_wconf 91' lang='lat' dir='ltr'>in</span> <span class='ocrx_word' id='word_1_74' title='bbox 300 1493 396 1566; x_wconf 90' lang='lat' dir='ltr'>tubis</span> <span class='ocrx_word' id='word_1_75' title='bbox 422 1491 611 1576; x_wconf 87' lang='lat' dir='ltr'>haerentes,</span> <span class='ocrx_word' id='word_1_76' title='bbox 636 1489 695 1563; x_wconf 87' lang='lat' dir='ltr'>vel</span> <span class='ocrx_word' id='word_1_77' title='bbox 721 1491 839 1589; x_wconf 89' lang='lat' dir='ltr'>ruptis</span> <span class='ocrx_word' id='word_1_78' title='bbox 865 1492 963 1566; x_wconf 90' lang='lat' dir='ltr'>tubis</span> <span class='ocrx_word' id='word_1_79' title='bbox 980 1494 1020 1565; x_wconf 91' lang='lat' dir='ltr'>in</span> <span class='ocrx_word' id='word_1_80' title='bbox 1037 1493 1217 1569; x_wconf 87' lang='lat' dir='ltr'>abdomen</span> 
     </span>
     <span class='ocr_line' id='line_1_12' title="bbox 147 1604 291 1705; baseline -0.007 -26"><span class='ocrx_word' id='word_1_81' title='bbox 147 1604 291 1705; x_wconf 85' lang='lat' dir='ltr'>delapsi.</span> 
     </span>
    </p>

    <p class='ocr_par' dir='ltr' id='par_1_4' title="bbox 144 1717 1313 4291">
     <span class='ocr_line' id='line_1_13' title="bbox 192 1717 1221 1818; baseline -0.004 -23"><span class='ocrx_word' id='word_1_82' title='bbox 192 1740 432 1794; x_wconf 75' lang='lat' dir='ltr'>ucorxxxrr.</span> <span class='ocrx_word' id='word_1_83' title='bbox 459 1717 667 1791; x_wconf 87' lang='lat' dir='ltr'>Primordia</span> <span class='ocrx_word' id='word_1_84' title='bbox 682 1717 771 1792; x_wconf 90' lang='lat' dir='ltr'>novi</span> <span class='ocrx_word' id='word_1_85' title='bbox 796 1717 963 1797; x_wconf 85' lang='lat' dir='ltr'>animalis</span> <span class='ocrx_word' id='word_1_86' title='bbox 988 1741 1035 1791; x_wconf 83' lang='lat' dir='ltr'>ex</span> <span class='ocrx_word' id='word_1_87' title='bbox 1061 1730 1221 1818; x_wconf 90' lang='lat' dir='ltr'>utroque</span> 
     </span>
     <span class='ocr_line' id='line_1_14' title="bbox 144 1829 1220 1930; baseline -0.001 -25"><span class='ocrx_word' id='word_1_88' title='bbox 144 1841 294 1930; x_wconf 78' lang='lat' dir='ltr'>parente</span> <span class='ocrx_word' id='word_1_89' title='bbox 310 1831 445 1930; x_wconf 88' lang='lat' dir='ltr'>pariter</span> <span class='ocrx_word' id='word_1_90' title='bbox 461 1830 626 1917; x_wconf 88' lang='lat' dir='ltr'>derivari,</span> <span class='ocrx_word' id='word_1_91' title='bbox 648 1830 776 1903; x_wconf 89' lang='lat' dir='ltr'>suadet</span> <span class='ocrx_word' id='word_1_92' title='bbox 793 1829 996 1904; x_wconf 85' lang='lat' dir='ltr'>similitudo</span> <span class='ocrx_word' id='word_1_93' title='bbox 1012 1842 1220 1930; x_wconf 89' lang='lat' dir='ltr'>parentum,</span> 
     </span>
     <span class='ocr_line' id='line_1_15' title="bbox 145 1942 1220 2040; baseline -0.003 -22"><span class='ocrx_word' id='word_1_94' title='bbox 145 1945 202 2018; x_wconf 90' lang='lat' dir='ltr'>vel</span> <span class='ocrx_word' id='word_1_95' title='bbox 219 1944 368 2018; x_wconf 86' lang='lat' dir='ltr'>alterius</span> <span class='ocrx_word' id='word_1_96' title='bbox 393 1954 549 2031; x_wconf 88' lang='lat' dir='ltr'>tautum,</span> <span class='ocrx_word' id='word_1_97' title='bbox 576 1942 635 2016; x_wconf 90' lang='lat' dir='ltr'>vel</span> <span class='ocrx_word' id='word_1_98' title='bbox 660 1944 853 2040; x_wconf 89' lang='lat' dir='ltr'>utriusque</span> <span class='ocrx_word' id='word_1_99' title='bbox 877 1943 1006 2030; x_wconf 87' lang='lat' dir='ltr'>mixta,</span> <span class='ocrx_word' id='word_1_100' title='bbox 1033 1944 1070 2015; x_wconf 94' lang='lat' dir='ltr'>in</span> <span class='ocrx_word' id='word_1_101' title='bbox 1099 1942 1220 2016; x_wconf 90' lang='lat' dir='ltr'>liberis</span> 
     </span>
     <span class='ocr_line' id='line_1_16' title="bbox 148 2055 1295 2154; baseline -0.002 -24"><span class='ocrx_word' id='word_1_102' title='bbox 148 2057 383 2131; x_wconf 85' lang='lat' dir='ltr'>reviviscens:</span> <span class='ocrx_word' id='word_1_103' title='bbox 410 2057 462 2128; x_wconf 88' lang='lat' dir='ltr'>ita</span> <span class='ocrx_word' id='word_1_104' title='bbox 479 2069 600 2130; x_wconf 88' lang='lat' dir='ltr'>tamen</span> <span class='ocrx_word' id='word_1_105' title='bbox 619 2066 662 2128; x_wconf 89' lang='lat' dir='ltr'>ut</span> <span class='ocrx_word' id='word_1_106' title='bbox 678 2055 886 2144; x_wconf 89' lang='lat' dir='ltr'>liberorum,</span> <span class='ocrx_word' id='word_1_107' title='bbox 908 2058 974 2154; x_wconf 94' lang='lat' dir='ltr'>qui</span> <span class='ocrx_word' id='word_1_108' title='bbox 992 2058 1150 2132; x_wconf 89' lang='lat' dir='ltr'>mixtam</span> <span class='ocrx_word' id='word_1_109' title='bbox 1176 2058 1221 2129; x_wconf 91' lang='lat' dir='ltr'>si·</span> <span class='ocrx_word' id='word_1_110' title='bbox 1290 2066 1295 2077; x_wconf 88' lang='lat'><em>&#39;</em></span> 
     </span>
     <span class='ocr_line' id='line_1_17' title="bbox 147 2167 1220 2268; baseline -0.002 -26"><span class='ocrx_word' id='word_1_111' title='bbox 147 2167 396 2243; x_wconf 89' lang='lat' dir='ltr'>militudinem</span> <span class='ocrx_word' id='word_1_112' title='bbox 414 2168 561 2256; x_wconf 90' lang='lat' dir='ltr'>habent,</span> <span class='ocrx_word' id='word_1_113' title='bbox 578 2168 638 2241; x_wconf 85' lang='lat' dir='ltr'>alii</span> <span class='ocrx_word' id='word_1_114' title='bbox 649 2168 695 2240; x_wconf 86' lang='lat' dir='ltr'>ad</span> <span class='ocrx_word' id='word_1_115' title='bbox 712 2178 863 2264; x_wconf 89' lang='lat' dir='ltr'>patrem,</span> <span class='ocrx_word' id='word_1_116' title='bbox 881 2169 941 2241; x_wconf 86' lang='lat' dir='ltr'>alii</span> <span class='ocrx_word' id='word_1_117' title='bbox 954 2171 1071 2268; x_wconf 85' lang='lat' dir='ltr'>magis</span> <span class='ocrx_word' id='word_1_118' title='bbox 1084 2169 1130 2242; x_wconf 88' lang='lat' dir='ltr'>ad</span> <span class='ocrx_word' id='word_1_119' title='bbox 1149 2193 1220 2240; x_wconf 88' lang='lat' dir='ltr'>rna-</span> 
     </span>
     <span class='ocr_line' id='line_1_18' title="bbox 147 2280 1221 2378; baseline -0.002 -24"><span class='ocrx_word' id='word_1_120' title='bbox 147 2288 251 2370; x_wconf 88' lang='lat' dir='ltr'>trem‚</span> <span class='ocrx_word' id='word_1_121' title='bbox 276 2281 478 2365; x_wconf 90' lang='lat' dir='ltr'>inclinent;</span> <span class='ocrx_word' id='word_1_122' title='bbox 513 2290 551 2354; x_wconf 92' lang='lat' dir='ltr'>et</span> <span class='ocrx_word' id='word_1_123' title='bbox 575 2281 792 2354; x_wconf 90' lang='lat' dir='ltr'>constitutio</span> <span class='ocrx_word' id='word_1_124' title='bbox 817 2280 1008 2378; x_wconf 88' lang='lat' dir='ltr'>singularis</span> <span class='ocrx_word' id='word_1_125' title='bbox 1033 2282 1145 2378; x_wconf 90' lang='lat' dir='ltr'>patris</span> <span class='ocrx_word' id='word_1_126' title='bbox 1162 2281 1221 2353; x_wconf 93' lang='lat' dir='ltr'>vel</span> 
     </span>
     <span class='ocr_line' id='line_1_19' title="bbox 148 2390 1222 2492; baseline -0.004 -23"><span class='ocrx_word' id='word_1_127' title='bbox 148 2417 235 2492; x_wconf 89' lang='lat' dir='ltr'>pura</span> <span class='ocrx_word' id='word_1_128' title='bbox 252 2405 461 2468; x_wconf 88' lang='lat' dir='ltr'>renascatur</span> <span class='ocrx_word' id='word_1_129' title='bbox 477 2393 515 2464; x_wconf 93' lang='lat' dir='ltr'>in</span> <span class='ocrx_word' id='word_1_130' title='bbox 533 2392 619 2478; x_wconf 87' lang='lat' dir='ltr'>filio,</span> <span class='ocrx_word' id='word_1_131' title='bbox 645 2390 705 2463; x_wconf 92' lang='lat' dir='ltr'>vel</span> <span class='ocrx_word' id='word_1_132' title='bbox 722 2392 840 2464; x_wconf 88' lang='lat' dir='ltr'>mixta</span> <span class='ocrx_word' id='word_1_133' title='bbox 860 2403 1081 2478; x_wconf 75' lang='lat' dir='ltr'>et-correcta</span> <span class='ocrx_word' id='word_1_134' title='bbox 1107 2404 1145 2463; x_wconf 89' lang='lat' dir='ltr'>et</span> <span class='ocrx_word' id='word_1_135' title='bbox 1171 2395 1222 2465; x_wconf 90' lang='lat' dir='ltr'>sic</span> 
     </span>
     <span class='ocr_line' id='line_1_20' title="bbox 147 2504 1223 2606; baseline -0.007 -25"><span class='ocrx_word' id='word_1_136' title='bbox 147 2507 354 2606; x_wconf 87' lang='lat' dir='ltr'>proclivitas</span> <span class='ocrx_word' id='word_1_137' title='bbox 371 2507 416 2578; x_wconf 89' lang='lat' dir='ltr'>ad</span> <span class='ocrx_word' id='word_1_138' title='bbox 434 2504 571 2578; x_wconf 87' lang='lat' dir='ltr'>multos</span> <span class='ocrx_word' id='word_1_139' title='bbox 588 2504 733 2576; x_wconf 90' lang='lat' dir='ltr'>morbos</span> <span class='ocrx_word' id='word_1_140' title='bbox 763 2504 1010 2602; x_wconf 90' lang='lat' dir='ltr'>suscipiendos</span> <span class='ocrx_word' id='word_1_141' title='bbox 1027 2529 1048 2575; x_wconf 89' lang='lat' dir='ltr'>a</span> <span class='ocrx_word' id='word_1_142' title='bbox 1065 2504 1223 2600; x_wconf 87' lang='lat' dir='ltr'>parenti-</span> 
     </span>
     <span class='ocr_line' id='line_1_21' title="bbox 148 2603 1223 2716; baseline -0.007 -23"><span class='ocrx_word' id='word_1_143' title='bbox 148 2618 213 2695; x_wconf 92' lang='lat' dir='ltr'>bus</span> <span class='ocrx_word' id='word_1_144' title='bbox 237 2622 277 2694; x_wconf 89' lang='lat' dir='ltr'>in</span> <span class='ocrx_word' id='word_1_145' title='bbox 305 2617 445 2716; x_wconf 92' lang='lat' dir='ltr'>prolem</span> <span class='ocrx_word' id='word_1_146' title='bbox 471 2625 640 2703; x_wconf 85' lang='lat' dir='ltr'>transeat,</span> <span class='ocrx_word' id='word_1_147' title='bbox 665 2603 981 2712; x_wconf 40' lang='lat' dir='ltr'>aliquando&#39;nihil</span> <span class='ocrx_word' id='word_1_148' title='bbox 1014 2615 1223 2701; x_wconf 88' lang='lat' dir='ltr'>imminuta,</span> 
     </span>
     <span class='ocr_line' id='line_1_22' title="bbox 149 2727 1225 2829; baseline -0.007 -23"><span class='ocrx_word' id='word_1_149' title='bbox 149 2732 263 2808; x_wconf 90' lang='lat' dir='ltr'>immo</span> <span class='ocrx_word' id='word_1_150' title='bbox 280 2731 399 2806; x_wconf 85' lang='lat' dir='ltr'>forsan</span> <span class='ocrx_word' id='word_1_151' title='bbox 416 2731 563 2829; x_wconf 87' lang='lat' dir='ltr'>gravior</span> <span class='ocrx_word' id='word_1_152' title='bbox 577 2730 681 2815; x_wconf 89' lang='lat' dir='ltr'>sacta,</span> <span class='ocrx_word' id='word_1_153' title='bbox 699 2753 793 2827; x_wconf 88' lang='lat' dir='ltr'>saepe</span> <span class='ocrx_word' id='word_1_154' title='bbox 806 2753 893 2801; x_wconf 90' lang='lat' dir='ltr'>vero</span> <span class='ocrx_word' id='word_1_155' title='bbox 907 2728 1030 2801; x_wconf 90' lang='lat' dir='ltr'>mitior</span> <span class='ocrx_word' id='word_1_156' title='bbox 1045 2740 1083 2800; x_wconf 90' lang='lat' dir='ltr'>et</span> <span class='ocrx_word' id='word_1_157' title='bbox 1100 2727 1225 2812; x_wconf 88' lang='lat' dir='ltr'>levior,</span> 
     </span>
     <span class='ocr_line' id='line_1_23' title="bbox 150 2839 1225 2945; baseline -0.009 -25"><span class='ocrx_word' id='word_1_158' title='bbox 150 2856 185 2921; x_wconf 83' lang='lat' dir='ltr'>et</span> <span class='ocrx_word' id='word_1_159' title='bbox 198 2844 380 2945; x_wconf 88' lang='lat' dir='ltr'>paulatim</span> <span class='ocrx_word' id='word_1_160' title='bbox 405 2843 570 2931; x_wconf 91' lang='lat' dir='ltr'>delenda,</span> <span class='ocrx_word' id='word_1_161' title='bbox 596 2844 625 2917; x_wconf 92' lang='lat' dir='ltr'>si</span> <span class='ocrx_word' id='word_1_162' title='bbox 651 2851 754 2915; x_wconf 85' lang='lat' dir='ltr'>tanta</span> <span class='ocrx_word' id='word_1_163' title='bbox 778 2842 973 2915; x_wconf 88' lang='lat' dir='ltr'>hominum</span> <span class='ocrx_word' id='word_1_164' title='bbox 999 2839 1225 2940; x_wconf 87' lang='lat' dir='ltr'>generationi</span> 
     </span>
     <span class='ocr_line' id='line_1_24' title="bbox 151 2953 1226 3057; baseline -0.005 -28"><span class='ocrx_word' id='word_1_165' title='bbox 151 2957 425 3057; x_wconf 79' lang='lat' dir='ltr'>impenderetur</span> <span class='ocrx_word' id='word_1_166' title='bbox 436 2980 532 3043; x_wconf 82' lang='lat' dir='ltr'>cura,</span> <span class='ocrx_word' id='word_1_167' title='bbox 545 2964 685 3054; x_wconf 85' lang='lat' dir='ltr'>quanta</span> <span class='ocrx_word' id='word_1_168' title='bbox 696 2956 811 3054; x_wconf 89' lang='lat' dir='ltr'>equis,</span> <span class='ocrx_word' id='word_1_169' title='bbox 829 2965 868 3027; x_wconf 89' lang='lat' dir='ltr'>et</span> <span class='ocrx_word' id='word_1_170' title='bbox 878 2953 1058 3052; x_wconf 91' lang='lat' dir='ltr'>juvencis,</span> <span class='ocrx_word' id='word_1_171' title='bbox 1076 2963 1114 3026; x_wconf 89' lang='lat' dir='ltr'>et</span> <span class='ocrx_word' id='word_1_172' title='bbox 1127 2963 1226 3025; x_wconf 83' lang='lat' dir='ltr'>catu-</span> 
     </span>
     <span class='ocr_line' id='line_1_25' title="bbox 152 3060 1223 3168; baseline -0.004 -27"><span class='ocrx_word' id='word_1_173' title='bbox 152 3066 193 3143; x_wconf 92' lang='lat' dir='ltr'>lis</span> <span class='ocrx_word' id='word_1_174' title='bbox 207 3060 452 3168; x_wconf 88' lang='lat' dir='ltr'>propagandis</span> <span class='ocrx_word' id='word_1_175' title='bbox 479 3068 596 3143; x_wconf 89' lang='lat' dir='ltr'>datur.</span> <span class='ocrx_word' id='word_1_176' title='bbox 648 3067 817 3141; x_wconf 86' lang='lat' dir='ltr'>Maxima</span> <span class='ocrx_word' id='word_1_177' title='bbox 833 3068 972 3166; x_wconf 89' lang='lat' dir='ltr'>quaein</span> <span class='ocrx_word' id='word_1_178' title='bbox 998 3090 1131 3164; x_wconf 79' lang='lat' dir='ltr'>genere</span> <span class='ocrx_word' id='word_1_179' title='bbox 1156 3065 1223 3138; x_wconf 91' lang='lat' dir='ltr'>hu-</span> 
     </span>
     <span class='ocr_line' id='line_1_26' title="bbox 154 3179 1227 3275; baseline -0.003 -23"><span class='ocrx_word' id='word_1_180' title='bbox 154 3201 262 3255; x_wconf 91' lang='lat' dir='ltr'>mano</span> <span class='ocrx_word' id='word_1_181' title='bbox 277 3182 490 3255; x_wconf 88' lang='lat' dir='ltr'>observatur</span> <span class='ocrx_word' id='word_1_182' title='bbox 505 3182 669 3267; x_wconf 88' lang='lat' dir='ltr'>varietas,</span> <span class='ocrx_word' id='word_1_183' title='bbox 695 3180 831 3254; x_wconf 89' lang='lat' dir='ltr'>scilicet</span> <span class='ocrx_word' id='word_1_184' title='bbox 855 3181 951 3254; x_wconf 91' lang='lat' dir='ltr'>inter</span> <span class='ocrx_word' id='word_1_185' title='bbox 976 3179 1166 3275; x_wconf 83' lang='lat' dir='ltr'>AEthiopes</span> <span class='ocrx_word' id='word_1_186' title='bbox 1189 3189 1227 3249; x_wconf 86' lang='lat' dir='ltr'>et</span> 
     </span>
     <span class='ocr_line' id='line_1_27' title="bbox 155 3288 1313 3393; baseline -0.006 -28"><span class='ocrx_word' id='word_1_187' title='bbox 155 3289 362 3392; x_wconf 83' lang='lat' dir='ltr'>Europaeos,</span> <span class='ocrx_word' id='word_1_188' title='bbox 385 3304 469 3393; x_wconf 92' lang='lat' dir='ltr'>post</span> <span class='ocrx_word' id='word_1_189' title='bbox 485 3293 626 3391; x_wconf 89' lang='lat' dir='ltr'>aliquot</span> <span class='ocrx_word' id='word_1_190' title='bbox 642 3293 906 3391; x_wconf 85' lang='lat' dir='ltr'>generationes,</span> <span class='ocrx_word' id='word_1_191' title='bbox 924 3302 1084 3388; x_wconf 85' lang='lat' dir='ltr'>quatuor</span> <span class='ocrx_word' id='word_1_192' title='bbox 1101 3301 1144 3361; x_wconf 91' lang='lat' dir='ltr'>ut</span> <span class='ocrx_word' id='word_1_193' title='bbox 1160 3288 1228 3359; x_wconf 86' lang='lat' dir='ltr'>ser·</span> <span class='ocrx_word' id='word_1_194' title='bbox 1308 3293 1313 3303; x_wconf 79' lang='grc'><strong>“</strong></span> 
     </span>
     <span class='ocr_line' id='line_1_28' title="bbox 154 3404 1229 3502; baseline -0.004 -27"><span class='ocrx_word' id='word_1_195' title='bbox 154 3414 224 3490; x_wconf 90' lang='lat' dir='ltr'>tur,</span> <span class='ocrx_word' id='word_1_196' title='bbox 253 3404 396 3478; x_wconf 89' lang='lat' dir='ltr'>deletur</span> <span class='ocrx_word' id='word_1_197' title='bbox 424 3406 584 3502; x_wconf 74' lang='lat' dir='ltr'>penitus</span> <span class='ocrx_word' id='word_1_198' title='bbox 615 3416 652 3476; x_wconf 91' lang='lat' dir='ltr'>et</span> <span class='ocrx_word' id='word_1_199' title='bbox 675 3405 868 3490; x_wconf 88' lang='lat' dir='ltr'>evanescit,</span> <span class='ocrx_word' id='word_1_200' title='bbox 899 3426 966 3475; x_wconf 89' lang='lat' dir='ltr'>nec</span> <span class='ocrx_word' id='word_1_201' title='bbox 993 3424 1157 3497; x_wconf 84' lang='lat' dir='ltr'>unquam</span> <span class='ocrx_word' id='word_1_202' title='bbox 1176 3424 1229 3472; x_wconf 84' lang='lat' dir='ltr'>rc·</span> 
     </span>
     <span class='ocr_line' id='line_1_29' title="bbox 153 3513 1231 3614; baseline -0.004 -26"><span class='ocrx_word' id='word_1_203' title='bbox 153 3517 321 3604; x_wconf 84' lang='lat' dir='ltr'>nascitur,</span> <span class='ocrx_word' id='word_1_204' title='bbox 348 3519 378 3591; x_wconf 93' lang='lat' dir='ltr'>si</span> <span class='ocrx_word' id='word_1_205' title='bbox 394 3519 513 3590; x_wconf 87' lang='lat' dir='ltr'>mixta</span> <span class='ocrx_word' id='word_1_206' title='bbox 530 3516 648 3614; x_wconf 90' lang='lat' dir='ltr'>proles</span> <span class='ocrx_word' id='word_1_207' title='bbox 665 3540 749 3589; x_wconf 92' lang='lat' dir='ltr'>cum</span> <span class='ocrx_word' id='word_1_208' title='bbox 777 3513 891 3588; x_wconf 87' lang='lat' dir='ltr'>altero</span> <span class='ocrx_word' id='word_1_209' title='bbox 923 3523 1068 3588; x_wconf 88' lang='lat' dir='ltr'>tantum</span> <span class='ocrx_word' id='word_1_210' title='bbox 1097 3536 1231 3610; x_wconf 83' lang='lat' dir='ltr'>genero</span> 
     </span>
     <span class='ocr_line' id='line_1_30' title="bbox 152 3624 1230 3728; baseline -0.006 -25"><span class='ocrx_word' id='word_1_211' title='bbox 152 3631 298 3728; x_wconf 87' lang='lat' dir='ltr'>nuptias</span> <span class='ocrx_word' id='word_1_212' title='bbox 314 3629 494 3703; x_wconf 91' lang='lat' dir='ltr'>habuerit.</span> <span class='ocrx_word' id='word_1_213' title='bbox 546 3627 723 3701; x_wconf 86' lang='lat' dir='ltr'>Plurimae</span> <span class='ocrx_word' id='word_1_214' title='bbox 739 3637 865 3700; x_wconf 86' lang='lat' dir='ltr'>autem</span> <span class='ocrx_word' id='word_1_215' title='bbox 883 3626 1088 3712; x_wconf 85' lang='lat' dir='ltr'>varietates,</span> <span class='ocrx_word' id='word_1_216' title='bbox 1110 3624 1230 3697; x_wconf 91' lang='lat' dir='ltr'>multo</span> 
     </span>
     <span class='ocr_line' id='line_1_31' title="bbox 153 3739 1230 3840; baseline -0.008 -26"><span class='ocrx_word' id='word_1_217' title='bbox 153 3743 274 3816; x_wconf 91' lang='lat' dir='ltr'>minus</span> <span class='ocrx_word' id='word_1_218' title='bbox 291 3743 481 3828; x_wconf 86' lang='lat' dir='ltr'>notabiles,</span> <span class='ocrx_word' id='word_1_219' title='bbox 504 3741 809 3840; x_wconf 80' lang='lat' dir='ltr'>Tenrperooreotu</span> <span class='ocrx_word' id='word_1_220' title='bbox 828 3748 871 3811; x_wconf 90' lang='lat' dir='ltr'>ut</span> <span class='ocrx_word' id='word_1_221' title='bbox 887 3739 1073 3823; x_wconf 89' lang='lat' dir='ltr'>dicuntur,</span> <span class='ocrx_word' id='word_1_222' title='bbox 1092 3747 1230 3809; x_wconf 85' lang='lat' dir='ltr'>statura</span> 
     </span>
     <span class='ocr_line' id='line_1_32' title="bbox 155 3849 1230 3952; baseline -0.007 -25"><span class='ocrx_word' id='word_1_223' title='bbox 155 3862 188 3926; x_wconf 85' lang='lat' dir='ltr'>et</span> <span class='ocrx_word' id='word_1_224' title='bbox 203 3855 320 3927; x_wconf 85' lang='lat' dir='ltr'>forma</span> <span class='ocrx_word' id='word_1_225' title='bbox 347 3855 515 3952; x_wconf 88' lang='lat' dir='ltr'>corporis,</span> <span class='ocrx_word' id='word_1_226' title='bbox 544 3852 764 3925; x_wconf 89' lang='lat' dir='ltr'>lineamenta</span> <span class='ocrx_word' id='word_1_227' title='bbox 781 3849 919 3936; x_wconf 89' lang='lat' dir='ltr'>vultus,</span> <span class='ocrx_word' id='word_1_228' title='bbox 945 3849 1042 3922; x_wconf 89' lang='lat' dir='ltr'>color</span> <span class='ocrx_word' id='word_1_229' title='bbox 1066 3850 1148 3935; x_wconf 86' lang='lat' dir='ltr'>oris,</span> <span class='ocrx_word' id='word_1_230' title='bbox 1173 3871 1230 3919; x_wconf 86' lang='lat' dir='ltr'>ca-</span> 
     </span>
     <span class='ocr_line' id='line_1_33' title="bbox 155 3957 1230 4074; baseline -0.007 -38"><span class='ocrx_word' id='word_1_231' title='bbox 155 3964 334 4061; x_wconf 88' lang='lat' dir='ltr'>pillorum,</span> <span class='ocrx_word' id='word_1_232' title='bbox 351 3965 554 4074; x_wconf 71' lang='lat' dir='ltr'>oculorum,</span> <span class='ocrx_word' id='word_1_233' title='bbox 571 3966 609 4038; x_wconf 91' lang='lat' dir='ltr'>in</span> <span class='ocrx_word' id='word_1_234' title='bbox 623 3975 735 4063; x_wconf 83' lang='lat' dir='ltr'>gente</span> <span class='ocrx_word' id='word_1_235' title='bbox 747 3964 909 4036; x_wconf 88' lang='lat' dir='ltr'>humana</span> <span class='ocrx_word' id='word_1_236' title='bbox 923 3964 1120 4035; x_wconf 88' lang='lat' dir='ltr'>miscentur</span> <span class='ocrx_word' id='word_1_237' title='bbox 1134 3957 1230 4031; x_wconf 88' lang='lat' dir='ltr'>facil-</span> 
     </span>
     <span class='ocr_line' id='line_1_34' title="bbox 157 4072 1229 4175; baseline 0 -28"><span class='ocrx_word' id='word_1_238' title='bbox 157 4072 248 4164; x_wconf 89' lang='lat' dir='ltr'>lime,</span> <span class='ocrx_word' id='word_1_239' title='bbox 266 4088 306 4151; x_wconf 90' lang='lat' dir='ltr'>et</span> <span class='ocrx_word' id='word_1_240' title='bbox 323 4102 417 4175; x_wconf 85' lang='lat' dir='ltr'>saepe</span> <span class='ocrx_word' id='word_1_241' title='bbox 435 4078 500 4151; x_wconf 94' lang='lat' dir='ltr'>diu</span> <span class='ocrx_word' id='word_1_242' title='bbox 517 4077 653 4151; x_wconf 84' lang='lat' dir='ltr'>latent:</span> <span class='ocrx_word' id='word_1_243' title='bbox 681 4075 744 4149; x_wconf 91' lang='lat' dir='ltr'>sed</span> <span class='ocrx_word' id='word_1_244' title='bbox 757 4075 886 4173; x_wconf 89' lang='lat' dir='ltr'>vigent</span> <span class='ocrx_word' id='word_1_245' title='bbox 904 4074 1077 4171; x_wconf 88' lang='lat' dir='ltr'>usquein</span> <span class='ocrx_word' id='word_1_246' title='bbox 1096 4073 1229 4166; x_wconf 83' lang='lat' dir='ltr'>stirpe:</span> 
     </span>
     <span class='ocr_line' id='line_1_35' title="bbox 158 4186 1231 4291; baseline -0.011 -31"><span class='ocrx_word' id='word_1_247' title='bbox 158 4207 347 4289; x_wconf 89' lang='lat' dir='ltr'>nunquam</span> <span class='ocrx_word' id='word_1_248' title='bbox 376 4192 524 4291; x_wconf 89' lang='lat' dir='ltr'>penitus</span> <span class='ocrx_word' id='word_1_249' title='bbox 553 4187 727 4264; x_wconf 85' lang='lat' dir='ltr'>delendae.</span> <span class='ocrx_word' id='word_1_250' title='bbox 791 4189 946 4264; x_wconf 82' lang='lat' dir='ltr'>Summo</span> <span class='ocrx_word' id='word_1_251' title='bbox 976 4186 1075 4259; x_wconf 92' lang='lat' dir='ltr'>enim</span> <span class='ocrx_word' id='word_1_252' title='bbox 1109 4202 1231 4276; x_wconf 81' lang='lat' dir='ltr'>nequo</span> 
     </span>
    </p>
   </div>
   <div class='ocr_carea' id='block_1_3' title="bbox 0 0 1371 4794">
    <p class='ocr_par' dir='ltr' id='par_1_5' title="bbox 0 0 1371 4794">
     <span class='ocr_line' id='line_1_36' title="bbox 0 0 1371 4794; baseline 0 0"><span class='ocrx_word' id='word_1_253' title='bbox 0 0 1371 4794; x_wconf 95' lang='lat' dir='ltr'> </span> 
     </span>
    </p>
   </div>
  </div>
 </body>
</html>
