2678 4794
74 398 162 454 aas.
178 398 320 454 xxxrv.
376 397 597 457 aramenus
615 400 905 460 rnnonnrrca.
1080 389 1151 463 475

74 580 177 655 tione
192 578 313 655 efficit
364 579 468 668 Quin
481 589 520 655 et
529 579 655 655 omnia
671 580 746 656 fere
763 580 969 668 cathartica,
986 579 1018 655 si
1034 578 1151 654 nimia

28 757 43 771 ,
73 695 178 792 copia
194 692 279 767 data
302 691 451 781 fuerint,
477 694 664 768 vomitum
693 717 844 768 movere
870 693 999 780 solent,
1024 693 1078 767 ita
1106 701 1151 768 ut

73 806 235 905 quodam
260 829 368 881 sensu
386 805 583 880 vomitorio
606 805 680 880 dici
706 814 864 905 possent
917 805 1022 879 Hinc
1048 804 1152 880 facile

73 918 264 1006 constabit.
275 919 372 994 vires
384 917 599 1016 hujusmodi
609 918 963 994 medicamentorum
973 941 1049 992 non
1061 917 1154 992 adeo

75 1052 150 1103 esse
167 1030 337 1130 speciales
354 1055 396 1106 ao
412 1031 566 1130 quidam
583 1031 717 1105 medici
733 1031 882 1106 sibimet
898 1030 1151 1129 persuaserint

74 1140 180 1217 Nihil
196 1143 243 1217 ad
260 1167 338 1216 rem
356 1144 517 1241 pertinet
540 1142 711 1240 quaedam
738 1167 786 1217 ex
812 1143 1016 1219 vomitoriis
1032 1143 1072 1216 in
1088 1165 1152 1215 ve·

74 1282 140 1332 nas
157 1255 278 1330 infusa
299 1255 547 1331 ventriculum
574 1253 684 1354 plane
714 1253 865 1341 afficere,
894 1257 1155 1353 vomitumque

75 1372 193 1445 ciere:
220 1378 364 1443 constat
380 1369 480 1442 enim
497 1392 564 1467 per
579 1365 844 1466 experimenta,
868 1366 968 1442 haud
997 1368 1088 1442 adeo
1103 1365 1156 1441 fe-

77 1482 161 1557 licia
178 1491 222 1554 ut
238 1481 356 1579 repeti
372 1489 593 1568 mereantur,
619 1476 739 1553 multa
759 1478 853 1552 acria
878 1478 1157 1568 medicamenta,

75 1593 274 1668 vomitorio
291 1593 425 1692 pariter
441 1603 554 1692 atque
570 1591 776 1680 cathartica,
794 1600 833 1667 et
849 1590 1003 1691 quidem
1020 1591 1156 1665 multas

75 1705 162 1780 alias
180 1729 237 1779 res
253 1729 340 1804 quae
355 1704 549 1780 lenissimae
564 1705 791 1792 viderentur,
813 1704 853 1779 in
870 1703 1086 1804 sangninem
1103 1703 1157 1776 ita

76 1817 207 1906 infusa,
226 1827 348 1892 totum
362 1841 495 1916 corpus
512 1841 609 1916 saepe
625 1819 763 1891 mirum
782 1817 822 1890 in
839 1817 996 1892 modum
1013 1814 1158 1890 convel-

76 1929 161 2019 lere,
177 1940 216 2005 et
232 1929 476 2004 vomitionem
492 1930 675 2028 imprimis
692 1937 731 2003 et
747 1928 821 2003 alvi
837 1928 988 2004 fluxum
1004 1927 1157 2002 efficere.

75 2042 167 2117 Non
185 2052 308 2117 tamen
334 2042 470 2115 idcirco
495 2040 711 2140 negandum
740 2049 796 2115 est
824 2039 939 2115 ullam
965 2037 1159 2138 specialem

77 2155 373 2229 convenientiam
400 2154 498 2226 inter
527 2150 698 2249 quaedam
716 2150 985 2227 medicamenta
1001 2152 1159 2226 vomito-

78 2267 133 2340 ria
161 2277 199 2342 et
222 2264 473 2341 ventriculum
501 2261 735 2337 intercedere.
785 2260 1031 2360 Perspicuum
1059 2263 1159 2337 enim

79 2389 278 2454 etcertum
295 2388 361 2463 est,
386 2374 636 2450 ventriculum
653 2374 763 2447 variis
779 2373 888 2447 rebus
904 2372 1027 2448 multo
1043 2376 1161 2472 magis

79 2500 120 2565 et
137 2491 258 2565 multo
283 2488 424 2563 facilius
452 2487 548 2562 affici
571 2510 683 2586 quarn
712 2486 909 2570 intestina:
935 2495 974 2560 et
991 2487 1163 2584 quaedam

80 2627 130 2676 ex
148 2601 426 2676 medicamentis
452 2625 536 2697 quae
559 2610 717 2697 utraque
733 2596 1057 2673 vehementissime
1086 2598 1174 2672 alii·¹

80 2716 198 2799 ciunt,
225 2711 345 2786 veluti
362 2711 549 2786 tortritem
562 2709 769 2797 castimonii,
785 2718 852 2784 aut
862 2709 1164 2810 ipecomtonlrom,

81 2826 171 2902 alias
188 2834 319 2923 partes,
346 2822 463 2898 veluti
480 2834 616 2911 cutem,
640 2831 706 2896 aut
724 2821 902 2921 lingnam,
919 2833 985 2898 aut
1001 2821 1163 2911 oculum,

83 2962 168 3037 quae
184 2946 283 3012 certe
299 2960 423 3034 neque
439 2960 547 3011 sensu
564 2958 687 3035 neque
705 2934 910 3009 mobilitate
938 2945 1074 3023 carent,
1098 2937 1165 3010 vix

83 3061 149 3124 aut
166 3073 213 3122 ne
232 3049 297 3122 vix
322 3049 473 3147 quidem
503 3046 698 3123 stimulare.
750 3048 886 3146 Neque
914 3047 1068 3123 demum
1097 3049 1166 3121 mi·

84 3187 168 3236 rum
187 3173 243 3234 est
260 3162 386 3234 eadem
414 3162 576 3236 remedia
593 3169 631 3235 et
649 3160 900 3234 ventriculum
925 3170 965 3234 et
992 3160 1168 3234 intestina

86 3273 251 3348 multum
264 3271 417 3359 afficere,
434 3283 473 3346 et
489 3273 540 3347 sic
555 3274 750 3348 vomitorio
766 3296 868 3347 nunc
877 3271 1004 3346 alvum
1017 3271 1166 3357 solvere,

85 3386 282 3461 cathartica
299 3408 399 3458 nunc
415 3386 600 3458 vomitum
618 3386 723 3473 ciere,
741 3409 827 3460 cum
845 3383 979 3458 fabrica
995 3384 1039 3457 iis
1056 3383 1168 3481 parti·

87 3497 159 3572 bus
175 3497 267 3570 adeo
280 3496 483 3583 similises,
500 3497 663 3595 ipsaeqne
672 3497 875 3577 arctissimo
887 3495 1169 3597 conjunguntur

86 3632 201 3695 nexu,
219 3633 294 3683 non
308 3609 420 3682 modo
431 3608 576 3682 viciniae
585 3620 623 3684 et
633 3611 840 3685 communis
854 3609 965 3685 officii
978 3613 1167 3710 (cccnv1),

90 3721 154 3795 sed
170 3721 370 3795 acutissimi
388 3745 513 3794 sensns
529 3733 567 3795 et
584 3746 780 3797 consensus
797 3722 946 3822 egregii.

140 3855 412 3908 mccclxxxrv.
431 3833 760 3910 Praeterverohaec
770 3834 850 3934 jam
867 3837 1055 3922 recensita,
1072 3832 1169 3908 mul·
1298 3830 1301 3835 ’

90 3955 202 4044 taque
218 3945 286 4018 alia
304 3946 434 4019 similia
454 3946 728 4035 medicamenta,
751 3957 840 4022 sunt
856 3957 895 4023 et
911 3947 981 4022 alia
997 3945 1169 4046 quaedam

89 4057 251 4131 remedia
270 4083 353 4157 quae
368 4060 554 4133 vomitum
572 4059 667 4135 ciere
691 4060 841 4159 possint.
895 4061 955 4136 Sic
984 4057 1074 4133 certi
1090 4082 1170 4130 mo·

90 4178 163 4256 trn,
189 4172 376 4269 navigatio
403 4172 595 4271 imprimis,
620 4170 681 4246 vel
710 4173 868 4273 gestatio
894 4173 933 4245 in
963 4194 1084 4257 curru,
1109 4167 1170 4242 vel

90 4281 226 4361 rotatio
253 4283 381 4384 capitis
409 4293 475 4361 aut
505 4285 667 4364 universi
693 4284 864 4386 corporis,
889 4281 1015 4383 quales
1032 4279 1169 4358 scilicet
