2678 4794
143 413 213 480 108
536 421 787 479 corvsaacrvs
1059 419 1144 478 car.
1162 424 1214 477 xr.

118 663 128 673 ..
143 628 164 674 a
181 603 369 677 vicinitate
383 597 553 697 partium,
579 622 747 673 vasorum
766 599 983 698 sanguinem
995 601 1215 676 vehentium

141 713 408 811 conjunctione,
433 732 631 783 nervorum
655 733 769 797 nexu,
793 709 1003 785 membrana
1024 713 1218 788 reticulata

138 827 184 899 ab
196 826 264 898 alia
275 824 322 896 ad
335 822 441 895 aliam
455 834 617 910 extensa,
633 823 823 909 oriuntur;
848 823 965 897 veluti
974 823 1089 898 totius
1105 825 1217 912 cutis,

43 920 44 927 ἵ
138 938 273 1013 tunicae
289 933 441 1010 admtoe
458 960 544 1010 cum
564 935 689 1010 retina
714 947 753 1009 et
768 935 847 1010 aliis
871 935 1035 1034 partibus
1058 936 1217 1012 internis

136 1047 230 1123 oculi
244 1077 255 1137 3
282 1048 448 1121 intestini
464 1049 554 1122 recti
567 1072 653 1122 cum
664 1049 781 1122 vesica
796 1058 836 1123 et
851 1059 967 1134 utero,
980 1047 1109 1122 vesicae
1125 1071 1215 1123 cum

135 1160 229 1233 ostio
246 1159 435 1235 uretlroe:
462 1160 655 1235 fatendum
674 1173 798 1235 tamen
824 1170 891 1246 est,
914 1183 1120 1246 consensus,
1146 1161 1214 1258 qui

136 1272 235 1345 inter
249 1283 370 1371 partes
387 1297 473 1372 quae
488 1272 599 1372 longe
615 1274 753 1347 distant
769 1273 1017 1358 observantur,
1034 1272 1214 1346 rarissime

133 1383 204 1457 hoc
222 1385 331 1459 modo
356 1385 639 1484 explicationem
667 1386 866 1484 accepisse;
893 1383 1104 1481 multosque
1128 1408 1214 1482 ope-

135 1520 213 1570 ram
231 1497 441 1596 perdidisse,
466 1498 533 1595 qui
562 1498 741 1572 industria
770 1506 809 1570 et
835 1496 1005 1570 acumine
1021 1495 1120 1569 haud
1138 1520 1212 1570 me·

135 1609 250 1683 diocri
267 1609 529 1697 laboraverant,
554 1618 599 1684 ut
627 1609 903 1706 conjunctiones
929 1607 988 1680 vel
1015 1608 1215 1682 minutissi-

134 1746 220 1808 mas,
246 1722 475 1810 arteriarum,
499 1731 565 1796 aut
592 1743 788 1807 nervorum
805 1719 967 1819 partium
985 1717 1212 1795 consentien-

133 1834 242 1920 tium,
268 1835 493 1932 detegerent.

182 1967 373 2019 ccenxrn.
391 1946 600 2019 Consensus
611 1944 765 2043 quidam
779 1942 927 2030 insoliti,
946 1945 1113 2032 morbosi,
1124 1947 1212 2020 oriri

132 2056 306 2129 videntur
323 2069 457 2154 aparte
468 2057 548 2156 jam
559 2068 691 2155 praeter
707 2055 857 2131 solitum
874 2057 1065 2144 sentiente,
1082 2067 1120 2131 et
1134 2082 1211 2134 mo·

132 2167 208 2254 bili,
232 2179 270 2242 et
287 2168 410 2257 debili,
426 2170 586 2268 ideoque
601 2170 648 2244 ab
664 2168 817 2243 aliarum
842 2170 1002 2266 partium
1021 2178 1132 2257 statu,
1160 2172 1214 2267 vi·¹

131 2282 202 2367 tiis,
230 2281 476 2370 irritamentis,
502 2282 586 2382 plus
602 2305 710 2381 aequo
727 2281 899 2380 patiente.
951 2281 1047 2355 Haec
1062 2270 1213 2359 videtur

131 2417 208 2466 esse
234 2395 338 2482 ratio,
363 2419 429 2470 cur
451 2383 567 2471 'multi
594 2395 714 2468 morbi
731 2418 752 2467 a
768 2418 875 2469 eausa
898 2393 1059 2492 generali
1083 2418 1211 2492 prove·

130 2508 284 2593 mantea,
310 2508 348 2581 in
377 2517 498 2607 partes
520 2508 601 2607 jam
628 2507 764 2582 debiles
789 2518 855 2581 aut
870 2505 1054 2580 morbidas
1070 2505 1211 2583 facilius

131 2619 358 2693 incumbant.

183 2753 372 2804 cccnmv.
398 2730 557 2804 Plurimi
575 2731 737 2826 denique
754 2738 874 2801 motus
890 2727 930 2798 in
947 2749 1106 2825 corpore,
1125 2740 1209 2829 tum

129 2861 227 2924 sano,
253 2841 316 2912 sed
335 2840 456 2914 multo
473 2842 590 2936 magis
615 2840 644 2912 si
662 2838 873 2912 morbidum
898 2835 1020 2924 fuerit,
1046 2839 1211 2919 excitan-

128 2960 208 3031 tur;
235 2949 301 3045 qui
318 2973 413 3045 saepe
430 2958 561 3047 praeter
578 2971 681 3045 spem
698 2946 817 3022 multa
828 2948 1070 3037 incommoda,
1088 2952 1211 3030 mults

126 3058 298 3156 pericula,
316 3058 436 3133 multa
451 3059 547 3134 mala
557 3060 636 3158 jam
651 3061 830 3160 urgentia,
847 3073 1096 3150 summovent,
1115 3089 1209 3143 mor·

126 3170 192 3245 bos
208 3170 268 3245 vel
285 3182 409 3246 arcent
426 3170 485 3246 vel
502 3170 705 3271 depellunt,
729 3175 836 3249 etsie
863 3183 979 3249 totam
998 3176 1207 3256 machinam

127 3282 193 3358 diu
210 3283 432 3360 incolumem
451 3294 625 3384 praestant
641 3291 752 3375 (cxv,
769 3296 807 3361 et
824 3294 940 3386 seqq.)

175 3420 348 3474 ccccxv.
374 3398 517 3473 Adbuc
541 3399 610 3473 sub
632 3397 830 3497 judicalis
860 3411 916 3476 est
943 3401 990 3477 de
1014 3410 1146 3478 natura
1168 3411 1208 3480 et

125 3511 368 3604 potestatibus
401 3511 513 3610 hujus
542 3513 804 3589 autocrater'oe:
843 3514 1031 3602 nimirum,
1056 3514 1136 3589 sive
1158 3514 1207 3589 ad

124 3618 223 3725 leges
240 3633 365 3697 motus
389 3624 555 3699 animalis
577 3624 763 3724 generales
786 3625 966 3700 referendi
983 3627 1057 3700 sint
1080 3637 1207 3705 motus

122 3731 186 3805 isti
202 3732 385 3824 salutares,
396 3739 489 3813 'sive
506 3740 584 3839 ipsa
600 3738 769 3814 machina
795 3739 961 3813 animalis
978 3739 1055 3813 vim
1075 3738 1208 3815 babeat

121 3844 315 3942 specialem
333 3860 373 3923 et
397 3849 600 3939 definitam,
625 3851 788 3938 curandi,
813 3850 970 3949 nequid
991 3852 1070 3949 ipsa
1094 3850 1207 3927 detri-

122 3958 242 4031 menti
272 3960 403 4059 capiat,
428 3973 630 4062 motusque
658 3963 843 4038 excitandi
868 3962 995 4061 quales
1022 3962 1069 4036 ad
1103 3961 1207 4040 hunc

123 4067 239 4144 finem
258 4081 435 4170 oporteat

174 4206 362 4259 ccccxvr.
382 4184 638 4261 Certissimum
652 4197 718 4273 est,
737 4185 870 4261 multas
887 4212 954 4274 res,
971 4211 1130 4288 quarum
1142 4211 1206 4262 na·

120 4314 207 4378 tura
222 4305 278 4374 est
293 4307 419 4375 motus
435 4299 556 4400 sopire
571 4310 611 4374 et
626 4321 865 4400 compescere,
890 4308 1013 4376 motus
1037 4298 1203 4400 aliquan-
