2694 4792
136 391 211 458 5⁰8
513 390 767 449 CONSPECTUS
957 385 1244 445 <mamm

138 580 251 655 fuerit
264 573 531 677 potustenuis3
556 581 596 645 et
608 568 742 644 melius
752 566 827 640 fere
839 564 1011 641 sumitur
1020 565 1114 665 jam
1126 567 1240 644 melta

139 717 239 792 aqua
255 690 374 764 aliove
390 697 483 788 potu
500 685 634 759 idoneo
651 683 826 757 dilutum.

190 824 451 878 maacauxmn.
489 799 553 873 Ex
587 797 720 882 herbis,
757 816 886 869 omnes
914 793 997 867 fere
1024 796 1235 871 ammatioe

158 923 315 1014 mcxci),
333 915 488 1012 aliaque
504 912 599 986 bene
615 909 745 984 multae
761 932 871 995 acres,
895 907 1019 981 veluti
1033 906 1235 983 dorileum

141 1031 391 1129 cantrajerva,
411 1027 620 1127 gwy'amam
647 1019 839 1122 officinalis,
858 1017 1052 1121 polygala
1079 1043 1233 1120 smega,

140 1139 379 1217 aristolochia
406 1136 658 1239 serpentaria,
690 1135 814 1209 laurus
842 1132 1056 1234 sassafras‚
1086 1134 1152 1208 &a
1176 1158 1230 1208 ea·

21 1248 23 1253 ’
141 1278 301 1352 rumque
317 1253 396 1327 olea
413 1251 586 1337 volatilia,
604 1259 643 1323 et
659 1248 783 1323 laurus
798 1245 1018 1346 camphora,
1037 1255 1080 1320 et
1092 1246 1227 1334 similia,

138 1367 176 1437 in
195 1365 375 1439 eliciendo
405 1364 538 1438 sudore
564 1361 671 1437 utilia
698 1361 946 1460 reperiuntur,
961 1356 1223 1458 <prasertim

137 1500 226 1553 eum
239 1478 361 1553 multo
370 1487 464 1578 potu
476 1476 581 1552 tenui
593 1474 731 1550 fuerint
743 1482 942 1571 assumpta
997 1472 1065 1547 Sic
1080 1493 1223 1571 quoque

138 1590 276 1666 smitam
291 1589 556 1691 sarsaparilla,
573 1588 743 1687 quamvis
755 1595 887 1660 natura
897 1584 1114 1660 admodum
1131 1584 1222 1670 lena

138 1703 271 1778 efficax
288 1729 383 1804 saepe
399 1704 444 1779 fit
460 1703 782 1777 meditamentum.

189 1839 422 1892 Moechxlx.
449 1815 514 1890 Ex
530 1813 699 1900 metallis,
724 1811 878 1885 stibium
894 1818 936 1882 et
952 1819 1161 1908 argentum
1175 1811 1220 1885 vi-

137 1952 229 2001 vum
248 1929 421 2024 (quorum
439 1928 536 1999 inter
553 1923 782 1999 stimulantis
808 1931 846 1996 et
870 1923 1100 1997 evacuantia
1116 1922 1217 1997 madi

135 2047 302 2111 sementa
319 2038 452 2136 saepius
462 2037 539 2135 jam
558 2036 653 2111 facta
669 2046 725 2111 est
743 2035 894 2122 mentio,
920 2044 960 2109 et
977 2037 1100 2110 semel
1116 2046 1215 2133 atque

135 2136 272 2223 iterum
284 2149 440 2248 posthac·
454 2151 524 2225 erit
540 2149 718 2246 facienda)
735 2147 784 2222 ad
799 2147 1101 2246 promovendam
1118 2148 1214 2222 exhi

134 2259 311 2336 lationem
328 2286 395 2363 per
410 2274 535 2338 cutem
553 2262 654 2337 haud
674 2286 755 2336 raro
781 2261 1032 2346 adhibentur;
1059 2275 1099 2336 et
1115 2262 1213 2334 inter·

66 2367 78 2445 ‘.
134 2373 228 2448 dum
246 2398 320 2450 non
339 2375 515 2451 leniorem
533 2373 994 2477 tantum-exhalationem,
1023 2375 1088 2448 sed
1105 2373 1214 2473 eopia·

134 2486 320 2562 sissinium
338 2488 509 2563 sudorem
528 2477 704 2562 efficiunt.
756 2485 1043 2560 Mediaamenta
1054 2485 1213 2560 exstibia

133 2612 258 2698 parata
287 2600 357 2674 hoc
382 2624 477 2699 saepe
501 2600 651 2686 faciunt,
678 2598 848 2698 quamvis
877 2620 1008 2695 neque
1037 2601 1212 2672 vomitum

132 2734 256 2809 neque
269 2736 441 2786 nauseam
456 2713 651 2799 mavesint,
665 2720 889 2810 quapropter
902 2710 1023 2784 sudor
1033 2736 1146 2810 quem
1156 2709 1209 2784 eli

127 2823 325 2898 aiuntnon
339 2825 423 2900 solis
436 2846 564 2899 eorum
577 2824 718 2898 viribus
731 2826 966 2915 (ncoecnxn,
987 2843 1206 2906 umoenxm,

131 2945 362 3034 Musaeum)
392 2939 597 3012 vomitoriis
626 2934 846 3011 tribuendus
875 2945 942 3010 est.
1000 2939 1206 3036 Argentum

130 3072 283 3146 quoque
311 3050 453 3136 vivum,
478 3050 682 3123 innumeris
711 3059 750 3122 et
777 3047 932 3148 quidem
962 3047 1208 3125 diversissimis

128 3158 254 3234 formis
271 3161 310 3234 in
328 3184 459 3260 corpus
476 3172 667 3261 receptum
690 3161 816 3252 (modo
832 3161 1030 3260 quantitas
1046 3163 1126 3261 ejus
1139 3158 1210 3233 ida

129 3294 199 3346 nea
228 3274 301 3372 sit),
328 3273 576 3347 excretionem
603 3298 670 3373 per
699 3282 824 3348 eutem
853 3272 967 3372 plane
998 3283 1126 3374 auget,
1149 3271 1209 3347 nisi

127 3383 269 3483 aliquid
282 3384 880 3491 praetersolitumhuinobstiterit
933 3385 1082 3460 Fertur
1097 3396 1207 3460 tamen

126 3498 299 3592 quaedam
317 3498 585 3572 medicamenta
601 3523 650 3573 ex
667 3523 711 3574 eo
727 3510 862 3599 parata,
878 3497 1002 3573 veluti
1020 3500 1208 3575 muriam

126 3605 378 3709 hydrargyai,
416 3635 484 3711 pro
512 3610 787 3712 diaphoresim,
819 3611 897 3686 aliis
927 3613 1102 3688 multum
1131 3636 1209 3712 pm

126 3729 231 3809 stare,
257 3747 343 3820 quae
367 3723 504 3799 scilicet
529 3725 616 3799 alias
644 3736 766 3825 partes
795 3724 911 3823 magis
940 3748 1061 3822 quam
1092 3738 1209 3801 cutem

125 3833 269 3909 afficere
281 3835 467 3913 videntur.

177 3968 392 4022 sscmcuxx.
417 3949 483 4023 Ex
500 3949 712 4024 sedantibus
731 3942 1021 4037 medicamentis,
1039 3973 1122 4026 non
1139 3975 1208 4025 ma

125 4056 174 4131 do
191 4061 441 4160 retiigerantia
462 4063 634 4161 quaedam
653 4064 901 4159 (mecoenxm)
918 4060 967 4134 ad
985 4060 1211 4143 eliciendum

124 4171 298 4247 sudarem
315 4198 410 4273 sape
426 4177 702 4274 praecipiuntur,
719 4197 879 4274 quorum
898 4197 987 4247 sane
1000 4175 1104 4252 vires
1121 4174 1212 4250 anei·

123 4285 219 4381 pites
237 4287 423 4390 (ucnxv),
438 4285 667 4388 effectusque
691 4310 815 4389 neque
831 4286 922 4363 certi
938 4309 1072 4388 neque
1088 4286 1213 4390 magui
