<?xml version="1.0" encoding="UTF-8"?>
<!DOCTYPE html PUBLIC "-//W3C//DTD XHTML 1.0 Transitional//EN"
    "http://www.w3.org/TR/xhtml1/DTD/xhtml1-transitional.dtd">
<html xmlns="http://www.w3.org/1999/xhtml" xml:lang="en" lang="en">
 <head>
  <title>
</title>
<meta http-equiv="Content-Type" content="text/html;charset=utf-8" />
  <meta name='ocr-system' content='tesseract 3.04.00' />
  <meta name='ocr-capabilities' content='ocr_page ocr_carea ocr_par ocr_line ocrx_word'/>
</head>
<body>
  <div class='ocr_page' id='page_1' title='image "./conspectusmedic01greggoog_0245.png"; bbox 0 0 2694 4792; ppageno 0'>
   <div class='ocr_carea' id='block_1_1' title="bbox 202 306 1295 381">
    <p class='ocr_par' dir='ltr' id='par_1_1' title="bbox 202 306 1295 381">
     <span class='ocr_line' id='line_1_1' title="bbox 202 306 1295 381; baseline 0.003 -9"><span class='ocrx_word' id='word_1_1' title='bbox 202 306 272 381; x_wconf 73' lang='lat'><strong>194</strong></span> <span class='ocrx_word' id='word_1_2' title='bbox 617 312 873 369; x_wconf 72' lang='lat' dir='ltr'>CONSPECTUS&#39;</span> <span class='ocrx_word' id='word_1_3' title='bbox 1097 316 1198 371; x_wconf 78' lang='lat' dir='ltr'><strong>CAP.</strong></span> <span class='ocrx_word' id='word_1_4' title='bbox 1217 320 1295 377; x_wconf 74' lang='lat' dir='ltr'><strong>xlx.</strong></span> 
     </span>
    </p>
   </div>
   <div class='ocr_carea' id='block_1_2' title="bbox 203 488 1296 3293">
    <p class='ocr_par' dir='ltr' id='par_1_2' title="bbox 203 488 1296 2140">
     <span class='ocr_line' id='line_1_2' title="bbox 205 488 1296 593; baseline 0.005 -26"><span class='ocrx_word' id='word_1_5' title='bbox 205 504 389 593; x_wconf 86' lang='lat' dir='ltr'><strong>potusque</strong></span> <span class='ocrx_word' id='word_1_6' title='bbox 404 490 567 591; x_wconf 74' lang='lat' dir='ltr'>corrupti</span> <span class='ocrx_word' id='word_1_7' title='bbox 583 500 745 590; x_wconf 87' lang='lat' dir='ltr'><strong>gravato,</strong></span> <span class='ocrx_word' id='word_1_8' title='bbox 769 490 873 590; x_wconf 87' lang='lat' dir='ltr'><strong>quod</strong></span> <span class='ocrx_word' id='word_1_9' title='bbox 887 488 1078 566; x_wconf 86' lang='lat' dir='ltr'><strong>helluones</strong></span> <span class='ocrx_word' id='word_1_10' title='bbox 1097 502 1145 569; x_wconf 86' lang='lat' dir='ltr'><strong>et</strong></span> <span class='ocrx_word' id='word_1_11' title='bbox 1167 495 1296 573; x_wconf 73' lang='lat' dir='ltr'><strong>ebrios</strong></span> 
     </span>
     <span class='ocr_line' id='line_1_3' title="bbox 204 603 1294 703; baseline 0.006 -23"><span class='ocrx_word' id='word_1_12' title='bbox 204 609 290 681; x_wconf 88' lang='lat' dir='ltr'><strong>satis</strong></span> <span class='ocrx_word' id='word_1_13' title='bbox 306 605 425 680; x_wconf 87' lang='lat' dir='ltr'><strong>solent</strong></span> <span class='ocrx_word' id='word_1_14' title='bbox 441 605 618 703; x_wconf 85' lang='lat' dir='ltr'><strong>experiri;</strong></span> <span class='ocrx_word' id='word_1_15' title='bbox 642 603 703 678; x_wconf 88' lang='lat' dir='ltr'><strong>vel</strong></span> <span class='ocrx_word' id='word_1_16' title='bbox 719 629 741 677; x_wconf 87' lang='lat' dir='ltr'><strong>a</strong></span> <span class='ocrx_word' id='word_1_17' title='bbox 756 626 948 703; x_wconf 88' lang='lat' dir='ltr'><strong>suppressa</strong></span> <span class='ocrx_word' id='word_1_18' title='bbox 971 614 1039 678; x_wconf 84' lang='lat' dir='ltr'><strong>aut</strong></span> <span class='ocrx_word' id='word_1_19' title='bbox 1055 605 1219 683; x_wconf 83' lang='lat' dir='ltr'><strong>minuta</strong></span> <span class='ocrx_word' id='word_1_20' title='bbox 1232 611 1294 685; x_wconf 83' lang='lat' dir='ltr'><strong>or&#39;u</strong></span> 
     </span>
     <span class='ocr_line' id='line_1_4' title="bbox 204 716 1293 816; baseline 0.005 -23"><span class='ocrx_word' id='word_1_21' title='bbox 204 718 405 793; x_wconf 89' lang='lat' dir='ltr'><strong>humorum</strong></span> <span class='ocrx_word' id='word_1_22' title='bbox 435 717 642 804; x_wconf 83' lang='lat' dir='ltr'><strong>secretione,</strong></span> <span class='ocrx_word' id='word_1_23' title='bbox 671 716 789 816; x_wconf 83' lang='lat' dir='ltr'><strong>qualis</strong></span> <span class='ocrx_word' id='word_1_24' title='bbox 817 741 841 789; x_wconf 91' lang='lat' dir='ltr'><strong>a</strong></span> <span class='ocrx_word' id='word_1_25' title='bbox 855 716 1078 791; x_wconf 86' lang='lat' dir='ltr'><strong>vehemente</strong></span> <span class='ocrx_word' id='word_1_26' title='bbox 1096 721 1226 797; x_wconf 86' lang='lat' dir='ltr'><strong>animi</strong></span> <span class='ocrx_word' id='word_1_27' title='bbox 1252 720 1293 801; x_wconf 81' lang='lat' dir='ltr'><strong>us·</strong></span> 
     </span>
     <span class='ocr_line' id='line_1_5' title="bbox 203 828 1292 929; baseline 0.008 -26"><span class='ocrx_word' id='word_1_28' title='bbox 203 829 315 917; x_wconf 87' lang='lat' dir='ltr'><strong>fectu,</strong></span> <span class='ocrx_word' id='word_1_29' title='bbox 341 838 407 904; x_wconf 88' lang='lat' dir='ltr'><strong>aut</strong></span> <span class='ocrx_word' id='word_1_30' title='bbox 432 828 543 915; x_wconf 83' lang='lat' dir='ltr'><strong>febre,</strong></span> <span class='ocrx_word' id='word_1_31' title='bbox 571 838 635 902; x_wconf 91' lang='lat' dir='ltr'><strong>aut</strong></span> <span class='ocrx_word' id='word_1_32' title='bbox 650 852 807 929; x_wconf 77' lang='lat' dir='ltr'><strong>spusnw,</strong></span> <span class='ocrx_word' id='word_1_33' title='bbox 836 852 933 928; x_wconf 83' lang='lat' dir='ltr'><strong>saepe</strong></span> <span class='ocrx_word' id='word_1_34' title='bbox 960 829 1211 921; x_wconf 60' lang='lat' dir='ltr'><strong>observatum</strong></span> <span class='ocrx_word' id='word_1_35' title='bbox 1239 832 1292 911; x_wconf 82' lang='lat' dir='ltr'><strong>vel</strong></span> 
     </span>
     <span class='ocr_line' id='line_1_6' title="bbox 204 940 1290 1045; baseline 0.005 -28"><span class='ocrx_word' id='word_1_36' title='bbox 204 943 367 1041; x_wconf 86' lang='lat' dir='ltr'><strong>denique</strong></span> <span class='ocrx_word' id='word_1_37' title='bbox 382 942 429 1015; x_wconf 91' lang='lat' dir='ltr'><strong>ab</strong></span> <span class='ocrx_word' id='word_1_38' title='bbox 446 942 660 1016; x_wconf 85' lang='lat' dir='ltr'><strong>humoribus</strong></span> <span class='ocrx_word' id='word_1_39' title='bbox 682 941 858 1016; x_wconf 91' lang='lat' dir='ltr'><strong>tenuibus</strong></span> <span class='ocrx_word' id='word_1_40' title='bbox 873 940 947 1015; x_wconf 86' lang='lat' dir='ltr'><strong>alio</strong></span> <span class='ocrx_word' id='word_1_41' title='bbox 962 941 1092 1032; x_wconf 88' lang='lat' dir='ltr'><strong>versis,</strong></span> <span class='ocrx_word' id='word_1_42' title='bbox 1123 947 1290 1045; x_wconf 80' lang='lat' dir='ltr'><strong>quamvis</strong></span> 
     </span>
     <span class='ocr_line' id='line_1_7' title="bbox 204 1053 1290 1159; baseline 0.002 -29"><span class='ocrx_word' id='word_1_43' title='bbox 204 1068 261 1130; x_wconf 85' lang='lat' dir='ltr'><strong>sat</strong></span> <span class='ocrx_word' id='word_1_44' title='bbox 277 1078 461 1153; x_wconf 86' lang='lat' dir='ltr'><strong>superque</strong></span> <span class='ocrx_word' id='word_1_45' title='bbox 476 1078 604 1128; x_wconf 88' lang='lat' dir='ltr'><strong>eorum</strong></span> <span class='ocrx_word' id='word_1_46' title='bbox 621 1055 661 1127; x_wconf 92' lang='lat' dir='ltr'><strong>in</strong></span> <span class='ocrx_word' id='word_1_47' title='bbox 678 1078 828 1153; x_wconf 85' lang='lat' dir='ltr'><strong>corpore</strong></span> <span class='ocrx_word' id='word_1_48' title='bbox 843 1053 976 1139; x_wconf 88' lang='lat' dir='ltr'><strong>fuerit;</strong></span> <span class='ocrx_word' id='word_1_49' title='bbox 1000 1053 1114 1153; x_wconf 88' lang='lat' dir='ltr'><strong>cujus</strong></span> <span class='ocrx_word' id='word_1_50' title='bbox 1132 1057 1290 1159; x_wconf 79' lang='lat' dir='ltr'><strong>hydrops</strong></span> 
     </span>
     <span class='ocr_line' id='line_1_8' title="bbox 205 1166 1288 1267; baseline 0.003 -24"><span class='ocrx_word' id='word_1_51' title='bbox 205 1168 425 1266; x_wconf 87' lang='lat' dir='ltr'><strong>omnigenus</strong></span> <span class='ocrx_word' id='word_1_52' title='bbox 451 1167 667 1267; x_wconf 84' lang='lat' dir='ltr'><strong>exemplum</strong></span> <span class='ocrx_word' id='word_1_53' title='bbox 696 1191 774 1242; x_wconf 88' lang='lat' dir='ltr'><strong>esse</strong></span> <span class='ocrx_word' id='word_1_54' title='bbox 801 1175 933 1265; x_wconf 87' lang='lat' dir='ltr'><strong>potest.</strong></span> <span class='ocrx_word' id='word_1_55' title='bbox 984 1166 1095 1253; x_wconf 87' lang='lat' dir='ltr'><strong>Quin</strong></span> <span class='ocrx_word' id='word_1_56' title='bbox 1127 1181 1172 1243; x_wconf 88' lang='lat' dir='ltr'><strong>et</strong></span> <span class='ocrx_word' id='word_1_57' title='bbox 1190 1170 1288 1245; x_wconf 76' lang='lat' dir='ltr'><strong>varie</strong></span> 
     </span>
     <span class='ocr_line' id='line_1_9' title="bbox 206 1278 1286 1381; baseline 0.003 -28"><span class='ocrx_word' id='word_1_58' title='bbox 206 1303 332 1367; x_wconf 84' lang='lat' dir='ltr'><strong>oausae,</strong></span> <span class='ocrx_word' id='word_1_59' title='bbox 349 1305 434 1380; x_wconf 86' lang='lat' dir='ltr'><strong>quae</strong></span> <span class='ocrx_word' id='word_1_60' title='bbox 450 1280 550 1355; x_wconf 90' lang='lat' dir='ltr'><strong>sitim</strong></span> <span class='ocrx_word' id='word_1_61' title='bbox 566 1280 780 1367; x_wconf 82' lang='lat' dir='ltr'><strong>intendunt,</strong></span> <span class='ocrx_word' id='word_1_62' title='bbox 796 1281 836 1353; x_wconf 91' lang='lat' dir='ltr'><strong>in</strong></span> <span class='ocrx_word' id='word_1_63' title='bbox 854 1278 984 1353; x_wconf 87' lang='lat' dir='ltr'><strong>eodem</strong></span> <span class='ocrx_word' id='word_1_64' title='bbox 993 1303 1098 1378; x_wconf 85' lang='lat' dir='ltr'><strong>aegro</strong></span> <span class='ocrx_word' id='word_1_65' title='bbox 1115 1280 1286 1381; x_wconf 78' lang='lat' dir='ltr'><strong>conjungi</strong></span> 
     </span>
     <span class='ocr_line' id='line_1_10' title="bbox 205 1390 1284 1492; baseline 0.002 -27"><span class='ocrx_word' id='word_1_66' title='bbox 205 1404 372 1490; x_wconf 85' lang='lat' dir='ltr'><strong>possunt,</strong></span> <span class='ocrx_word' id='word_1_67' title='bbox 388 1393 612 1492; x_wconf 77' lang='lat' dir='ltr'><strong>graviusque</strong></span> <span class='ocrx_word' id='word_1_68' title='bbox 627 1392 712 1467; x_wconf 89' lang='lat' dir='ltr'><strong>ideo</strong></span> <span class='ocrx_word' id='word_1_69' title='bbox 728 1391 867 1466; x_wconf 85' lang='lat' dir='ltr'><strong>malum</strong></span> <span class='ocrx_word' id='word_1_70' title='bbox 885 1390 1082 1465; x_wconf 88' lang='lat' dir='ltr'><strong>induoere:</strong></span> <span class='ocrx_word' id='word_1_71' title='bbox 1117 1394 1284 1471; x_wconf 85' lang='lat' dir='ltr'><strong>velutiin</strong></span> 
     </span>
     <span class='ocr_line' id='line_1_11' title="bbox 204 1503 1285 1603; baseline 0.006 -26"><span class='ocrx_word' id='word_1_72' title='bbox 204 1503 368 1580; x_wconf 86' lang='lat' dir='ltr'><strong>febribus</strong></span> <span class='ocrx_word' id='word_1_73' title='bbox 392 1504 587 1603; x_wconf 89' lang='lat' dir='ltr'><strong>plerisque,</strong></span> <span class='ocrx_word' id='word_1_74' title='bbox 624 1504 762 1603; x_wconf 89' lang='lat' dir='ltr'><strong>quibus</strong></span> <span class='ocrx_word' id='word_1_75' title='bbox 785 1504 861 1577; x_wconf 85' lang='lat' dir='ltr'><strong>fere</strong></span> <span class='ocrx_word' id='word_1_76' title='bbox 886 1504 1017 1602; x_wconf 91' lang='lat' dir='ltr'><strong>ingens</strong></span> <span class='ocrx_word' id='word_1_77' title='bbox 1041 1503 1129 1580; x_wconf 86' lang='lat' dir='ltr'><strong>sitis</strong></span> <span class='ocrx_word' id='word_1_78' title='bbox 1154 1506 1285 1592; x_wconf 81' lang='lat' dir='ltr'><strong>aoeidil.</strong></span> 
     </span>
     <span class='ocr_line' id='line_1_12' title="bbox 205 1615 1285 1715; baseline 0.005 -24"><span class='ocrx_word' id='word_1_79' title='bbox 205 1640 292 1691; x_wconf 85' lang='lat' dir='ltr'><strong>cum</strong></span> <span class='ocrx_word' id='word_1_80' title='bbox 309 1618 358 1691; x_wconf 95' lang='lat' dir='ltr'><strong>ob</strong></span> <span class='ocrx_word' id='word_1_81' title='bbox 374 1617 567 1715; x_wconf 86' lang='lat' dir='ltr'><strong>dissipatos</strong></span> <span class='ocrx_word' id='word_1_82' title='bbox 583 1618 742 1715; x_wconf 89' lang='lat' dir='ltr'><strong>oorporis</strong></span> <span class='ocrx_word' id='word_1_83' title='bbox 759 1615 943 1703; x_wconf 87' lang='lat' dir='ltr'><strong>humores,</strong></span> <span class='ocrx_word' id='word_1_84' title='bbox 960 1624 1043 1690; x_wconf 90' lang='lat' dir='ltr'><strong>tum</strong></span> <span class='ocrx_word' id='word_1_85' title='bbox 1061 1616 1117 1692; x_wconf 94' lang='lat' dir='ltr'><strong>ob</strong></span> <span class='ocrx_word' id='word_1_86' title='bbox 1125 1618 1285 1703; x_wconf 84' lang='lat' dir='ltr'><strong>onlorem.</strong></span> 
     </span>
     <span class='ocr_line' id='line_1_13' title="bbox 203 1728 1287 1830; baseline 0.003 -28"><span class='ocrx_word' id='word_1_87' title='bbox 203 1738 288 1804; x_wconf 85' lang='lat' dir='ltr'><strong>tum</strong></span> <span class='ocrx_word' id='word_1_88' title='bbox 313 1731 362 1804; x_wconf 94' lang='lat' dir='ltr'><strong>ob</strong></span> <span class='ocrx_word' id='word_1_89' title='bbox 386 1730 570 1804; x_wconf 87' lang='lat' dir='ltr'><strong>minutam</strong></span> <span class='ocrx_word' id='word_1_90' title='bbox 596 1728 835 1803; x_wconf 86' lang='lat' dir='ltr'><strong>secretionem</strong></span> <span class='ocrx_word' id='word_1_91' title='bbox 859 1729 1062 1802; x_wconf 88' lang='lat' dir='ltr'><strong>humorum</strong></span> <span class='ocrx_word' id='word_1_92' title='bbox 1087 1732 1229 1830; x_wconf 87' lang='lat' dir='ltr'><strong>quibus</strong></span> <span class='ocrx_word' id='word_1_93' title='bbox 1251 1754 1287 1805; x_wconf 79' lang='lat' dir='ltr'><strong>os</strong></span> 
     </span>
     <span class='ocr_line' id='line_1_14' title="bbox 205 1839 1287 1945; baseline 0.005 -32"><span class='ocrx_word' id='word_1_94' title='bbox 205 1841 316 1916; x_wconf 90' lang='lat' dir='ltr'><strong>debet</strong></span> <span class='ocrx_word' id='word_1_95' title='bbox 340 1842 497 1927; x_wconf 84' lang='lat' dir='ltr'><strong>madere,</strong></span> <span class='ocrx_word' id='word_1_96' title='bbox 522 1852 605 1913; x_wconf 90' lang='lat' dir='ltr'><strong>tum</strong></span> <span class='ocrx_word' id='word_1_97' title='bbox 631 1840 785 1913; x_wconf 91' lang='lat' dir='ltr'><strong>demum</strong></span> <span class='ocrx_word' id='word_1_98' title='bbox 801 1840 849 1913; x_wconf 93' lang='lat' dir='ltr'><strong>ob</strong></span> <span class='ocrx_word' id='word_1_99' title='bbox 865 1839 1123 1917; x_wconf 86' lang='lat' dir='ltr'><strong>ventriculum</strong></span> <span class='ocrx_word' id='word_1_100' title='bbox 1141 1844 1287 1945; x_wconf 81' lang='lat' dir='ltr'><strong>pessime</strong></span> 
     </span>
     <span class='ocr_line' id='line_1_15' title="bbox 204 1953 1285 2051; baseline 0.006 -24"><span class='ocrx_word' id='word_1_101' title='bbox 204 1953 391 2040; x_wconf 80' lang='lat' dir='ltr'><strong>affectum,</strong></span> <span class='ocrx_word' id='word_1_102' title='bbox 409 1975 530 2049; x_wconf 92' lang='lat' dir='ltr'><strong>neque</strong></span> <span class='ocrx_word' id='word_1_103' title='bbox 542 1960 833 2049; x_wconf 87' lang='lat' dir='ltr'><strong>ooneoquentem</strong></span> <span class='ocrx_word' id='word_1_104' title='bbox 843 1953 924 2041; x_wconf 92' lang='lat' dir='ltr'><strong>rite,</strong></span> <span class='ocrx_word' id='word_1_105' title='bbox 934 1977 1058 2051; x_wconf 87' lang='lat' dir='ltr'><strong>neque</strong></span> <span class='ocrx_word' id='word_1_106' title='bbox 1070 1978 1175 2033; x_wconf 91' lang='lat' dir='ltr'><strong>onus</strong></span> <span class='ocrx_word' id='word_1_107' title='bbox 1187 1978 1285 2035; x_wconf 82' lang='lat' dir='ltr'><strong>sunm</strong></span> 
     </span>
     <span class='ocr_line' id='line_1_16' title="bbox 204 2064 622 2140; baseline 0 -2"><span class='ocrx_word' id='word_1_108' title='bbox 204 2065 388 2140; x_wconf 89' lang='lat' dir='ltr'><strong>intestinis</strong></span> <span class='ocrx_word' id='word_1_109' title='bbox 405 2064 622 2139; x_wconf 83' lang='lat' dir='ltr'><strong>tradentem.</strong></span> 
     </span>
    </p>

    <p class='ocr_par' dir='ltr' id='par_1_3' title="bbox 203 2176 1291 3293">
     <span class='ocr_line' id='line_1_17' title="bbox 253 2176 1285 2276; baseline 0.008 -25"><span class='ocrx_word' id='word_1_110' title='bbox 253 2200 345 2252; x_wconf 78' lang='lat' dir='ltr'><strong>nea.</strong></span> <span class='ocrx_word' id='word_1_111' title='bbox 371 2177 486 2250; x_wconf 84' lang='lat' dir='ltr'><strong>Ratio</strong></span> <span class='ocrx_word' id='word_1_112' title='bbox 502 2176 629 2275; x_wconf 80' lang='lat' dir='ltr'><strong>itaquo</strong></span> <span class='ocrx_word' id='word_1_113' title='bbox 644 2176 684 2249; x_wconf 92' lang='lat' dir='ltr'><strong>in</strong></span> <span class='ocrx_word' id='word_1_114' title='bbox 701 2187 877 2276; x_wconf 89' lang='lat' dir='ltr'><strong>promptu</strong></span> <span class='ocrx_word' id='word_1_115' title='bbox 895 2178 975 2265; x_wconf 88' lang='lat' dir='ltr'><strong>erit,</strong></span> <span class='ocrx_word' id='word_1_116' title='bbox 995 2202 1064 2252; x_wconf 86' lang='lat' dir='ltr'><strong>eur</strong></span> <span class='ocrx_word' id='word_1_117' title='bbox 1077 2180 1207 2258; x_wconf 89' lang='lat' dir='ltr'><strong>nimia</strong></span> <span class='ocrx_word' id='word_1_118' title='bbox 1220 2182 1285 2259; x_wconf 80' lang='lat' dir='ltr'><strong>sitis</strong></span> 
     </span>
     <span class='ocr_line' id='line_1_18' title="bbox 205 2289 1286 2388; baseline 0.009 -26"><span class='ocrx_word' id='word_1_119' title='bbox 205 2291 297 2363; x_wconf 90' lang='lat' dir='ltr'><strong>adeo</strong></span> <span class='ocrx_word' id='word_1_120' title='bbox 312 2289 505 2388; x_wconf 77' lang='lat' dir='ltr'><strong>hequens3</strong></span> <span class='ocrx_word' id='word_1_121' title='bbox 531 2290 719 2364; x_wconf 87' lang='lat' dir='ltr'><strong>interdum</strong></span> <span class='ocrx_word' id='word_1_122' title='bbox 736 2289 900 2365; x_wconf 81' lang='lat' dir='ltr'><strong>salutaris</strong></span> <span class='ocrx_word' id='word_1_123' title='bbox 916 2300 1059 2365; x_wconf 86' lang='lat' dir='ltr'><strong>naturae</strong></span> <span class='ocrx_word' id='word_1_124' title='bbox 1080 2291 1286 2379; x_wconf 70' lang='lat' dir='ltr'><strong>instinctus</strong></span> 
     </span>
     <span class='ocr_line' id='line_1_19' title="bbox 206 2400 1287 2507; baseline 0.006 -32"><span class='ocrx_word' id='word_1_125' title='bbox 206 2403 395 2477; x_wconf 88' lang='lat' dir='ltr'><strong>interdum</strong></span> <span class='ocrx_word' id='word_1_126' title='bbox 413 2402 558 2477; x_wconf 85' lang='lat' dir='ltr'><strong>affectio</strong></span> <span class='ocrx_word' id='word_1_127' title='bbox 574 2427 719 2501; x_wconf 89' lang='lat' dir='ltr'><strong>prorsus</strong></span> <span class='ocrx_word' id='word_1_128' title='bbox 735 2400 898 2487; x_wconf 83' lang='lat' dir='ltr'><strong>inutilis3</strong></span> <span class='ocrx_word' id='word_1_129' title='bbox 928 2425 993 2476; x_wconf 89' lang='lat' dir='ltr'><strong>eur</strong></span> <span class='ocrx_word' id='word_1_130' title='bbox 1008 2426 1116 2479; x_wconf 84' lang='lat' dir='ltr'><strong>nune</strong></span> <span class='ocrx_word' id='word_1_131' title='bbox 1134 2408 1287 2507; x_wconf 80' lang='lat' dir='ltr'><strong>plurimu</strong></span> 
     </span>
     <span class='ocr_line' id='line_1_20' title="bbox 203 2513 1286 2615; baseline 0.008 -28"><span class='ocrx_word' id='word_1_132' title='bbox 203 2524 297 2613; x_wconf 90' lang='lat' dir='ltr'><strong>potu</strong></span> <span class='ocrx_word' id='word_1_133' title='bbox 322 2517 447 2590; x_wconf 87' lang='lat' dir='ltr'><strong>sitiens</strong></span> <span class='ocrx_word' id='word_1_134' title='bbox 472 2525 589 2615; x_wconf 86' lang='lat' dir='ltr'><strong>egeat,</strong></span> <span class='ocrx_word' id='word_1_135' title='bbox 627 2513 865 2613; x_wconf 90' lang='lat' dir='ltr'><strong>eundemque</strong></span> <span class='ocrx_word' id='word_1_136' title='bbox 888 2516 1136 2607; x_wconf 69' lang='lat' dir='ltr'><strong>ventriculus</strong></span> <span class='ocrx_word' id='word_1_137' title='bbox 1174 2522 1286 2598; x_wconf 83' lang='lat' dir='ltr'><strong>statim</strong></span> 
     </span>
     <span class='ocr_line' id='line_1_21' title="bbox 205 2626 1287 2727; baseline 0.012 -29"><span class='ocrx_word' id='word_1_138' title='bbox 205 2626 279 2699; x_wconf 90' lang='lat' dir='ltr'><strong>fere</strong></span> <span class='ocrx_word' id='word_1_139' title='bbox 296 2639 340 2702; x_wconf 92' lang='lat' dir='ltr'><strong>ut</strong></span> <span class='ocrx_word' id='word_1_140' title='bbox 357 2628 509 2702; x_wconf 88' lang='lat' dir='ltr'><strong>haustus</strong></span> <span class='ocrx_word' id='word_1_141' title='bbox 526 2627 647 2715; x_wconf 82' lang='lat' dir='ltr'><strong>fuerit,</strong></span> <span class='ocrx_word' id='word_1_142' title='bbox 672 2628 825 2715; x_wconf 85' lang='lat' dir='ltr'><strong>sorbeat,</strong></span> <span class='ocrx_word' id='word_1_143' title='bbox 850 2653 925 2727; x_wconf 85' lang='lat' dir='ltr'><strong>qua</strong></span> <span class='ocrx_word' id='word_1_144' title='bbox 941 2653 1034 2727; x_wconf 85' lang='lat' dir='ltr'><strong>opus</strong></span> <span class='ocrx_word' id='word_1_145' title='bbox 1050 2642 1112 2706; x_wconf 86' lang='lat' dir='ltr'><strong>est</strong></span> <span class='ocrx_word' id='word_1_146' title='bbox 1129 2634 1287 2710; x_wconf 84' lang='lat' dir='ltr'><strong>deferen-</strong></span> 
     </span>
     <span class='ocr_line' id='line_1_22' title="bbox 206 2737 1289 2847; baseline 0.011 -39"><span class='ocrx_word' id='word_1_147' title='bbox 206 2737 320 2822; x_wconf 88' lang='lat' dir='ltr'><strong>dum;</strong></span> <span class='ocrx_word' id='word_1_148' title='bbox 345 2763 410 2811; x_wconf 87' lang='lat' dir='ltr'><strong>cur</strong></span> <span class='ocrx_word' id='word_1_149' title='bbox 435 2762 532 2835; x_wconf 68' lang='lat' dir='ltr'><strong>saepe</strong></span> <span class='ocrx_word' id='word_1_150' title='bbox 556 2740 683 2838; x_wconf 87' lang='lat' dir='ltr'><strong>exigui</strong></span> <span class='ocrx_word' id='word_1_151' title='bbox 701 2740 854 2815; x_wconf 89' lang='lat' dir='ltr'><strong>haustus</strong></span> <span class='ocrx_word' id='word_1_152' title='bbox 870 2740 1065 2829; x_wconf 83' lang='lat' dir='ltr'><strong>sufficiant,</strong></span> <span class='ocrx_word' id='word_1_153' title='bbox 1092 2754 1138 2819; x_wconf 89' lang='lat' dir='ltr'><strong>et</strong></span> <span class='ocrx_word' id='word_1_154' title='bbox 1156 2748 1289 2847; x_wconf 83' lang='lat' dir='ltr'><strong>prosint</strong></span> 
     </span>
     <span class='ocr_line' id='line_1_23' title="bbox 207 2849 1289 2951; baseline 0.015 -31"><span class='ocrx_word' id='word_1_155' title='bbox 207 2850 335 2944; x_wconf 85' lang='lat' dir='ltr'><strong>magis,</strong></span> <span class='ocrx_word' id='word_1_156' title='bbox 360 2872 481 2947; x_wconf 90' lang='lat' dir='ltr'><strong>neque</strong></span> <span class='ocrx_word' id='word_1_157' title='bbox 506 2850 733 2925; x_wconf 85' lang='lat' dir='ltr'><strong>ventriculus</strong></span> <span class='ocrx_word' id='word_1_158' title='bbox 757 2849 927 2951; x_wconf 84' lang='lat' dir='ltr'><strong>largiores</strong></span> <span class='ocrx_word' id='word_1_159' title='bbox 951 2864 1017 2928; x_wconf 84' lang='lat' dir='ltr'><strong>aut</strong></span> <span class='ocrx_word' id='word_1_160' title='bbox 1040 2856 1215 2949; x_wconf 88' lang='lat' dir='ltr'><strong>sorbere,</strong></span> <span class='ocrx_word' id='word_1_161' title='bbox 1236 2864 1289 2935; x_wconf 76' lang='lat' dir='ltr'><strong>aut</strong></span> 
     </span>
     <span class='ocr_line' id='line_1_24' title="bbox 207 2959 1291 3059; baseline 0.009 -28"><span class='ocrx_word' id='word_1_162' title='bbox 207 2959 285 3031; x_wconf 84' lang='lat' dir='ltr'><strong>sine</strong></span> <span class='ocrx_word' id='word_1_163' title='bbox 311 2961 547 3036; x_wconf 87' lang='lat' dir='ltr'><strong>incommodo</strong></span> <span class='ocrx_word' id='word_1_164' title='bbox 575 2961 728 3036; x_wconf 84' lang='lat' dir='ltr'><strong>tolerare</strong></span> <span class='ocrx_word' id='word_1_165' title='bbox 755 2964 890 3059; x_wconf 87' lang='lat' dir='ltr'><strong>possit;</strong></span> <span class='ocrx_word' id='word_1_166' title='bbox 915 2989 981 3040; x_wconf 86' lang='lat' dir='ltr'><strong>cur</strong></span> <span class='ocrx_word' id='word_1_167' title='bbox 996 2964 1112 3055; x_wconf 85' lang='lat' dir='ltr'><strong>acida,</strong></span> <span class='ocrx_word' id='word_1_168' title='bbox 1132 2992 1291 3047; x_wconf 75' lang='lat' dir='ltr'><strong>anesum·</strong></span> 
     </span>
     <span class='ocr_line' id='line_1_25' title="bbox 207 3070 1291 3184; baseline 0.014 -41"><span class='ocrx_word' id='word_1_169' title='bbox 207 3070 270 3155; x_wconf 86' lang='lat' dir='ltr'><strong>tia,</strong></span> <span class='ocrx_word' id='word_1_170' title='bbox 288 3071 427 3146; x_wconf 84' lang='lat' dir='ltr'><strong>fructus</strong></span> <span class='ocrx_word' id='word_1_171' title='bbox 445 3075 591 3162; x_wconf 88' lang='lat' dir='ltr'><strong>maturi,</strong></span> <span class='ocrx_word' id='word_1_172' title='bbox 607 3071 815 3172; x_wconf 83' lang='lat' dir='ltr'><strong>pauxillum</strong></span> <span class='ocrx_word' id='word_1_173' title='bbox 829 3077 982 3150; x_wconf 92' lang='lat' dir='ltr'><strong>demum</strong></span> <span class='ocrx_word' id='word_1_174' title='bbox 997 3076 1080 3151; x_wconf 89' lang='lat' dir='ltr'><strong>vini</strong></span> <span class='ocrx_word' id='word_1_175' title='bbox 1096 3102 1198 3157; x_wconf 84' lang='lat' dir='ltr'><strong>cum</strong></span> <span class='ocrx_word' id='word_1_176' title='bbox 1211 3092 1291 3184; x_wconf 80' lang='lat' dir='ltr'><strong>potu</strong></span> 
     </span>
     <span class='ocr_line' id='line_1_26' title="bbox 206 3184 1289 3293; baseline 0.009 -36"><span class='ocrx_word' id='word_1_177' title='bbox 206 3184 381 3272; x_wconf 87' lang='lat' dir='ltr'><strong>mixtum,</strong></span> <span class='ocrx_word' id='word_1_178' title='bbox 406 3188 506 3261; x_wconf 90' lang='lat' dir='ltr'><strong>sitim</strong></span> <span class='ocrx_word' id='word_1_179' title='bbox 531 3212 623 3286; x_wconf 91' lang='lat' dir='ltr'><strong>pura</strong></span> <span class='ocrx_word' id='word_1_180' title='bbox 647 3210 743 3284; x_wconf 90' lang='lat' dir='ltr'><strong>aqua</strong></span> <span class='ocrx_word' id='word_1_181' title='bbox 758 3186 890 3262; x_wconf 86' lang='lat' dir='ltr'><strong>melius</strong></span> <span class='ocrx_word' id='word_1_182' title='bbox 914 3197 953 3262; x_wconf 83' lang='lat' dir='ltr'><strong>et</strong></span> <span class='ocrx_word' id='word_1_183' title='bbox 976 3188 1115 3265; x_wconf 88' lang='lat' dir='ltr'><strong>certius</strong></span> <span class='ocrx_word' id='word_1_184' title='bbox 1133 3194 1289 3293; x_wconf 83' lang='lat' dir='ltr'><strong>pellant;</strong></span> 
     </span>
    </p>
   </div>
   <div class='ocr_carea' id='block_1_3' title="bbox 94 3297 1289 3399">
    <p class='ocr_par' dir='ltr' id='par_1_4' title="bbox 94 3297 1289 3399">
     <span class='ocr_line' id='line_1_27' title="bbox 94 3297 1289 3399; baseline 0.008 -31"><span class='ocrx_word' id='word_1_185' title='bbox 94 3354 116 3385; x_wconf 64' lang='grc'><strong>,.</strong></span> <span class='ocrx_word' id='word_1_186' title='bbox 206 3306 245 3369; x_wconf 93' lang='lat' dir='ltr'><strong>et</strong></span> <span class='ocrx_word' id='word_1_187' title='bbox 270 3297 431 3398; x_wconf 87' lang='lat' dir='ltr'><strong>denique</strong></span> <span class='ocrx_word' id='word_1_188' title='bbox 468 3324 534 3374; x_wconf 88' lang='lat' dir='ltr'><strong>our</strong></span> <span class='ocrx_word' id='word_1_189' title='bbox 569 3298 659 3384; x_wconf 89' lang='lat' dir='ltr'><strong>sitis,</strong></span> <span class='ocrx_word' id='word_1_190' title='bbox 695 3322 743 3371; x_wconf 86' lang='lat' dir='ltr'><strong>ne</strong></span> <span class='ocrx_word' id='word_1_191' title='bbox 771 3311 916 3374; x_wconf 83' lang='lat' dir='ltr'><strong>nectare</strong></span> <span class='ocrx_word' id='word_1_192' title='bbox 939 3299 1093 3399; x_wconf 89' lang='lat' dir='ltr'><strong>quidem</strong></span> <span class='ocrx_word' id='word_1_193' title='bbox 1119 3306 1289 3393; x_wconf 72' lang='lat' dir='ltr'><strong>sedanda,</strong></span> 
     </span>
    </p>
   </div>
   <div class='ocr_carea' id='block_1_4' title="bbox 204 3410 1290 4295">
    <p class='ocr_par' dir='ltr' id='par_1_5' title="bbox 206 3410 1083 3511">
     <span class='ocr_line' id='line_1_28' title="bbox 206 3410 1083 3511; baseline 0.008 -31"><span class='ocrx_word' id='word_1_194' title='bbox 206 3411 403 3485; x_wconf 87' lang='lat' dir='ltr'><strong>vomitorio</strong></span> <span class='ocrx_word' id='word_1_195' title='bbox 417 3412 687 3486; x_wconf 72' lang='lat' dir='ltr'><strong>meditamento</strong></span> <span class='ocrx_word' id='word_1_196' title='bbox 702 3410 900 3509; x_wconf 86' lang='lat' dir='ltr'><strong>aliquando</strong></span> <span class='ocrx_word' id='word_1_197' title='bbox 915 3411 1083 3511; x_wconf 77' lang='lat' dir='ltr'><strong>pellatur.</strong></span> 
     </span>
    </p>

    <p class='ocr_par' dir='ltr' id='par_1_6' title="bbox 205 3523 1290 4078">
     <span class='ocr_line' id='line_1_29' title="bbox 255 3523 1290 3633; baseline 0.014 -38"><span class='ocrx_word' id='word_1_198' title='bbox 255 3542 362 3596; x_wconf 80' lang='lat' dir='ltr'><strong>ncnr.</strong></span> <span class='ocrx_word' id='word_1_199' title='bbox 399 3523 610 3621; x_wconf 85' lang='lat' dir='ltr'><strong>Impeditur</strong></span> <span class='ocrx_word' id='word_1_200' title='bbox 643 3546 911 3621; x_wconf 89' lang='lat' dir='ltr'><strong>nonnunquam</strong></span> <span class='ocrx_word' id='word_1_201' title='bbox 936 3534 1003 3597; x_wconf 92' lang='lat' dir='ltr'><strong>aut</strong></span> <span class='ocrx_word' id='word_1_202' title='bbox 1035 3533 1290 3633; x_wconf 79' lang='lat' dir='ltr'><strong>oouumpiun</strong></span> 
     </span>
     <span class='ocr_line' id='line_1_30' title="bbox 207 3632 1289 3741; baseline 0.014 -38"><span class='ocrx_word' id='word_1_203' title='bbox 207 3632 303 3706; x_wconf 88' lang='lat' dir='ltr'><strong>actio</strong></span> <span class='ocrx_word' id='word_1_204' title='bbox 327 3635 584 3722; x_wconf 84' lang='lat' dir='ltr'><strong>manducandi,</strong></span> <span class='ocrx_word' id='word_1_205' title='bbox 609 3636 717 3710; x_wconf 88' lang='lat' dir='ltr'><strong>variis</strong></span> <span class='ocrx_word' id='word_1_206' title='bbox 741 3636 842 3710; x_wconf 89' lang='lat' dir='ltr'><strong>vitiis</strong></span> <span class='ocrx_word' id='word_1_207' title='bbox 865 3635 1113 3733; x_wconf 90' lang='lat' dir='ltr'><strong>plurimorum</strong></span> <span class='ocrx_word' id='word_1_208' title='bbox 1140 3667 1236 3741; x_wconf 81' lang='lat' dir='ltr'><strong>quae</strong></span> <span class='ocrx_word' id='word_1_209' title='bbox 1248 3643 1289 3717; x_wconf 83' lang='lat' dir='ltr'><strong>ei·</strong></span> 
     </span>
     <span class='ocr_line' id='line_1_31' title="bbox 206 3742 1289 3847; baseline 0.014 -31"><span class='ocrx_word' id='word_1_210' title='bbox 206 3742 290 3818; x_wconf 90' lang='lat' dir='ltr'><strong>dem</strong></span> <span class='ocrx_word' id='word_1_211' title='bbox 309 3746 515 3823; x_wconf 87' lang='lat' dir='ltr'><strong>inserviunt</strong></span> <span class='ocrx_word' id='word_1_212' title='bbox 530 3771 772 3847; x_wconf 65' lang='lat' dir='ltr'><strong>organorum</strong></span> <span class='ocrx_word' id='word_1_213' title='bbox 798 3746 932 3836; x_wconf 91' lang='lat' dir='ltr'><strong>dolore,</strong></span> <span class='ocrx_word' id='word_1_214' title='bbox 958 3759 1118 3837; x_wconf 87' lang='lat' dir='ltr'><strong>tumore,</strong></span> <span class='ocrx_word' id='word_1_215' title='bbox 1147 3754 1289 3829; x_wconf 85' lang='lat' dir='ltr'><strong>inflam-</strong></span> 
     </span>
     <span class='ocr_line' id='line_1_32' title="bbox 205 3857 1289 3959; baseline 0.012 -31"><span class='ocrx_word' id='word_1_216' title='bbox 205 3857 380 3947; x_wconf 89' lang='lat' dir='ltr'><strong>matione,</strong></span> <span class='ocrx_word' id='word_1_217' title='bbox 398 3858 528 3945; x_wconf 88' lang='lat' dir='ltr'><strong>uloere,</strong></span> <span class='ocrx_word' id='word_1_218' title='bbox 541 3859 740 3946; x_wconf 85' lang='lat' dir='ltr'><strong>debilitate,</strong></span> <span class='ocrx_word' id='word_1_219' title='bbox 757 3859 954 3958; x_wconf 83' lang='lat' dir='ltr'><strong>rigiditate,</strong></span> <span class='ocrx_word' id='word_1_220' title='bbox 967 3883 1128 3959; x_wconf 76' lang='lat' dir='ltr'><strong>spusnw,</strong></span> <span class='ocrx_word' id='word_1_221' title='bbox 1141 3864 1289 3943; x_wconf 76' lang='lat' dir='ltr'><strong>detecu</strong></span> 
     </span>
     <span class='ocr_line' id='line_1_33' title="bbox 205 3966 1254 4078; baseline 0.01 -39"><span class='ocrx_word' id='word_1_222' title='bbox 205 3966 385 4056; x_wconf 88' lang='lat' dir='ltr'><strong>dentium,</strong></span> <span class='ocrx_word' id='word_1_223' title='bbox 402 3971 645 4058; x_wconf 82' lang='lat' dir='ltr'><strong>maxillarum,</strong></span> <span class='ocrx_word' id='word_1_224' title='bbox 662 3970 871 4059; x_wconf 83' lang='lat' dir='ltr'><strong>buccarum,</strong></span> <span class='ocrx_word' id='word_1_225' title='bbox 887 3971 1077 4060; x_wconf 89' lang='lat' dir='ltr'><strong>labiorum,</strong></span> <span class='ocrx_word' id='word_1_226' title='bbox 1095 3974 1254 4078; x_wconf 75' lang='lat' dir='ltr'><strong>lingum</strong></span> 
     </span>
    </p>

    <p class='ocr_par' dir='ltr' id='par_1_7' title="bbox 204 4081 1289 4295">
     <span class='ocr_line' id='line_1_34' title="bbox 254 4081 1289 4179; baseline 0.011 -26"><span class='ocrx_word' id='word_1_227' title='bbox 254 4101 379 4155; x_wconf 78' lang='lat' dir='ltr'><strong>ncnu.</strong></span> <span class='ocrx_word' id='word_1_228' title='bbox 407 4081 615 4179; x_wconf 89' lang='lat' dir='ltr'><strong>Impeditur</strong></span> <span class='ocrx_word' id='word_1_229' title='bbox 638 4105 788 4179; x_wconf 87' lang='lat' dir='ltr'><strong>quoque</strong></span> <span class='ocrx_word' id='word_1_230' title='bbox 813 4082 992 4157; x_wconf 87' lang='lat' dir='ltr'><strong>similibus</strong></span> <span class='ocrx_word' id='word_1_231' title='bbox 1015 4087 1148 4175; x_wconf 88' lang='lat' dir='ltr'><strong>causis,</strong></span> <span class='ocrx_word' id='word_1_232' title='bbox 1175 4090 1289 4167; x_wconf 88' lang='lat' dir='ltr'><strong>velos</strong></span> 
     </span>
     <span class='ocr_line' id='line_1_35' title="bbox 204 4189 1288 4295; baseline 0.015 -32"><span class='ocrx_word' id='word_1_233' title='bbox 204 4190 265 4263; x_wconf 93' lang='lat' dir='ltr'><strong>vel</strong></span> <span class='ocrx_word' id='word_1_234' title='bbox 288 4199 432 4289; x_wconf 90' lang='lat' dir='ltr'><strong>guttur,</strong></span> <span class='ocrx_word' id='word_1_235' title='bbox 457 4189 516 4265; x_wconf 87' lang='lat' dir='ltr'><strong>vel</strong></span> <span class='ocrx_word' id='word_1_236' title='bbox 531 4190 660 4290; x_wconf 82' lang='lat' dir='ltr'><strong>gulam</strong></span> <span class='ocrx_word' id='word_1_237' title='bbox 676 4192 928 4285; x_wconf 86' lang='lat' dir='ltr'><strong>afficientibus,</strong></span> <span class='ocrx_word' id='word_1_238' title='bbox 958 4220 1044 4295; x_wconf 81' lang='lat' dir='ltr'><strong>quoe</strong></span> <span class='ocrx_word' id='word_1_239' title='bbox 1060 4196 1153 4277; x_wconf 84' lang='lat' dir='ltr'><strong>huie</strong></span> <span class='ocrx_word' id='word_1_240' title='bbox 1171 4224 1288 4281; x_wconf 79' lang='lat' dir='ltr'><strong>sume·</strong></span> 
     </span>
    </p>
   </div>
   <div class='ocr_carea' id='block_1_5' title="bbox 0 0 1352 4792">
    <p class='ocr_par' dir='ltr' id='par_1_8' title="bbox 0 0 1352 4792">
     <span class='ocr_line' id='line_1_36' title="bbox 0 0 1352 4792; baseline 0 0"><span class='ocrx_word' id='word_1_241' title='bbox 0 0 1352 4792; x_wconf 95' lang='lat' dir='ltr'><strong> </strong></span> 
     </span>
    </p>
   </div>
  </div>
 </body>
</html>
