2694 4792
226 331 300 400 350
619 339 873 398 eousrncrus
1055 335 1145 391 rar.
1163 336 1311 395 mm

221 543 296 607 nes,
322 527 433 620 prout
449 519 584 595 vitium
600 518 683 618 plus
701 519 825 592 minus
840 512 1008 616 generale
1032 511 1159 602 fuerit,
1183 538 1303 591 neces-

230 633 323 705 sario
339 631 564 733 impeditum
580 633 635 705 iri.

274 765 409 820 nxcu.
435 744 499 818 Ex
515 745 616 818 vitiis
632 751 759 818 autem
779 739 936 843 generis
960 739 1119 829 nervosi,
1143 764 1307 840 quornm

223 864 373 944 naturae,
397 867 435 931 et
452 853 617 945 effeetus,
633 866 672 930 et
687 881 807 945 noxae,
823 866 863 929 et
877 851 1050 941 remedia
1066 852 1307 950 quodammo-

222 966 271 1041 do
295 968 565 1070 intelliguntur,
594 977 755 1068 quatuor
778 965 951 1066 primaria
974 962 1252 1040 evidentissima
1268 976 1304 1040 et

220 1076 513 1177 frequentissima
546 1081 736 1166 existunt;
778 1078 943 1153 defectus
981 1075 1117 1151 scilieet
1154 1076 1303 1176 vigoris,

220 1189 299 1264 sive
313 1192 503 1279 debilitas3
535 1217 702 1269 exoessus
719 1190 897 1290 ejusdem,
922 1212 987 1262 sen
1012 1188 1149 1264 nimius
1173 1188 1300 1289 vigor:

218 1301 382 1379 defectus
399 1304 615 1381 mobilitatis
631 1312 670 1380 et
685 1326 822 1390 sensus,
848 1326 913 1377 seu
942 1312 1069 1401 torpor
1097 1312 1138 1375 et
1153 1310 1302 1400 stupor;

218 1421 258 1487 et
274 1413 437 1505 demum,
462 1441 630 1493 exoessus
655 1440 781 1491 sensus
797 1411 1100 1511 mobilitatisqne,
1131 1412 1211 1488 sive
1227 1437 1301 1488 mo·

217 1524 339 1601 bilitas
363 1529 540 1603 morbosa.
615 1528 680 1602 De
703 1527 837 1601 horum
865 1523 1049 1600 malorum
1077 1524 1231 1614 naturis,
1265 1534 1302 1599 et

216 1640 343 1729 nausis,
360 1650 399 1714 et
414 1641 532 1729 noxis,
543 1638 623 1737 jam
640 1663 708 1714 suo
723 1636 803 1713 loeo
820 1637 1010 1730 (cecam,
1027 1647 1067 1711 et
1082 1644 1202 1736 seqq.)
1227 1636 1300 1712 die·

217 1759 325 1840 tumr
350 1752 397 1828 de
410 1751 639 1855 singulorum
650 1750 823 1829 remediis
839 1773 940 1826 nunc
955 1748 1084 1826 ordine
1100 1748 1301 1828 dicendum

218 1873 286 1941 est.

268 1996 417 2051 mrem.
444 1974 627 2050 Remedia
642 1974 823 2075 imprimis
839 2000 926 2077 quae
946 1974 1121 2051 adversus
1137 1977 1301 2054 debilita-

217 2096 294 2161 tem
318 2085 454 2176 valent,
479 2088 687 2163 roborantia
711 2111 786 2162 non
815 2089 942 2188 inepte
965 2096 1167 2177 vooantnr;
1206 2115 1302 2192 saepe

216 2208 344 2275 autem
361 2199 462 2300 apud
477 2199 639 2276 medioos
656 2200 778 2279 tmrieo
794 2201 1036 2303 appellantur,
1058 2203 1163 2301 quari
1179 2207 1301 2280 omnir

216 2333 344 2386 eorum
369 2314 465 2388 aetio
501 2321 540 2387 et
564 2314 684 2390 virtus
710 2316 923 2391 oonsisteret
958 2314 1000 2389 in
1023 2315 1194 2416 augenda
1223 2327 1301 2393 ten·

214 2422 329 2515 sione,
346 2448 410 2501 seu
428 2433 514 2503 rmw
531 2426 592 2519 (ut
606 2425 719 2502 multi
735 2434 895 2527 vorant),
923 2425 1100 2503 fibrarum
1117 2430 1299 2505 musonio-

215 2560 341 2614 sarum
355 2539 527 2632 (cccxxr,
543 2550 582 2614 et
599 2545 725 2640 seqq.>.
767 2539 883 2614 Vires.
892 2538 1148 2617 musculorum
1164 2542 1299 2642 pende-

213 2672 254 2724 re
276 2650 443 2728 multum
466 2677 488 2727 a
512 2653 680 2728 tensione
694 2651 870 2728 fibrarum
896 2675 946 2726 ex
961 2652 1099 2751 quibus
1115 2663 1297 2743 onustant,

214 2770 254 2834 et
279 2762 347 2837 hac
371 2765 518 2840 minuta
543 2765 603 2839 vel
629 2764 781 2855 sublata,
806 2764 928 2839 minui
952 2763 1013 2839 vel
1037 2763 1141 2850 tolli;
1169 2766 1300 2841 eadem

211 2894 300 2947 vero
322 2885 442 2964 aucta,
466 2878 564 2954 intra
587 2889 704 2954 oertos
728 2877 866 2952 limites
883 2877 1090 2969 (cccxxm.
1106 2884 1298 2975 cccxmv)

211 2985 349 3083 augeri,
374 2989 616 3065 certissimum
634 3000 710 3065 est:
740 2988 914 3089 quaedam
930 2989 1044 3064 etiam
1058 3010 1105 3062 ex
1121 2985 1302 3064 remediis

209 3096 476 3189 roborantibus,
503 3101 708 3180 tensionem
724 3100 900 3177 fibrarum
916 3097 1219 3189 musculosarum,
1235 3100 1298 3177 vel

210 3206 251 3283 in
275 3219 379 3309 parte
402 3208 579 3310 qualibet,
603 3212 664 3287 vel
688 3214 729 3288 in
753 3214 927 3289 universo
956 3234 1117 3314 corpore,
1150 3234 1295 3314 augere,

209 3321 412 3398 admodum
436 3322 635 3399 verisimile
659 3334 725 3401 est.
776 3325 915 3401 Omnia
929 3349 1020 3400 vero
1034 3324 1167 3400 eodem
1185 3325 1298 3400 modo

209 3435 380 3533 prodesse
404 3436 562 3511 minime
585 3437 774 3536 probabile
798 3438 969 3524 videtur:
1004 3437 1110 3536 quod
1133 3437 1295 3537 profecto

207 3544 256 3620 de
271 3547 458 3624 nonnullis
474 3550 541 3624 vix
557 3550 731 3626 credibile
747 3560 812 3626 est.
864 3549 1022 3625 Praestat
1044 3549 1173 3649 igitur,
1203 3571 1294 3624 senr-

205 3680 347 3756 perque
363 3660 561 3758 praestabit‚
578 3663 644 3738 ubi
660 3662 741 3738 fieri
757 3670 891 3763 potest,
915 3659 1141 3736 vooabulum
1157 3661 1295 3736 evitare

206 3771 310 3870 quod
333 3771 475 3872 aliquid
499 3776 721 3874 conjecturae
738 3777 777 3850 in
794 3798 833 3849 se
861 3774 1039 3861 continet,
1068 3794 1156 3872 quse
1173 3771 1295 3846 minus

204 3891 332 3958 mutos
348 3885 388 3959 in
405 3909 561 3962 errorem
579 3889 741 3975 duceret,
758 3908 970 3984 nomenque
986 3885 1025 3959 in
1042 3883 1124 3971 hoo,
1141 3884 1240 3959 sieut
1255 3882 1293 3956 iu

203 3992 284 4070 aliis
299 3996 490 4096 exemplis,
515 4000 686 4074 remediis
710 3999 911 4099 imponere,
936 4020 986 4073 ex
1009 3995 1206 4072 effectibus
1233 4014 1292 4068 eo·

204 4130 291 4183 rum
306 4108 414 4182 sertis
430 4119 469 4182 et
486 4111 698 4186 manifestis.

253 4230 392 4299 uxum.
418 4218 592 4301 Primum
616 4223 715 4301 inter
737 4221 947 4306 roborantia
975 4221 1099 4302 lorum
1129 4170 1292 4301 remedia
