2678 4794
122 347 195 426 346
516 361 762 423 consracrus
970 352 1208 413 crnxxvn.

122 544 233 620 citius
257 539 432 618 affectum
456 540 523 626 iri;
559 563 647 614 nam
671 545 795 613 motus
819 531 1008 633 sanguinis
1046 537 1085 604 et
1109 531 1207 607 vires

120 640 324 733 nervorum
353 662 392 727 et
422 649 674 728 musculorum
698 659 777 724 tam
796 659 896 722 arcto
911 642 1062 719 vinculo
1090 666 1205 743 oopu-

122 766 441 863 lantur(ccccx1)‚
459 774 503 839 ut
519 787 625 862 saepe,
642 761 742 837 dicto
757 761 877 846 citius,
894 757 1040 831 affectio
1056 755 1205 830 alterius

125 879 330 956 functiones
345 876 494 964 alterius
509 875 618 949 valde
633 875 777 950 afficiat.
827 873 951 972 Igitur
966 893 1042 943 uon
1056 866 1206 943 difficile

124 991 323 1091 explanata
339 988 419 1076 erit,
436 1013 514 1088 quo
530 997 638 1087 pacto
652 987 700 1061 ab
716 987 860 1060 actione
876 983 1006 1057 horum
1024 979 1203 1055 remedio-

125 1128 211 1178 rum
235 1100 410 1176 relaxatio
446 1100 614 1175 omnium
645 1096 907 1182 musculorum,
946 1104 984 1168 et
1011 1092 1203 1167 infirmitas

125 1213 249 1312 aliqua
271 1211 460 1313 generalis,
486 1223 525 1286 et
549 1211 733 1286 mobilitas
757 1219 873 1296 aucta,
898 1216 937 1280 et
952 1204 1014 1279 alii
1039 1203 1203 1303 ejusdem

123 1326 267 1426 generis
283 1323 449 1412 effectus,
466 1325 701 1400 inducantur.

173 1460 388 1513 mnxxxru.
426 1437 491 1511 Ex
515 1437 572 1512 his
597 1436 704 1510 variis
739 1432 929 1509 effectibus
957 1429 1202 1505 remediorum

124 1549 394 1625 emollientium
419 1549 523 1624 facile
547 1549 698 1647 patebit,
723 1545 881 1643 plurima
904 1567 1047 1630 eorum,
1071 1542 1112 1615 in
1126 1540 1202 1647 aliis

125 1672 239 1762 atque
263 1662 342 1736 aliis
366 1661 580 1737 morborum
605 1658 811 1761 generibus,
836 1657 945 1732 variis
970 1654 1101 1743 modis,
1129 1675 1201 1729 esse

126 1773 339 1873 profutura3
364 1774 500 1850 scilicet
524 1798 609 1871 quae
624 1795 699 1846 non
715 1770 828 1845 modo
843 1771 964 1868 primo
988 1794 1057 1844 suo
1073 1778 1111 1843 et
1135 1766 1201 1867 pri·

126 1888 243 1961 mario
268 1886 403 1960 effectu
427 1886 467 1957 in
491 1883 656 1981 partibus
681 1881 804 1957 solidis
827 1881 1105 1981 simplicissimis
1126 1902 1200 1979 pm

125 1997 228 2071 desse
244 2005 408 2093 possunt,
424 2018 556 2067 verum
572 1995 686 2069 etiam
704 1995 819 2094 magis
835 1994 956 2069 adhuc
973 1994 1113 2069 viribus
1132 1992 1201 2067 suis

123 2105 163 2179 in
180 2106 361 2180 mutando
378 2114 478 2180 statu
497 2106 558 2181 vel
586 2109 747 2206 partium
775 2132 861 2207 quae
888 2108 1107 2206 sanguinem
1129 2129 1202 2180 ruo·

122 2227 223 2305 vent,
247 2216 307 2292 vel
331 2217 489 2318 generis
520 2220 678 2310 nervosi,
706 2231 772 2297 aut
801 2222 841 2296 in
866 2229 969 2320 parte
991 2219 1118 2318 aliqua
1132 2242 1200 2319 prae

125 2330 273 2418 caeteris,
289 2341 356 2405 aut
373 2356 438 2431 per
454 2341 577 2407 totum
594 2359 736 2434 corpus.

175 2466 375 2520 maxxxrv.
407 2445 596 2545 Imprimis
620 2448 737 2548 igitur
761 2448 800 2521 in
826 2447 1010 2547 rigiditate
1039 2446 1205 2521 morbosa

124 2557 296 2655 generali,
313 2559 482 2633 remediis
499 2560 773 2636 emollientibus
790 2558 896 2659 plane
906 2583 999 2658 opus
1015 2568 1083 2646 est,
1100 2582 1205 2657 prop-

127 2679 184 2741 ter
208 2668 381 2744 effectum
409 2695 539 2746 eorum
563 2673 781 2771 primarium
818 2681 857 2746 et
886 2669 1203 2768 simplicissimum.

127 2779 227 2852 Talis
256 2781 421 2877 profecto
443 2793 651 2858 nostrorum
677 2808 869 2881 corporum
897 2783 1061 2857 conditio
1082 2805 1201 2856 rarum

126 2887 262 2962 vitium
288 2901 365 2976 est;
401 2893 471 2967 nisi
510 2894 550 2967 i'n
589 2895 745 2979 senibus,
774 2893 909 2990 quibus
934 2918 1062 2968 omnes
1083 2903 1199 2993 partes

125 2997 251 3073 solidae
267 3000 377 3073 nimis
393 3002 523 3099 rigidae
539 3003 617 3076 fieri
634 3003 764 3091 solent,
787 3014 935 3101 propter
951 3009 1067 3081 varias
1081 3026 1201 3080 oausm

118 3109 199 3207 jam
224 3111 409 3208 expositas
434 3112 613 3203 (axxxu,
631 3126 669 3188 et
685 3138 784 3212 seqq.
803 3128 1081 3216 uccctxv1n);
1105 3116 1205 3206 unda

125 3222 195 3320 ipsi
211 3221 310 3297 haud
324 3247 451 3321 parum
471 3247 566 3322 saepe
578 3225 772 3323 patiuntur
783 3229 1020 3319 incommodi,
1038 3231 1205 3306 deficien-

125 3334 227 3410 tibus
243 3336 393 3423 viribus,
420 3336 697 3413 hebescentibus
714 3341 888 3429 sensibus,
905 3354 1089 3443 motuque
1105 3327 1215 3419 omni¹

127 3445 330 3522 difficiliore
369 3448 474 3522 facto.
549 3449 732 3537 Quamvis
766 3452 992 3552 hujusmodi.
1010 3456 1207 3556 rigiditatis

127 3555 229 3631 nulla
245 3559 407 3633 existant
423 3559 594 3649 remedia,
619 3572 742 3639 tamen
760 3565 798 3638 in
817 3567 887 3641 hoc
902 3568 981 3665 ipso
997 3579 1109 3657 statu,
1135 3592 1207 3644 oer-

128 3669 313 3744 tissimum
340 3679 396 3743 est
419 3672 581 3747 remedia
606 3676 773 3774 quaedam
799 3679 1023 3755 emollientia
1037 3678 1208 3755 levamen

131 3783 422 3882 (nccccnxxn),
434 3784 633 3883 aliquando
645 3787 744 3863 baud
755 3791 946 3889 exiguum,
963 3789 1143 3883 attulisse,
1155 3793 1207 3867 vi·

129 3903 281 3994 tamque
297 3895 381 3969 ideo
391 3895 471 3993 jam
489 3898 565 3973 fere
582 3900 813 3976 deficientem
829 3904 933 4000 quasi
950 3927 1153 3993 renovasse,
1169 3915 1208 3979 et

131 4031 225 4108 saepe
241 4031 307 4106 per
322 4007 445 4107 plures
462 4017 615 4098 menses,
639 4013 827 4087 interdum
844 4014 954 4087 etiam
972 4038 1037 4113 per
1064 4016 1208 4115 aliquot

131 4144 255 4211 annos,
283 4121 511 4219 protraxisse.
563 4124 623 4198 Sic
651 4134 753 4199 aestas
777 4123 925 4200 calidior
949 4139 1033 4227 post
1056 4128 1206 4229 longam
