2678 4794
141 389 215 457 330
521 401 771 459 conserentis
1008 403 1095 458 car.
1113 401 1228 456 xxva
1268 356 1271 360 ⁴

144 577 277 657 rientia
301 581 385 658 satis
409 577 682 654 demonstravit.
737 575 878 651 Modus
903 599 991 648 vero
1019 601 1097 674 quo
1121 579 1227 652 hunc

144 692 320 770 effectum
345 698 530 792 prostant,
554 713 684 788 parum
709 686 885 763 hactenus
909 686 1117 763 intellectus
1144 699 1226 773 est;

144 805 232 894 sive,
266 815 311 881 ut
334 802 485 904 quidam
509 801 721 900 opinantur,
756 821 869 873 novas
893 797 1085 897 particulas
1121 799 1228 872 inter

50 916 52 920 ⁴
143 918 310 1016 pristinas
338 913 616 1013 interponendo,
641 937 728 1011 quae
755 910 820 985 has
847 909 977 984 fortius
1010 919 1228 997 annectant,

143 1014 333 1126 totamque
360 1026 445 1100 ideo
469 1048 688 1125 compagem
711 1023 911 1097 firmiorem
928 1022 1102 1105 reddant;
1131 1021 1227 1108 sive,

141 1153 186 1213 ut
201 1137 279 1215 aliis
296 1138 413 1237 magis
429 1138 561 1238 placet,
586 1161 717 1237 parum
735 1135 796 1210 vel
821 1134 912 1209 nihil
936 1159 1042 1208 novae
1058 1136 1225 1208 materiae

139 1249 291 1347 adjecto,
326 1249 477 1326 vincula
500 1259 647 1325 tantum
674 1248 889 1323 adhaesionis
921 1248 1085 1346 priorum
1110 1247 1224 1345 parti·

138 1360 305 1437 cularum
330 1364 628 1464 constringendo,
652 1387 738 1462 quaa
766 1361 818 1434 sic
841 1360 888 1434 ad
912 1359 1119 1458 propiorem
1136 1382 1221 1433 con-

138 1483 281 1548 tactum
299 1475 498 1573 perductae,
515 1474 707 1549 materiam
718 1472 901 1546 duriorem
919 1471 1084 1544 reddant.
1123 1471 1221 1545 Prae·

138 1594 212 1660 stat
235 1598 334 1661 certe
370 1585 418 1661 de
451 1611 491 1660 re
526 1585 618 1659 adeo
654 1583 806 1658 obseura
829 1595 943 1682 atque
967 1584 1105 1656 inoerta
1128 1580 1221 1656 nihil

139 1697 352 1798 conjectare,
376 1723 490 1798 quarn
507 1698 615 1771 variis
630 1695 876 1795 opinionibus,
902 1695 1064 1792 ipsisque
1088 1719 1218 1794 parum

139 1811 324 1898 accuratis,
350 1809 541 1909 nequead
559 1832 636 1883 rem
653 1807 747 1882 bene
772 1807 1043 1906 explanandam
1068 1807 1218 1894 idoneis,

138 1946 261 2019 neque
286 1923 369 1996 usui
393 1921 537 1994 medico
573 1919 865 2007 accommodatis,
900 1929 1046 1992 nosmet
1070 1920 1216 1993 irretire.

138 2032 280 2105 Tamen
305 2032 391 2105 satis
415 2041 558 2107 certum
585 2042 650 2119 est,
689 2033 881 2107 materiam
907 2031 1057 2106 solidam
1083 2032 1216 2105 anima·

135 2140 228 2216 lium
257 2166 464 2243 corporum,
500 2144 690 2220 interdum
715 2144 836 2219 ductis
862 2154 1006 2218 tantum
1033 2142 1214 2242 particulis

135 2277 184 2327 ex
221 2254 358 2353 quibus
393 2263 535 2331 constat
570 2258 610 2332 in
646 2257 837 2334 arctiorem
868 2266 1093 2343 contactum,
1130 2257 1214 2331 citra

135 2364 251 2441 ullam
276 2369 338 2442 vel
361 2369 552 2444 minimam
589 2368 864 2468 compositionis
888 2368 1146 2456 mutationem,
1179 2379 1213 2440 et

135 2477 325 2554 interdum
363 2482 474 2555 etiam
512 2481 695 2580 dissipatis
730 2481 917 2582 particulis
949 2479 1212 2555 humidioribus

136 2615 222 2688 quae
237 2617 319 2667 eam
336 2593 486 2669 mollem
503 2593 684 2683 fecissent,
714 2594 910 2669 firmiorem
928 2593 1042 2668 reddi.
1094 2591 1212 2669 Medi-

135 2713 303 2777 camenta
319 2730 407 2780 vero
423 2706 673 2807 astringentia,
698 2730 789 2781 num
808 2707 919 2781 simili
943 2707 1076 2804 quovis
1094 2705 1212 2792 modo,

134 2834 182 2882 an
199 2812 269 2885 alia
284 2839 430 2910 prorsus
446 2818 597 2905 ratione,
625 2842 736 2892 suum
753 2818 929 2892 effectum
946 2829 1131 2916 praestent,
1155 2842 1213 2918 pa·

133 2945 216 2994 rum
233 2933 395 3011 constan
420 2951 488 3000 nec
504 2927 670 3001 multum
686 2927 810 3016 refert,
828 2928 1033 3004 dummodo
1061 2931 1213 3018 effectus

133 3031 212 3129 ipse
228 3045 348 3108 certus
365 3037 423 3123 sit,
440 3060 645 3135 eorumque
668 3046 800 3112 natura
816 3049 855 3112 et
871 3041 1140 3117 administratio
1164 3065 1213 3119 sa·

132 3152 180 3228 tis
196 3166 393 3255 perspecta.

182 3290 284 3344 mxc.
311 3269 438 3345 Multa
454 3277 549 3360 sane,
578 3274 784 3372 etquidem
804 3277 1057 3353 diversissimae
1073 3288 1212 3353 natura

130 3381 408 3470 medicamenta,
436 3382 533 3456 inter
548 3378 788 3486 astringenda
804 3388 938 3464 rherito
966 3401 1210 3465 recensentur.

131 3487 270 3565 Omnia
285 3519 373 3568 vero
388 3494 656 3572 medicamenta
672 3524 758 3598 quae
774 3501 842 3576 hac
859 3502 1031 3577 facultate
1060 3502 1211 3602 pollent,

129 3599 189 3674 vel
214 3626 260 3675 ex
286 3603 465 3704 frugibus,
500 3608 562 3683 vel
598 3634 647 3684 ex
679 3612 862 3688 fossilibus
887 3616 1100 3713 corporibus
1125 3629 1211 3690 sunt

127 3712 299 3789 derivata

178 3847 293 3901 mxu.
333 3829 546 3908 Innumeris
581 3835 656 3910 fere
680 3836 719 3909 in
745 3838 924 3938 frugibus,
963 3840 1079 3937 inque
1103 3838 1211 3914 variis

126 3960 252 4011 earum
270 3940 445 4037 partibus,
471 3945 568 4020 inest
583 3947 640 4023 vis
661 3950 885 4048 astringens;
911 3949 1029 4024 veluti
1046 3951 1086 4023 in
1117 3950 1209 4025 radi·

123 4047 239 4136 cibus
275 4052 481 4144 corticibus,
519 4056 640 4157 lignis,
678 4060 782 4148 foliis,
818 4061 980 4150 floribus,
1015 4062 1211 4148 fructibus,

123 4171 163 4233 et
179 4159 331 4237 demum
348 4163 388 4237 in
404 4168 520 4241 succis
536 4171 691 4270 propriis
707 4172 888 4270 spissatis;
912 4199 1072 4273 quorum
1090 4174 1209 4250 omui·

123 4292 190 4346 um
214 4275 385 4376 exempla
408 4301 486 4355 esse
520 4293 685 4382 possum,
711 4294 838 4364 cortex
862 4310 1020 4388 quercus
1057 4286 1207 4375 roboris,
