2678 4794
199 413 272 494 426
604 424 855 486 oonmncrus
1057 425 1148 483 ese.
1166 408 1299 485 xxxi.

197 608 364 684 validum
393 608 503 683 fuerit
530 606 749 692 adhibitum,
774 605 918 680 mrebit.
982 604 1029 678 In
1058 603 1280 704 hujusmodi

198 723 304 796 malis
318 720 506 796 narcotica
519 720 784 820 medicamenta
795 719 933 816 optima
946 718 1108 792 remedia
1120 729 1224 805 sunt,
1241 729 1278 793 et

198 858 294 933 saepe
310 835 401 908 sdeo
416 833 612 908 necessaria
627 831 870 930 reperiuntur,
896 841 938 902 ut
956 830 1066 904 multi
1082 840 1124 904 et
1148 834 1276 935 magui

197 947 357 1021 nominis
382 945 515 1020 medici
532 968 606 1017 non
625 943 876 1018 dubitaverint
892 942 1066 1040 profiteri,
1093 968 1133 1016 se
1158 955 1274 1018 artem

198 1082 303 1133 suam
319 1067 384 1131 aut
400 1055 497 1130 nolle
514 1067 579 1130 ant
596 1057 750 1153 nequire
767 1079 943 1141 exercere,
960 1056 989 1129 si
1007 1055 1143 1129 talibus
1161 1080 1273 1131 reme·

197 1170 266 1244 diis
294 1170 532 1268 privarentur.
601 1168 748 1268 Optimi
783 1168 956 1242 nimirum
991 1177 1029 1241 et
1061 1168 1272 1266 peritissimi

57 1355 60 1359 ,
196 1281 328 1356 medici
344 1282 431 1355 satis
447 1304 632 1379 superque
653 1288 801 1367 norunt,
827 1304 900 1352 non
919 1304 1060 1379 semper
1075 1305 1191 1379 penes
1215 1303 1271 1354 eos

194 1416 281 1480 esse,
307 1394 459 1468 sublatis
483 1393 630 1468 illorum
656 1394 782 1479 causis,
807 1391 900 1465 mala
926 1417 1010 1489 qnae
1028 1394 1193 1467 maxime
1217 1418 1269 1468 ur·

192 1516 286 1604 gent
302 1505 427 1580 statim
445 1516 483 1580 et
500 1508 648 1604 penitus
665 1504 817 1594 toliere3
849 1528 970 1602 neque
987 1504 1077 1578 levis
1095 1506 1270 1579 momenti

195 1628 263 1705 est,
279 1641 422 1716 aegrum
439 1617 659 1691 eruciatibus
676 1616 823 1689 forsitan
844 1615 944 1689 brevi
962 1616 1158 1693 mortiferis
1174 1620 1270 1694 sutu-

193 1729 254 1816 ris,
280 1739 318 1804 et
337 1739 455 1805 morte
471 1731 549 1828 ipsa
566 1727 851 1813 terribilioribus,
877 1752 942 1825 per
967 1728 1097 1802 idonea
1113 1732 1269 1806 remedia

194 1843 383 1940 surripere.
435 1842 530 1914 Haec
543 1864 628 1913 vero
640 1862 714 1911 non
729 1840 780 1911 ita
796 1838 1035 1938 intelligenda
1052 1853 1152 1930 sunt,
1171 1845 1269 1943 quasi

192 1951 233 2023 in
251 1952 354 2024 omni
369 1951 535 2048 graviore
551 1950 709 2046 eorporis
725 1950 937 2038 irritatione,
960 1952 1128 2051 neglecta
1145 1966 1270 2031 natura

194 2070 233 2132 et
249 2083 356 2133 eausa
368 2060 458 2157 ejus,
470 2060 516 2133 ad
534 2063 808 2146 narcoticum!
825 2066 1006 2162 anodyna,
1025 2078 1068 2141 nt
1085 2081 1269 2157 vorantur,

193 2171 465 2246 medicamenta
480 2174 649 2271 protinus
674 2175 964 2274 confugiendum
995 2189 1100 2255 esset.
1151 2182 1269 2257 Dooet

90 2368 94 2377 ,
194 2284 296 2358 enim
313 2283 416 2371 ratio,
442 2286 544 2383 quod
560 2296 599 2361 et
616 2286 734 2361 multa
759 2290 984 2386 experientia
1008 2292 1095 2366 satis
1112 2317 1269 2392 compro-

193 2395 309 2483 bavit,
334 2397 380 2470 ad
397 2421 542 2472 eausam
563 2398 657 2487 mali,
683 2400 896 2499 ubicunqne
912 2401 992 2476 hmo
1008 2403 1133 2503 detegi
1152 2405 1269 2504 possit,

194 2510 463 2607 respiciendum
482 2535 569 2598 esse,
594 2537 670 2610 quo
686 2512 836 2599 facilius,
861 2525 899 2588 et
915 2517 1064 2604 certius,
1088 2531 1128 2592 et
1146 2520 1269 2603 tutius,

194 2620 336 2696 malum
354 2623 473 2721 ipsum
489 2635 554 2698 aut
566 2626 769 2723 corrigatur
778 2637 844 2699 aut
860 2626 1072 2703 eradicetur.
1124 2630 1180 2704 Et
1194 2654 1270 2729 pro

194 2731 291 2804 fecto
308 2733 408 2807 haud
426 2759 550 2832 paueae
561 2759 610 2808 ex
622 2740 845 2834 gravissimis
858 2740 1123 2815 irritationibus
1138 2743 1269 2840 quibus

196 2864 327 2936 corpus
343 2844 382 2917 in
400 2847 509 2918 variis
535 2847 668 2920 morbis
696 2850 899 2924 obnoxium
926 2862 992 2938 est,
1017 2853 1266 2936 saluberrime,

194 2952 401 3048 etquidem
420 2960 625 3030 neeessariae
637 2951 724 3030 sur'rt
736 2960 783 3032 ad
798 2961 996 3037 tollendam
1014 2965 1169 3063 pejorem
1186 2986 1266 3060 per·

193 3063 338 3137 niciem.
390 3065 531 3140 Medici
548 3068 664 3164 igitur
679 3071 758 3152 erit.
784 3071 870 3147 istas
891 3086 1036 3149 tantum
1055 3075 1269 3150 irritationes

191 3183 258 3247 aut
275 3197 503 3273 compescere
520 3187 585 3251 aut
612 3190 824 3278 temperare,
850 3210 935 3283 quae
951 3187 1011 3261 vel
1027 3187 1188 3273 inutiles,
1212 3185 1269 3260 vel

194 3287 415 3384 perniciosae,
440 3287 499 3361 vei
516 3289 642 3366 nimiae
659 3292 748 3367 'visae
763 3296 837 3368 sint
851 3326 860 3383 ;
886 3310 1024 3373 etcum
1044 3299 1124 3373 fieri
1141 3308 1267 3399 potest,

193 3397 263 3472 hoe
280 3410 420 3473 tentare
448 3424 514 3498 per
530 3402 690 3477 remedia
707 3431 792 3504 quae
808 3434 930 3484 oausas
958 3436 1085 3485 earum
1114 3434 1267 3486 summo·

193 3531 280 3580 vere
296 3510 358 3584 vel
374 3512 540 3585 minuere
557 3528 715 3610 queant;
738 3544 824 3594 cum
842 3531 967 3595 autem
986 3523 1043 3595 hae
1060 3523 1122 3596 vel
1139 3525 1268 3623 ignota

144 3702 147 3711 ¹
193 3617 253 3690 vel
271 3620 557 3698 immedicabiles
574 3625 723 3718 fuerint,
739 3643 820 3706 tum
834 3635 1014 3731 anodynis
1031 3635 1268 3710 medicamen·

192 3731 239 3805 tis
256 3730 313 3805 uti
329 3730 467 3810 licebit.

241 3866 416 3920 nccnxx.
442 3848 507 3923 De
524 3850 581 3927 bis
598 3879 685 3928 vero
702 3857 977 3932 medioamentis
1001 3861 1093 3934 scire
1118 3867 1267 3960 oportet

191 3980 268 4053 quo
283 3959 430 4056 gravior
445 3961 602 4040 irritatio
618 3968 740 4055 fuerit,
765 3995 809 4043 eo
822 3970 896 4044 fere
912 3971 990 4069 ipsa
1007 3974 1134 4047 minus
1145 3973 1268 4054 valere,

189 4067 258 4141 nisi
279 4094 413 4168 magna
428 4078 638 4169 quantitate
659 4081 705 4155 ab
722 4084 828 4180 oegris
846 4083 1019 4157 devorata
1035 4083 1197 4169 fuerint;
1222 4084 1268 4156 ita

190 4190 233 4253 ut
250 4179 439 4257 interdum
456 4185 504 4258 ad
520 4194 835 4267 summovendum
853 4193 1017 4269 dolorem
1048 4198 1163 4272 unius
1187 4196 1267 4269 den·

189 4291 247 4380 tis,
282 4304 321 4370 et
353 4319 524 4379 somnum
551 4324 658 4400 »agro
690 4304 972 4397 eonciliandum,
1008 4305 1169 4412 decupla
1200 4305 1267 4382 fere
