<?xml version="1.0" encoding="UTF-8"?>
<!DOCTYPE html PUBLIC "-//W3C//DTD XHTML 1.0 Transitional//EN"
    "http://www.w3.org/TR/xhtml1/DTD/xhtml1-transitional.dtd">
<html xmlns="http://www.w3.org/1999/xhtml" xml:lang="en" lang="en">
 <head>
  <title>
</title>
<meta http-equiv="Content-Type" content="text/html;charset=utf-8" />
  <meta name='ocr-system' content='tesseract 3.04.00' />
  <meta name='ocr-capabilities' content='ocr_page ocr_carea ocr_par ocr_line ocrx_word'/>
</head>
<body>
  <div class='ocr_page' id='page_1' title='image "./conspectusmedic01greggoog_0262.png"; bbox 0 0 2678 4794; ppageno 0'>
   <div class='ocr_carea' id='block_1_1' title="bbox 143 341 1280 418">
    <p class='ocr_par' dir='ltr' id='par_1_1' title="bbox 143 341 1280 440">
     <span class='ocr_line' id='line_1_1' title="bbox 143 341 1280 418; baseline -0.017 0"><span class='ocrx_word' id='word_1_1' title='bbox 143 361 230 418; x_wconf 77' lang='lat' dir='ltr'>car.</span> <span class='ocrx_word' id='word_1_2' title='bbox 249 359 320 417; x_wconf 83' lang='lat' dir='ltr'>xx.</span> <span class='ocrx_word' id='word_1_3' title='bbox 415 355 636 412; x_wconf 74' lang='lat' dir='ltr'>nanrcrna</span> <span class='ocrx_word' id='word_1_4' title='bbox 655 354 942 410; x_wconf 69' lang='lat' dir='ltr'>rnaoaarrca.</span> <span class='ocrx_word' id='word_1_5' title='bbox 1136 341 1205 412; x_wconf 80' lang='lat'>211</span> <span class='ocrx_word' id='word_1_6' title='bbox 1279 395 1280 399; x_wconf 8' lang='grc' dir='ltr'><strong><em>Ν</em></strong></span> 
     </span>
    </p>
   </div>
   <div class='ocr_carea' id='block_1_2' title="bbox 125 529 1214 3663">
    <p class='ocr_par' dir='ltr' id='par_1_2' title="bbox 125 529 1209 1755">
     <span class='ocr_line' id='line_1_2' title="bbox 129 529 1207 631; baseline -0.007 -18"><span class='ocrx_word' id='word_1_7' title='bbox 129 538 241 613; x_wconf 88' lang='lat' dir='ltr'>moris</span> <span class='ocrx_word' id='word_1_8' title='bbox 256 537 383 613; x_wconf 79' lang='lat' dir='ltr'><strong>secreti</strong></span> <span class='ocrx_word' id='word_1_9' title='bbox 411 534 575 611; x_wconf 89' lang='lat' dir='ltr'>multum</span> <span class='ocrx_word' id='word_1_10' title='bbox 591 534 739 620; x_wconf 86' lang='lat' dir='ltr'>variare,</span> <span class='ocrx_word' id='word_1_11' title='bbox 768 541 807 606; x_wconf 90' lang='lat' dir='ltr'>et</span> <span class='ocrx_word' id='word_1_12' title='bbox 835 531 1030 631; x_wconf 88' lang='lat' dir='ltr'>qualitates</span> <span class='ocrx_word' id='word_1_13' title='bbox 1052 529 1130 628; x_wconf 90' lang='lat' dir='ltr'>ejus</span> <span class='ocrx_word' id='word_1_14' title='bbox 1154 533 1207 605; x_wconf 90' lang='lat' dir='ltr'>ita</span> 
     </span>
     <span class='ocr_line' id='line_1_3' title="bbox 129 642 1207 748; baseline -0.01 -21"><span class='ocrx_word' id='word_1_15' title='bbox 129 651 312 748; x_wconf 88' lang='lat' dir='ltr'>corrumpi</span> <span class='ocrx_word' id='word_1_16' title='bbox 328 671 609 746; x_wconf 87' lang='lat' dir='ltr'>nonnunquam,</span> <span class='ocrx_word' id='word_1_17' title='bbox 625 657 669 720; x_wconf 93' lang='lat' dir='ltr'>ut</span> <span class='ocrx_word' id='word_1_18' title='bbox 685 647 762 744; x_wconf 92' lang='lat' dir='ltr'>ipse</span> <span class='ocrx_word' id='word_1_19' title='bbox 778 646 818 718; x_wconf 91' lang='lat' dir='ltr'>in</span> <span class='ocrx_word' id='word_1_20' title='bbox 830 645 938 717; x_wconf 85' lang='lat' dir='ltr'>aliam</span> <span class='ocrx_word' id='word_1_21' title='bbox 949 644 1023 717; x_wconf 81' lang='lat' dir='ltr'>fere</span> <span class='ocrx_word' id='word_1_22' title='bbox 1039 642 1207 716; x_wconf 87' lang='lat' dir='ltr'>videatur</span> 
     </span>
     <span class='ocr_line' id='line_1_4' title="bbox 126 757 1207 855; baseline -0.011 -16"><span class='ocrx_word' id='word_1_23' title='bbox 126 763 292 839; x_wconf 87' lang='lat' dir='ltr'>converti</span> <span class='ocrx_word' id='word_1_24' title='bbox 309 773 489 836; x_wconf 89' lang='lat' dir='ltr'>naturam.</span> <span class='ocrx_word' id='word_1_25' title='bbox 541 759 644 846; x_wconf 86' lang='lat' dir='ltr'>Quin</span> <span class='ocrx_word' id='word_1_26' title='bbox 674 769 713 831; x_wconf 83' lang='lat' dir='ltr'>et</span> <span class='ocrx_word' id='word_1_27' title='bbox 741 781 806 855; x_wconf 88' lang='lat' dir='ltr'>per</span> <span class='ocrx_word' id='word_1_28' title='bbox 827 757 1064 831; x_wconf 85' lang='lat' dir='ltr'>secretionem</span> <span class='ocrx_word' id='word_1_29' title='bbox 1081 774 1207 828; x_wconf 88' lang='lat' dir='ltr'>semen</span> 
     </span>
     <span class='ocr_line' id='line_1_5' title="bbox 125 865 1206 976; baseline -0.013 -25"><span class='ocrx_word' id='word_1_30' title='bbox 125 874 355 976; x_wconf 82' lang='lat' dir='ltr'><strong>producitur,</strong></span> <span class='ocrx_word' id='word_1_31' title='bbox 373 872 547 946; x_wconf 85' lang='lat' dir='ltr'>mirabilis</span> <span class='ocrx_word' id='word_1_32' title='bbox 563 870 707 956; x_wconf 91' lang='lat' dir='ltr'>humor,</span> <span class='ocrx_word' id='word_1_33' title='bbox 737 868 871 943; x_wconf 88' lang='lat' dir='ltr'>vividis</span> <span class='ocrx_word' id='word_1_34' title='bbox 888 868 1105 941; x_wconf 83' lang='lat' dir='ltr'>animalibus</span> <span class='ocrx_word' id='word_1_35' title='bbox 1132 865 1206 964; x_wconf 89' lang='lat' dir='ltr'>ple·</span> 
     </span>
     <span class='ocr_line' id='line_1_6' title="bbox 125 978 1208 1084; baseline -0.008 -22"><span class='ocrx_word' id='word_1_36' title='bbox 125 1011 204 1075; x_wconf 90' lang='lat' dir='ltr'>nus,</span> <span class='ocrx_word' id='word_1_37' title='bbox 220 986 333 1084; x_wconf 87' lang='lat' dir='ltr'>cujus</span> <span class='ocrx_word' id='word_1_38' title='bbox 349 986 400 1057; x_wconf 89' lang='lat' dir='ltr'>rei</span> <span class='ocrx_word' id='word_1_39' title='bbox 428 1007 550 1080; x_wconf 89' lang='lat' dir='ltr'>neque</span> <span class='ocrx_word' id='word_1_40' title='bbox 568 982 815 1055; x_wconf 88' lang='lat' dir='ltr'>mathematici</span> <span class='ocrx_word' id='word_1_41' title='bbox 842 1005 963 1080; x_wconf 89' lang='lat' dir='ltr'>neque</span> <span class='ocrx_word' id='word_1_42' title='bbox 979 978 1126 1060; x_wconf 74' lang='lat' dir='ltr'>chantici</span> <span class='ocrx_word' id='word_1_43' title='bbox 1154 1003 1208 1052; x_wconf 89' lang='lat' dir='ltr'>ra·</span> 
     </span>
     <span class='ocr_line' id='line_1_7' title="bbox 127 1090 1209 1193; baseline -0.011 -18"><span class='ocrx_word' id='word_1_44' title='bbox 127 1101 269 1175; x_wconf 90' lang='lat' dir='ltr'>tionem</span> <span class='ocrx_word' id='word_1_45' title='bbox 287 1096 392 1170; x_wconf 86' lang='lat' dir='ltr'>facile</span> <span class='ocrx_word' id='word_1_46' title='bbox 407 1094 643 1168; x_wconf 85' lang='lat' dir='ltr'>reddiderint.</span> <span class='ocrx_word' id='word_1_47' title='bbox 694 1094 828 1193; x_wconf 90' lang='lat' dir='ltr'>Neque</span> <span class='ocrx_word' id='word_1_48' title='bbox 840 1093 1002 1192; x_wconf 87' lang='lat' dir='ltr'>profecto</span> <span class='ocrx_word' id='word_1_49' title='bbox 1011 1090 1209 1166; x_wconf 87' lang='lat' dir='ltr'>dubitandi</span> 
     </span>
     <span class='ocr_line' id='line_1_8' title="bbox 127 1205 1208 1303; baseline -0.007 -17"><span class='ocrx_word' id='word_1_50' title='bbox 127 1209 228 1286; x_wconf 90' lang='lat' dir='ltr'>locus</span> <span class='ocrx_word' id='word_1_51' title='bbox 245 1221 316 1296; x_wconf 89' lang='lat' dir='ltr'>est,</span> <span class='ocrx_word' id='word_1_52' title='bbox 341 1207 589 1292; x_wconf 81' lang='lat' dir='ltr'>secretionem,</span> <span class='ocrx_word' id='word_1_53' title='bbox 614 1206 749 1302; x_wconf 86' lang='lat' dir='ltr'>pariter</span> <span class='ocrx_word' id='word_1_54' title='bbox 764 1231 806 1281; x_wconf 92' lang='lat' dir='ltr'>ac</span> <span class='ocrx_word' id='word_1_55' title='bbox 821 1206 907 1280; x_wconf 87' lang='lat' dir='ltr'>alias</span> <span class='ocrx_word' id='word_1_56' title='bbox 923 1206 1080 1303; x_wconf 90' lang='lat' dir='ltr'>corporis</span> <span class='ocrx_word' id='word_1_57' title='bbox 1104 1205 1208 1278; x_wconf 85' lang='lat' dir='ltr'>func·</span> 
     </span>
     <span class='ocr_line' id='line_1_9' title="bbox 129 1317 1208 1420; baseline -0.008 -23"><span class='ocrx_word' id='word_1_58' title='bbox 129 1322 259 1408; x_wconf 86' lang='lat' dir='ltr'>tiones,</span> <span class='ocrx_word' id='word_1_59' title='bbox 284 1319 562 1420; x_wconf 89' lang='lat' dir='ltr'>quodammodo</span> <span class='ocrx_word' id='word_1_60' title='bbox 578 1318 737 1416; x_wconf 90' lang='lat' dir='ltr'>pendere</span> <span class='ocrx_word' id='word_1_61' title='bbox 753 1343 776 1390; x_wconf 86' lang='lat' dir='ltr'>a</span> <span class='ocrx_word' id='word_1_62' title='bbox 790 1318 970 1415; x_wconf 90' lang='lat' dir='ltr'>principio</span> <span class='ocrx_word' id='word_1_63' title='bbox 985 1317 1098 1403; x_wconf 85' lang='lat' dir='ltr'>vitali,</span> <span class='ocrx_word' id='word_1_64' title='bbox 1123 1317 1208 1389; x_wconf 85' lang='lat' dir='ltr'>viri·</span> 
     </span>
     <span class='ocr_line' id='line_1_10' title="bbox 131 1429 1209 1532; baseline -0.005 -24"><span class='ocrx_word' id='word_1_65' title='bbox 131 1435 276 1532; x_wconf 87' lang='lat' dir='ltr'>busque</span> <span class='ocrx_word' id='word_1_66' title='bbox 292 1433 361 1506; x_wconf 89' lang='lat' dir='ltr'>illis</span> <span class='ocrx_word' id='word_1_67' title='bbox 378 1432 520 1530; x_wconf 87' lang='lat' dir='ltr'>corpori</span> <span class='ocrx_word' id='word_1_68' title='bbox 537 1431 624 1504; x_wconf 89' lang='lat' dir='ltr'>vivo</span> <span class='ocrx_word' id='word_1_69' title='bbox 640 1430 804 1530; x_wconf 88' lang='lat' dir='ltr'>propriis,</span> <span class='ocrx_word' id='word_1_70' title='bbox 821 1430 990 1527; x_wconf 81' lang='lat' dir='ltr'>quamvis</span> <span class='ocrx_word' id='word_1_71' title='bbox 1006 1453 1137 1526; x_wconf 91' lang='lat' dir='ltr'>parum</span> <span class='ocrx_word' id='word_1_72' title='bbox 1153 1429 1209 1503; x_wconf 92' lang='lat' dir='ltr'>in·</span> 
     </span>
     <span class='ocr_line' id='line_1_11' title="bbox 134 1540 1208 1643; baseline -0.005 -23"><span class='ocrx_word' id='word_1_73' title='bbox 134 1545 308 1631; x_wconf 81' lang='lat' dir='ltr'>tellectis3</span> <span class='ocrx_word' id='word_1_74' title='bbox 333 1568 457 1643; x_wconf 90' lang='lat' dir='ltr'>neque</span> <span class='ocrx_word' id='word_1_75' title='bbox 485 1542 570 1616; x_wconf 87' lang='lat' dir='ltr'>ideo</span> <span class='ocrx_word' id='word_1_76' title='bbox 595 1542 678 1616; x_wconf 88' lang='lat' dir='ltr'>solis</span> <span class='ocrx_word' id='word_1_77' title='bbox 695 1542 880 1640; x_wconf 86' lang='lat' dir='ltr'>principiis</span> <span class='ocrx_word' id='word_1_78' title='bbox 896 1540 1115 1617; x_wconf 75' lang='lat' dir='ltr'>nwchanicia</span> <span class='ocrx_word' id='word_1_79' title='bbox 1142 1550 1208 1616; x_wconf 90' lang='lat' dir='ltr'>aut</span> 
     </span>
     <span class='ocr_line' id='line_1_12' title="bbox 132 1655 976 1755; baseline -0.012 -21"><span class='ocrx_word' id='word_1_80' title='bbox 132 1656 294 1733; x_wconf 73' lang='lat' dir='ltr'>chemicis</span> <span class='ocrx_word' id='word_1_81' title='bbox 313 1655 567 1755; x_wconf 77' lang='lat' dir='ltr'>explicandam</span> <span class='ocrx_word' id='word_1_82' title='bbox 584 1678 670 1728; x_wconf 85' lang='lat' dir='ltr'>esse.</span> <span class='ocrx_word' id='word_1_83' title='bbox 891 1744 895 1753; x_wconf 31' lang='grc' dir='ltr'>Ι</span> <span class='ocrx_word' id='word_1_84' title='bbox 970 1728 976 1738; x_wconf 68' lang='grc'><strong>,</strong></span> 
     </span>
    </p>

    <p class='ocr_par' dir='ltr' id='par_1_3' title="bbox 130 1768 1210 2182">
     <span class='ocr_line' id='line_1_13' title="bbox 177 1768 1210 1868; baseline -0.005 -23"><span class='ocrx_word' id='word_1_85' title='bbox 177 1791 329 1845; x_wconf 86' lang='lat' dir='ltr'>nccv11.</span> <span class='ocrx_word' id='word_1_86' title='bbox 356 1768 539 1856; x_wconf 87' lang='lat' dir='ltr'>Quamvis</span> <span class='ocrx_word' id='word_1_87' title='bbox 568 1791 656 1840; x_wconf 91' lang='lat' dir='ltr'>vero</span> <span class='ocrx_word' id='word_1_88' title='bbox 683 1768 901 1868; x_wconf 88' lang='lat' dir='ltr'>primariam,</span> <span class='ocrx_word' id='word_1_89' title='bbox 930 1792 1014 1866; x_wconf 85' lang='lat' dir='ltr'>quae</span> <span class='ocrx_word' id='word_1_90' title='bbox 1042 1768 1083 1840; x_wconf 91' lang='lat' dir='ltr'>in</span> <span class='ocrx_word' id='word_1_91' title='bbox 1099 1789 1210 1841; x_wconf 86' lang='lat' dir='ltr'>secre-</span> 
     </span>
     <span class='ocr_line' id='line_1_14' title="bbox 130 1879 1210 1982; baseline -0.004 -26"><span class='ocrx_word' id='word_1_92' title='bbox 130 1881 228 1957; x_wconf 86' lang='lat' dir='ltr'>tione</span> <span class='ocrx_word' id='word_1_93' title='bbox 256 1881 576 1968; x_wconf 64' lang='lat' dir='ltr'>{inmutationem</span> <span class='ocrx_word' id='word_1_94' title='bbox 604 1904 677 1953; x_wconf 91' lang='lat' dir='ltr'>non</span> <span class='ocrx_word' id='word_1_95' title='bbox 708 1881 818 1956; x_wconf 90' lang='lat' dir='ltr'>detur</span> <span class='ocrx_word' id='word_1_96' title='bbox 834 1881 1025 1982; x_wconf 88' lang='lat' dir='ltr'>explicare,</span> <span class='ocrx_word' id='word_1_97' title='bbox 1050 1879 1210 1979; x_wconf 86' lang='lat' dir='ltr'>plurima</span> 
     </span>
     <span class='ocr_line' id='line_1_15' title="bbox 131 1991 1208 2092; baseline 0 -24"><span class='ocrx_word' id='word_1_98' title='bbox 131 2003 265 2082; x_wconf 78' lang='lat' dir='ltr'>lamen,</span> <span class='ocrx_word' id='word_1_99' title='bbox 281 2016 405 2092; x_wconf 90' lang='lat' dir='ltr'>neque</span> <span class='ocrx_word' id='word_1_100' title='bbox 422 1992 573 2066; x_wconf 89' lang='lat' dir='ltr'>medicis</span> <span class='ocrx_word' id='word_1_101' title='bbox 590 1991 746 2081; x_wconf 82' lang='lat' dir='ltr'>inutilia,</span> <span class='ocrx_word' id='word_1_102' title='bbox 773 1995 819 2067; x_wconf 89' lang='lat' dir='ltr'>de</span> <span class='ocrx_word' id='word_1_103' title='bbox 836 1994 904 2068; x_wconf 87' lang='lat' dir='ltr'>hac</span> <span class='ocrx_word' id='word_1_104' title='bbox 919 1993 1108 2068; x_wconf 87' lang='lat' dir='ltr'>functione</span> <span class='ocrx_word' id='word_1_105' title='bbox 1128 1992 1208 2091; x_wconf 93' lang='lat' dir='ltr'>jam</span> 
     </span>
     <span class='ocr_line' id='line_1_16' title="bbox 133 2104 392 2182; baseline 0.004 -2"><span class='ocrx_word' id='word_1_106' title='bbox 133 2104 274 2182; x_wconf 83' lang='lat' dir='ltr'>detecta</span> <span class='ocrx_word' id='word_1_107' title='bbox 293 2117 392 2182; x_wconf 90' lang='lat' dir='ltr'>sunt.</span> 
     </span>
    </p>

    <p class='ocr_par' dir='ltr' id='par_1_4' title="bbox 130 2218 1214 3663">
     <span class='ocr_line' id='line_1_17' title="bbox 177 2218 1210 2308; baseline 0.001 -15"><span class='ocrx_word' id='word_1_108' title='bbox 177 2241 347 2295; x_wconf 87' lang='lat' dir='ltr'>ncevur.</span> <span class='ocrx_word' id='word_1_109' title='bbox 366 2218 484 2294; x_wconf 91' lang='lat' dir='ltr'>Multi</span> <span class='ocrx_word' id='word_1_110' title='bbox 497 2221 680 2308; x_wconf 90' lang='lat' dir='ltr'>humores,</span> <span class='ocrx_word' id='word_1_111' title='bbox 698 2221 822 2294; x_wconf 87' lang='lat' dir='ltr'>statim</span> <span class='ocrx_word' id='word_1_112' title='bbox 836 2230 880 2295; x_wconf 95' lang='lat' dir='ltr'>ut</span> <span class='ocrx_word' id='word_1_113' title='bbox 890 2231 1139 2307; x_wconf 85' lang='lat' dir='ltr'>secernuntur,</span> <span class='ocrx_word' id='word_1_114' title='bbox 1149 2219 1210 2295; x_wconf 86' lang='lat' dir='ltr'>vel</span> 
     </span>
     <span class='ocr_line' id='line_1_18' title="bbox 130 2330 1211 2430; baseline -0.001 -23"><span class='ocrx_word' id='word_1_115' title='bbox 130 2330 326 2429; x_wconf 75' lang='lat' dir='ltr'>ejiciuntur</span> <span class='ocrx_word' id='word_1_116' title='bbox 344 2356 365 2405; x_wconf 94' lang='lat' dir='ltr'>e</span> <span class='ocrx_word' id='word_1_117' title='bbox 382 2356 543 2430; x_wconf 89' lang='lat' dir='ltr'>corpore,</span> <span class='ocrx_word' id='word_1_118' title='bbox 568 2332 628 2404; x_wconf 90' lang='lat' dir='ltr'>vel</span> <span class='ocrx_word' id='word_1_119' title='bbox 644 2332 799 2430; x_wconf 90' lang='lat' dir='ltr'>propriis</span> <span class='ocrx_word' id='word_1_120' title='bbox 816 2333 942 2405; x_wconf 90' lang='lat' dir='ltr'>usibus</span> <span class='ocrx_word' id='word_1_121' title='bbox 959 2334 1054 2406; x_wconf 87' lang='lat' dir='ltr'>intra</span> <span class='ocrx_word' id='word_1_122' title='bbox 1080 2354 1211 2429; x_wconf 84' lang='lat' dir='ltr'>corpus</span> 
     </span>
     <span class='ocr_line' id='line_1_19' title="bbox 131 2442 1212 2542; baseline 0 -27"><span class='ocrx_word' id='word_1_123' title='bbox 131 2442 407 2542; x_wconf 89' lang='lat' dir='ltr'>impenduntur.</span> <span class='ocrx_word' id='word_1_124' title='bbox 446 2443 527 2518; x_wconf 90' lang='lat' dir='ltr'>Alii</span> <span class='ocrx_word' id='word_1_125' title='bbox 545 2468 643 2529; x_wconf 91' lang='lat' dir='ltr'>vero,</span> <span class='ocrx_word' id='word_1_126' title='bbox 661 2467 728 2540; x_wconf 93' lang='lat' dir='ltr'>per</span> <span class='ocrx_word' id='word_1_127' title='bbox 745 2443 879 2515; x_wconf 84' lang='lat' dir='ltr'>ductus</span> <span class='ocrx_word' id='word_1_128' title='bbox 898 2454 1133 2516; x_wconf 88' lang='lat' dir='ltr'>excernentes</span> <span class='ocrx_word' id='word_1_129' title='bbox 1145 2466 1212 2515; x_wconf 88' lang='lat' dir='ltr'>seu</span> 
     </span>
     <span class='ocr_line' id='line_1_20' title="bbox 132 2553 1212 2654; baseline -0.002 -26"><span class='ocrx_word' id='word_1_130' title='bbox 132 2553 330 2643; x_wconf 82' lang='lat' dir='ltr'>efferentes,</span> <span class='ocrx_word' id='word_1_131' title='bbox 346 2554 577 2654; x_wconf 80' lang='lat' dir='ltr'>aglondulis</span> <span class='ocrx_word' id='word_1_132' title='bbox 597 2556 671 2627; x_wconf 86' lang='lat' dir='ltr'>suis</span> <span class='ocrx_word' id='word_1_133' title='bbox 689 2564 880 2628; x_wconf 88' lang='lat' dir='ltr'>transeunt</span> <span class='ocrx_word' id='word_1_134' title='bbox 895 2557 935 2628; x_wconf 93' lang='lat' dir='ltr'>in</span> <span class='ocrx_word' id='word_1_135' title='bbox 952 2555 1083 2627; x_wconf 88' lang='lat' dir='ltr'>idonea</span> <span class='ocrx_word' id='word_1_136' title='bbox 1091 2576 1212 2651; x_wconf 82' lang='lat' dir='ltr'>recep</span> 
     </span>
     <span class='ocr_line' id='line_1_21' title="bbox 132 2666 1213 2767; baseline -0.001 -27"><span class='ocrx_word' id='word_1_137' title='bbox 132 2666 268 2742; x_wconf 72' lang='lat' dir='ltr'>iacula:</span> <span class='ocrx_word' id='word_1_138' title='bbox 303 2670 341 2740; x_wconf 91' lang='lat' dir='ltr'>in</span> <span class='ocrx_word' id='word_1_139' title='bbox 359 2669 494 2767; x_wconf 91' lang='lat' dir='ltr'>quibus</span> <span class='ocrx_word' id='word_1_140' title='bbox 512 2692 607 2765; x_wconf 87' lang='lat' dir='ltr'>saepe</span> <span class='ocrx_word' id='word_1_141' title='bbox 624 2668 687 2740; x_wconf 92' lang='lat' dir='ltr'>diu</span> <span class='ocrx_word' id='word_1_142' title='bbox 706 2679 989 2754; x_wconf 82' lang='lat' dir='ltr'>commorantur,</span> <span class='ocrx_word' id='word_1_143' title='bbox 1012 2679 1050 2740; x_wconf 89' lang='lat' dir='ltr'>et</span> <span class='ocrx_word' id='word_1_144' title='bbox 1066 2675 1213 2740; x_wconf 86' lang='lat' dir='ltr'>mutan-</span> 
     </span>
     <span class='ocr_line' id='line_1_22' title="bbox 132 2778 1211 2878; baseline 0 -28"><span class='ocrx_word' id='word_1_145' title='bbox 132 2786 191 2852; x_wconf 91' lang='lat' dir='ltr'>tur</span> <span class='ocrx_word' id='word_1_146' title='bbox 205 2778 376 2878; x_wconf 87' lang='lat' dir='ltr'>amplius.</span> <span class='ocrx_word' id='word_1_147' title='bbox 427 2779 619 2853; x_wconf 86' lang='lat' dir='ltr'>Plurimus</span> <span class='ocrx_word' id='word_1_148' title='bbox 639 2780 741 2851; x_wconf 91' lang='lat' dir='ltr'>enim</span> <span class='ocrx_word' id='word_1_149' title='bbox 758 2778 890 2852; x_wconf 91' lang='lat' dir='ltr'>humor</span> <span class='ocrx_word' id='word_1_150' title='bbox 905 2803 971 2878; x_wconf 90' lang='lat' dir='ltr'>per</span> <span class='ocrx_word' id='word_1_151' title='bbox 987 2803 1071 2852; x_wconf 86' lang='lat' dir='ltr'>vasa</span> <span class='ocrx_word' id='word_1_152' title='bbox 1100 2801 1211 2851; x_wconf 81' lang='lat' dir='ltr'>resor-</span> 
     </span>
     <span class='ocr_line' id='line_1_23' title="bbox 133 2887 1212 2990; baseline 0 -25"><span class='ocrx_word' id='word_1_153' title='bbox 133 2887 254 2965; x_wconf 84' lang='lat' dir='ltr'>bentia</span> <span class='ocrx_word' id='word_1_154' title='bbox 285 2891 477 2966; x_wconf 80' lang='lat' dir='ltr'>hauritur:</span> <span class='ocrx_word' id='word_1_155' title='bbox 517 2892 619 2989; x_wconf 90' lang='lat' dir='ltr'>quod</span> <span class='ocrx_word' id='word_1_156' title='bbox 647 2900 812 2988; x_wconf 86' lang='lat' dir='ltr'>superest</span> <span class='ocrx_word' id='word_1_157' title='bbox 838 2916 925 2965; x_wconf 87' lang='lat' dir='ltr'>vero</span> <span class='ocrx_word' id='word_1_158' title='bbox 951 2892 1140 2990; x_wconf 88' lang='lat' dir='ltr'>spissescit,</span> <span class='ocrx_word' id='word_1_159' title='bbox 1173 2900 1212 2967; x_wconf 90' lang='lat' dir='ltr'>et</span> 
     </span>
     <span class='ocr_line' id='line_1_24' title="bbox 134 2998 1212 3101; baseline 0.002 -27"><span class='ocrx_word' id='word_1_160' title='bbox 134 2998 246 3088; x_wconf 76' lang='lat' dir='ltr'>acrius</span> <span class='ocrx_word' id='word_1_161' title='bbox 263 3003 318 3091; x_wconf 86' lang='lat' dir='ltr'>fit,</span> <span class='ocrx_word' id='word_1_162' title='bbox 336 3029 412 3101; x_wconf 94' lang='lat' dir='ltr'>quo</span> <span class='ocrx_word' id='word_1_163' title='bbox 428 3004 560 3077; x_wconf 89' lang='lat' dir='ltr'>melius</span> <span class='ocrx_word' id='word_1_164' title='bbox 588 3003 636 3080; x_wconf 92' lang='lat' dir='ltr'>ad</span> <span class='ocrx_word' id='word_1_165' title='bbox 653 3027 717 3077; x_wconf 87' lang='lat' dir='ltr'>sua</span> <span class='ocrx_word' id='word_1_166' title='bbox 737 3028 891 3080; x_wconf 88' lang='lat' dir='ltr'>munera</span> <span class='ocrx_word' id='word_1_167' title='bbox 907 3004 1034 3078; x_wconf 88' lang='lat' dir='ltr'>valeat.</span> <span class='ocrx_word' id='word_1_168' title='bbox 1085 3005 1212 3089; x_wconf 90' lang='lat' dir='ltr'>Porro,</span> 
     </span>
     <span class='ocr_line' id='line_1_25' title="bbox 135 3109 1213 3215; baseline 0.004 -29"><span class='ocrx_word' id='word_1_169' title='bbox 135 3109 203 3187; x_wconf 86' lang='lat' dir='ltr'>hoc</span> <span class='ocrx_word' id='word_1_170' title='bbox 216 3116 329 3188; x_wconf 90' lang='lat' dir='ltr'>modo</span> <span class='ocrx_word' id='word_1_171' title='bbox 346 3118 450 3214; x_wconf 89' lang='lat' dir='ltr'>copia</span> <span class='ocrx_word' id='word_1_172' title='bbox 466 3141 551 3214; x_wconf 88' lang='lat' dir='ltr'>quae</span> <span class='ocrx_word' id='word_1_173' title='bbox 567 3117 673 3190; x_wconf 89' lang='lat' dir='ltr'>decet</span> <span class='ocrx_word' id='word_1_174' title='bbox 688 3115 852 3190; x_wconf 89' lang='lat' dir='ltr'>humoris</span> <span class='ocrx_word' id='word_1_175' title='bbox 869 3118 995 3190; x_wconf 86' lang='lat' dir='ltr'>secreti</span> <span class='ocrx_word' id='word_1_176' title='bbox 1017 3116 1213 3215; x_wconf 88' lang='lat' dir='ltr'>colligitur,</span> 
     </span>
     <span class='ocr_line' id='line_1_26' title="bbox 138 3227 1212 3327; baseline 0.005 -32"><span class='ocrx_word' id='word_1_177' title='bbox 138 3247 203 3296; x_wconf 91' lang='lat' dir='ltr'>suo</span> <span class='ocrx_word' id='word_1_178' title='bbox 218 3237 381 3325; x_wconf 80' lang='lat' dir='ltr'>ternpore</span> <span class='ocrx_word' id='word_1_179' title='bbox 399 3228 458 3300; x_wconf 90' lang='lat' dir='ltr'>vel</span> <span class='ocrx_word' id='word_1_180' title='bbox 485 3227 660 3324; x_wconf 89' lang='lat' dir='ltr'>ejicienda</span> <span class='ocrx_word' id='word_1_181' title='bbox 687 3252 709 3301; x_wconf 91' lang='lat' dir='ltr'>e</span> <span class='ocrx_word' id='word_1_182' title='bbox 737 3253 895 3327; x_wconf 87' lang='lat' dir='ltr'>corpore,</span> <span class='ocrx_word' id='word_1_183' title='bbox 924 3228 985 3301; x_wconf 85' lang='lat' dir='ltr'>vel</span> <span class='ocrx_word' id='word_1_184' title='bbox 1007 3229 1111 3324; x_wconf 87' lang='lat' dir='ltr'>justo</span> <span class='ocrx_word' id='word_1_185' title='bbox 1127 3227 1212 3301; x_wconf 89' lang='lat' dir='ltr'>usui</span> 
     </span>
     <span class='ocr_line' id='line_1_27' title="bbox 137 3336 1212 3438; baseline 0.006 -30"><span class='ocrx_word' id='word_1_186' title='bbox 137 3336 230 3410; x_wconf 90' lang='lat' dir='ltr'>intra</span> <span class='ocrx_word' id='word_1_187' title='bbox 240 3362 370 3437; x_wconf 85' lang='lat' dir='ltr'>corpus</span> <span class='ocrx_word' id='word_1_188' title='bbox 383 3339 639 3438; x_wconf 86' lang='lat' dir='ltr'>impendenda.</span> <span class='ocrx_word' id='word_1_189' title='bbox 690 3339 919 3435; x_wconf 89' lang='lat' dir='ltr'>Hujusmodi</span> <span class='ocrx_word' id='word_1_190' title='bbox 934 3340 1212 3414; x_wconf 88' lang='lat' dir='ltr'>machinationis</span> 
     </span>
     <span class='ocr_line' id='line_1_28' title="bbox 135 3449 1212 3549; baseline 0.006 -28"><span class='ocrx_word' id='word_1_191' title='bbox 135 3449 300 3549; x_wconf 85' lang='lat' dir='ltr'>exempla</span> <span class='ocrx_word' id='word_1_192' title='bbox 317 3463 415 3538; x_wconf 82' lang='lat' dir='ltr'>sunt,</span> <span class='ocrx_word' id='word_1_193' title='bbox 433 3453 561 3524; x_wconf 87' lang='lat' dir='ltr'>vesicae</span> <span class='ocrx_word' id='word_1_194' title='bbox 578 3453 705 3538; x_wconf 87' lang='lat' dir='ltr'>urinae,</span> <span class='ocrx_word' id='word_1_195' title='bbox 722 3452 825 3538; x_wconf 85' lang='lat' dir='ltr'>fellis,</span> <span class='ocrx_word' id='word_1_196' title='bbox 843 3453 1001 3538; x_wconf 87' lang='lat' dir='ltr'>seminis,</span> <span class='ocrx_word' id='word_1_197' title='bbox 1019 3451 1148 3526; x_wconf 87' lang='lat' dir='ltr'>saltem</span> <span class='ocrx_word' id='word_1_198' title='bbox 1168 3463 1212 3527; x_wconf 90' lang='lat' dir='ltr'>ut</span> 
     </span>
     <span class='ocr_line' id='line_1_29' title="bbox 133 3551 1214 3663; baseline 0.013 -31"><span class='ocrx_word' id='word_1_199' title='bbox 133 3559 297 3660; x_wconf 90' lang='lat' dir='ltr'>plerique</span> <span class='ocrx_word' id='word_1_200' title='bbox 314 3563 448 3637; x_wconf 86' lang='lat' dir='ltr'>medici</span> <span class='ocrx_word' id='word_1_201' title='bbox 465 3570 658 3661; x_wconf 83' lang='lat' dir='ltr'>putarunt,</span> <span class='ocrx_word' id='word_1_202' title='bbox 688 3572 726 3637; x_wconf 88' lang='lat' dir='ltr'>et</span> <span class='ocrx_word' id='word_1_203' title='bbox 741 3551 893 3638; x_wconf 80' lang='lat' dir='ltr'>folliculi</span> <span class='ocrx_word' id='word_1_204' title='bbox 910 3566 1049 3640; x_wconf 89' lang='lat' dir='ltr'>mucosi</span> <span class='ocrx_word' id='word_1_205' title='bbox 1073 3566 1214 3663; x_wconf 72' lang='lat' dir='ltr'>ubique</span> 
     </span>
    </p>
   </div>
   <div class='ocr_carea' id='block_1_3' title="bbox 135 3675 302 3773">
    <p class='ocr_par' dir='ltr' id='par_1_5' title="bbox 135 3675 302 3773">
     <span class='ocr_line' id='line_1_30' title="bbox 135 3675 302 3773; baseline 0.012 -27"><span class='ocrx_word' id='word_1_206' title='bbox 135 3675 302 3773; x_wconf 76' lang='lat' dir='ltr'>corporis</span> 
     </span>
    </p>
   </div>
   <div class='ocr_carea' id='block_1_4' title="bbox 137 3786 1215 4424">
    <p class='ocr_par' dir='ltr' id='par_1_6' title="bbox 178 3786 1214 3890">
     <span class='ocr_line' id='line_1_31' title="bbox 178 3786 1214 3890; baseline 0.006 -32"><span class='ocrx_word' id='word_1_207' title='bbox 178 3806 318 3862; x_wconf 85' lang='lat' dir='ltr'>nccrx.</span> <span class='ocrx_word' id='word_1_208' title='bbox 345 3787 494 3861; x_wconf 90' lang='lat' dir='ltr'>Auctus</span> <span class='ocrx_word' id='word_1_209' title='bbox 511 3786 672 3862; x_wconf 87' lang='lat' dir='ltr'>universi</span> <span class='ocrx_word' id='word_1_210' title='bbox 689 3788 879 3886; x_wconf 87' lang='lat' dir='ltr'>sanguinis</span> <span class='ocrx_word' id='word_1_211' title='bbox 903 3789 1065 3889; x_wconf 90' lang='lat' dir='ltr'>impetus</span> <span class='ocrx_word' id='word_1_212' title='bbox 1088 3791 1214 3890; x_wconf 83' lang='lat' dir='ltr'>singu-</span> 
     </span>
    </p>

    <p class='ocr_par' dir='ltr' id='par_1_7' title="bbox 137 3889 1213 3999">
     <span class='ocr_line' id='line_1_32' title="bbox 137 3889 1213 3999; baseline 0.002 -27"><span class='ocrx_word' id='word_1_213' title='bbox 137 3889 219 3972; x_wconf 80' lang='lat' dir='ltr'>lares</span> <span class='ocrx_word' id='word_1_214' title='bbox 236 3900 455 3997; x_wconf 73' lang='lat' dir='ltr'>secretiones</span> <span class='ocrx_word' id='word_1_215' title='bbox 483 3924 615 3997; x_wconf 91' lang='lat' dir='ltr'>parum</span> <span class='ocrx_word' id='word_1_216' title='bbox 633 3911 756 3999; x_wconf 85' lang='lat' dir='ltr'>auget,</span> <span class='ocrx_word' id='word_1_217' title='bbox 784 3910 916 3998; x_wconf 85' lang='lat' dir='ltr'>praeter</span> <span class='ocrx_word' id='word_1_218' title='bbox 943 3901 1213 3975; x_wconf 84' lang='lat' dir='ltr'>exhalationem</span> 
     </span>
    </p>

    <p class='ocr_par' dir='ltr' id='par_1_8' title="bbox 140 4007 1214 4100">
     <span class='ocr_line' id='line_1_33' title="bbox 140 4007 1214 4100; baseline -0.001 -16"><span class='ocrx_word' id='word_1_219' title='bbox 140 4025 196 4100; x_wconf 80' lang='lat' dir='ltr'>per</span> <span class='ocrx_word' id='word_1_220' title='bbox 211 4007 338 4098; x_wconf 80' lang='lat' dir='ltr'>cutem</span> <span class='ocrx_word' id='word_1_221' title='bbox 355 4023 394 4085; x_wconf 89' lang='lat' dir='ltr'>et</span> <span class='ocrx_word' id='word_1_222' title='bbox 423 4012 615 4098; x_wconf 88' lang='lat' dir='ltr'>sudorem;</span> <span class='ocrx_word' id='word_1_223' title='bbox 641 4012 718 4086; x_wconf 85' lang='lat' dir='ltr'>haec</span> <span class='ocrx_word' id='word_1_224' title='bbox 734 4037 822 4086; x_wconf 89' lang='lat' dir='ltr'>vero</span> <span class='ocrx_word' id='word_1_225' title='bbox 838 4015 975 4088; x_wconf 87' lang='lat' dir='ltr'>mirum</span> <span class='ocrx_word' id='word_1_226' title='bbox 1002 4015 1041 4085; x_wconf 91' lang='lat' dir='ltr'>in</span> <span class='ocrx_word' id='word_1_227' title='bbox 1059 4014 1214 4087; x_wconf 90' lang='lat' dir='ltr'>modum</span> 
     </span>
    </p>

    <p class='ocr_par' dir='ltr' id='par_1_9' title="bbox 142 4109 1214 4223">
     <span class='ocr_line' id='line_1_34' title="bbox 142 4109 1214 4223; baseline 0 -28"><span class='ocrx_word' id='word_1_228' title='bbox 142 4109 326 4218; x_wconf 75' lang='lat' dir='ltr'>augentur,</span> <span class='ocrx_word' id='word_1_229' title='bbox 353 4123 557 4197; x_wconf 88' lang='lat' dir='ltr'>dummodo</span> <span class='ocrx_word' id='word_1_230' title='bbox 574 4146 697 4223; x_wconf 91' lang='lat' dir='ltr'>neque</span> <span class='ocrx_word' id='word_1_231' title='bbox 713 4114 912 4200; x_wconf 66' lang='lat' dir='ltr'>contractio</span> <span class='ocrx_word' id='word_1_232' title='bbox 928 4148 1050 4221; x_wconf 92' lang='lat' dir='ltr'>neque</span> <span class='ocrx_word' id='word_1_233' title='bbox 1066 4125 1135 4199; x_wconf 88' lang='lat' dir='ltr'>alia</span> <span class='ocrx_word' id='word_1_234' title='bbox 1151 4124 1214 4196; x_wconf 85' lang='lat' dir='ltr'>ob·</span> 
     </span>
    </p>

    <p class='ocr_par' dir='ltr' id='par_1_10' title="bbox 144 4235 1215 4424">
     <span class='ocr_line' id='line_1_35' title="bbox 144 4235 1215 4332; baseline -0.001 -26"><span class='ocrx_word' id='word_1_235' title='bbox 144 4235 285 4308; x_wconf 75' lang='lat' dir='ltr'>amotio</span> <span class='ocrx_word' id='word_1_236' title='bbox 314 4257 486 4312; x_wconf 84' lang='lat' dir='ltr'>vasorum</span> <span class='ocrx_word' id='word_1_237' title='bbox 510 4236 752 4312; x_wconf 88' lang='lat' dir='ltr'>minimorum</span> <span class='ocrx_word' id='word_1_238' title='bbox 788 4239 883 4312; x_wconf 89' lang='lat' dir='ltr'>cutis</span> <span class='ocrx_word' id='word_1_239' title='bbox 907 4236 1056 4320; x_wconf 79' lang='lat' dir='ltr'>luerint,</span> <span class='ocrx_word' id='word_1_240' title='bbox 1093 4255 1215 4332; x_wconf 83' lang='lat' dir='ltr'>neque</span> 
     </span>
     <span class='ocr_line' id='line_1_36' title="bbox 657 4358 724 4424; baseline 0.045 -3"><span class='ocrx_word' id='word_1_241' title='bbox 657 4358 724 4424; x_wconf 75' lang='lat'>02</span> 
     </span>
    </p>
   </div>
   <div class='ocr_carea' id='block_1_5' title="bbox 0 0 1356 4794">
    <p class='ocr_par' dir='ltr' id='par_1_11' title="bbox 0 0 1356 4794">
     <span class='ocr_line' id='line_1_37' title="bbox 0 0 1356 4794; baseline 0 0"><span class='ocrx_word' id='word_1_242' title='bbox 0 0 1356 4794; x_wconf 95' lang='lat' dir='ltr'> </span> 
     </span>
    </p>
   </div>
  </div>
 </body>
</html>
