2678 4794
126 341 217 398 car.
234 338 339 396 xxm
404 334 625 394 aramenta
644 336 931 393 rasoanmcm.
1133 318 1206 396 265

128 530 170 595 et
186 517 383 617 sculptores
399 515 495 591 bene
509 526 658 602 norunt,
680 512 734 587 ita
749 522 794 587 ut
803 513 962 589 aolossus
976 525 1127 591 eentum
1144 540 1207 615 pe.

130 633 195 708 des
211 630 306 705 altus
322 629 502 703 infantem
519 629 742 704 trimestrem
757 628 996 725 expresserit;
1021 639 1061 703 et
1083 628 1208 729 imago
1280 694 1283 698 ,

126 742 326 819 dimidium
342 741 513 840 pollicem
540 741 652 841 longa
679 741 803 817 virum
831 740 1003 815 adultum
1021 753 1060 816 et
1084 766 1208 842 proce-

120 880 209 933 rum
226 854 554 954 repraesentaverit.

178 991 370 1045 uccerxr.
389 968 513 1066 Caput
528 967 720 1066 imprimis,
743 966 784 1039 in
797 965 911 1040 crudo
922 965 1018 1042 soetu
1030 967 1138 1042 tertia
1148 966 1209 1040 vel

128 1082 278 1157 sortasse
302 1082 457 1155 dimidia
480 1105 563 1180 pars
586 1081 702 1155 totius
726 1078 954 1167 homunculi,
991 1080 1031 1153 in
1068 1078 1211 1154 infante

126 1196 260 1293 quinta
276 1194 337 1268 vel
354 1203 457 1267 sexta
473 1218 566 1293 pars,
590 1194 630 1267 in
648 1216 762 1293 puero
777 1194 942 1291 septima,
966 1193 1005 1267 in
1023 1194 1103 1267 viro
1128 1218 1210 1293 per-

130 1305 339 1383 fectissimae
355 1307 493 1394 formae,
519 1307 586 1381 vix
613 1329 711 1380 nona
727 1328 809 1403 pars
826 1304 941 1379 totius
966 1304 1210 1405 longitudinis

133 1420 212 1495 erit
261 1420 349 1508 Quo
377 1419 487 1493 eitius
503 1442 592 1492 vero
615 1441 699 1516 pars
715 1416 855 1514 quaevis
871 1441 936 1515 per
959 1418 1116 1516 primam
1133 1443 1211 1493 aor-

133 1531 230 1631 poris
257 1531 532 1607 fabrioationem
556 1529 751 1617 evolvitur,
788 1540 826 1605 et
854 1531 983 1605 cressit
1007 1531 1047 1605 in
1067 1530 1210 1629 justam

132 1643 268 1718 molem
284 1654 323 1719 et
338 1645 504 1732 formam,
521 1668 566 1718 eo
580 1645 762 1718 maturius
776 1653 917 1718 tantam
944 1642 1157 1718 firmitatem
1171 1658 1210 1718 et

130 1756 207 1829 vim
223 1756 408 1831 resiliendi
420 1758 644 1856 adipiseitur,
661 1769 705 1832 ut
716 1757 872 1857 amplius
885 1758 1044 1833 distendi
1057 1769 1210 1844 recuset,

130 1876 168 1941 et
182 1870 372 1968 sanguinis
388 1895 536 1945 cursum
552 1870 668 1969 igitur
684 1871 819 1971 dirigat
842 1870 929 1946 alias
945 1879 1067 1970 partes
1083 1894 1210 1945 versus

131 1980 255 2054 minus
270 1983 479 2070 renitentes,
502 1992 541 2058 et
556 1985 712 2082 aptiores
728 1984 900 2059 distendi.
951 1982 1057 2058 Hinc
1073 1982 1212 2080 (aliqua

132 2090 258 2166 saltem
274 2116 322 2167 ex
338 2104 455 2193 parte)
472 2096 643 2194 pubertas
661 2097 855 2195 utriusque
871 2120 990 2182 sexus,
1015 2105 1055 2170 et
1071 2096 1210 2171 mirum

131 2204 327 2306 aliquando
343 2217 381 2281 et
398 2208 564 2284 subitum
593 2210 874 2294 incrementum,
902 2209 1085 2306 imprimis
1111 2220 1209 2283 artu-

130 2343 204 2406 um,
221 2320 353 2393 eodem
370 2329 536 2420 tempore
565 2346 642 2419 quo
657 2331 778 2418 partes
795 2322 1007 2420 superiores,
1034 2328 1073 2392 et
1097 2330 1211 2417 caput

132 2433 342 2531 prasertim,
357 2432 433 2506 fere
449 2433 618 2507 desinant
635 2456 800 2507 crescere.

177 2567 378 2620 ncccrxn.
396 2546 523 2632 Porro,
535 2570 666 2644 eorpus
684 2568 759 2619 non
773 2544 898 2619 statim
911 2560 1210 2642 quoquoversum

132 2659 268 2732 erescit.
318 2659 466 2732 Justam
495 2669 534 2732 et
558 2657 702 2757 plenam
722 2665 899 2731 staturam
919 2653 1069 2753 juvenis
1093 2653 1213 2728 forsan

133 2770 345 2869 adipiscitur
361 2769 504 2845 decimo
520 2780 651 2844 octavo
679 2767 740 2843 vel
756 2769 936 2868 vigesimo
959 2767 1076 2840 aetatis
1105 2788 1213 2852 anno,

132 2883 194 2955 sed
210 2881 355 2981 gracilis
371 2883 502 2970 adhuc,
527 2894 566 2957 et
581 2883 698 2957 forma
714 2880 843 2957 adulto
858 2881 939 2956 viro
954 2877 1150 2966 dissimilis,
1175 2886 1214 2952 et

133 2994 273 3068 viribus
298 2995 427 3093 impar.
487 2994 674 3071 Paulatim
691 3019 779 3070 vero
805 2993 907 3070 aliud
932 2994 1213 3076 incrementum,
1273 2990 1276 2995 ’

135 3116 174 3177 et
189 3106 292 3180 aliam
324 3108 539 3205 adipiscitur
554 3108 720 3195 formam,
749 3116 788 3181 et
816 3106 1018 3205 quadratus
1034 3105 1079 3179 fit
1105 3114 1214 3178 etto

138 3239 248 3303 rosus,
263 3231 301 3294 et
318 3219 503 3293 thoraoem
521 3220 746 3319 ampliorem,
764 3219 937 3294 humeros
955 3218 1111 3304 latiores,
1136 3239 1215 3290 ossa

137 3329 335 3426 grandiora,
348 3332 617 3431 juncturasque
633 3342 783 3407 artuum
799 3331 991 3407 validiores
1007 3329 1129 3402 habet.

184 3464 403 3519 neccarum.
429 3444 640 3518 Verisimile
655 3455 710 3518 est
726 3443 888 3543 singulas
905 3440 1064 3540 corporis
1094 3450 1214 3539 partes

135 3555 252 3650 primo
270 3557 308 3630 in
326 3556 601 3656 longitudinem
617 3580 783 3644 creseere,
810 3557 900 3655 quia
916 3556 972 3628 vis
1003 3552 1214 3628 distendens

136 3669 335 3744 seeundum
362 3694 449 3743 axes
474 3693 645 3743 vasorum
679 3670 757 3766 agit
782 3668 955 3754 maxime,
995 3667 1113 3743 donec
1137 3666 1217 3740 haec

136 3780 297 3855 multum
316 3781 488 3868 distenta,
515 3791 553 3855 et
569 3780 730 3854 firmiora
745 3778 850 3867 facta,
880 3780 996 3879 magis
1020 3780 1213 3878 magisque

136 3891 251 3966 indies
267 3893 486 3981 renitantur,
507 3916 629 3991 neque
645 3891 803 3992 amplius
819 3916 858 3966 se
873 3893 1062 3991 patiantur
1076 3891 1212 3965 disten·

137 4001 181 4077 di.
232 4006 333 4079 Turn
353 4031 440 4080 vero
456 4005 584 4079 eadem
602 4007 657 4080 vis
684 4005 895 4079 distendens
911 4024 1213 4103 quoquoversum

139 4113 357 4192 diffunditur
373 4144 438 4219 per
462 4143 578 4193 ramos
603 4119 783 4219 emagnis
811 4119 950 4194 truncis
980 4115 1211 4215 prodeuntes,
