2694 4792
158 343 205 411 14
583 351 835 411 consedemus
1099 359 1185 414 car.
1204 359 1232 416 1.

157 532 301 609 efficere
315 540 445 630 potest.
495 529 632 629 Neque
648 533 749 605 enim
770 533 807 605 in
826 532 928 604 omni
946 530 1095 605 homine
1111 538 1234 612 omnis

157 669 263 720 causa
284 643 404 718 morbi
433 643 595 718 excitans
623 644 797 717 morbum
823 643 929 728 facit;
957 667 1080 742 neque
1105 670 1237 723 omnes

156 757 223 855 qui
233 757 313 855 jarn
330 757 378 830 ad
394 756 539 831 morbos
556 755 732 854 proclives
748 755 834 829 facti
851 765 948 843 sunt,
966 748 1068 830 nulla
1083 757 1235 835 admota

157 894 264 943 causa
280 870 475 956 excitante,
492 869 531 942 in
548 869 694 943 morbos
710 867 889 942 incidunt.

17 969 20 975 ⁸
120 1009 152 1044 κ
208 1003 329 1056 xL111.
355 981 499 1079 Corpus
516 982 641 1080 itaque
657 980 787 1053 morbo
804 978 885 1076 jam
901 980 1040 1058 factum
1057 994 1235 1081 opportu·

156 1117 264 1181 num,
279 1120 301 1168 a
317 1099 416 1168 statu
429 1117 516 1167 sano
528 1103 567 1166 et
583 1093 844 1191 perfectissimo
860 1092 1029 1165 nonnihil
1042 1093 1236 1171 deflexisse

158 1207 316 1294 videtur,
341 1205 428 1280 licet
456 1205 624 1279 nondum
640 1205 800 1279 actiones
816 1202 895 1300 ejus
924 1202 1016 1277 adeo
1032 1206 1236 1305 impedian.

159 1329 233 1404 tur,
259 1331 302 1393 ut
328 1343 437 1393 verus
465 1317 614 1391 morbus
643 1326 741 1391 recte
769 1316 912 1390 dicatur
940 1317 1063 1392 adesse
1089 1320 1237 1420 (xxm).

159 1424 442 1529 Nonnunquam
467 1453 555 1502 vero
577 1427 660 1503 talis
688 1428 847 1527 corporis
875 1429 1039 1502 conditio
1064 1429 1128 1504 diu
1157 1456 1238 1530 per·

160 1552 259 1615 stans
287 1565 332 1616 eo
360 1564 479 1639 usque
504 1540 733 1665 ingravescit,
766 1549 811 1613 ut
844 1538 929 1627 sola,
962 1540 1064 1614 nulla
1096 1542 1238 1640 adjecta

162 1678 271 1730 causa
311 1655 503 1740 excitante,
538 1613 687 1751 justuul
720 1658 759 1724 et
790 1650 1029 1726 manifestum
1062 1655 1238 1730 morbum

160 1766 290 1852 faciat3
315 1764 396 1853 vel,
414 1775 459 1840 ut
482 1765 636 1863 quidam
662 1762 767 1862 loqui
793 1773 929 1851 amant,
957 1786 1064 1838 causa
1086 1790 1240 1865 quoque

161 1881 324 1953 excitans
340 1877 415 1952 fiat.
467 1876 674 1952 Solidarum
685 1874 846 1972 partium
865 1874 1034 1958 debilitas
1047 1879 1238 1976 generalis,

161 1991 397 2091 partiumque
413 1990 623 2075 solidamm‚
639 2007 735 2086 quae,
753 1985 996 2060 distinctionis
1008 2009 1125 2079 causa,
1142 1991 1241 2066 vivae

163 2102 347 2191 dicuntur,
364 2101 548 2176 mobilitas
565 2099 690 2185 nimia,
702 2098 860 2195 corporis
870 2097 1075 2196 plenitudo,
1092 2103 1240 2179 animia

163 2214 350 2314 sanguinis
367 2212 602 2303 abundantia,
619 2209 831 2308 hujusmodi
850 2211 1020 2310 exempla
1036 2224 1134 2288 sunt.

212 2349 324 2402 xum.
350 2325 432 2400 Nec
448 2325 645 2422 qnisquam
663 2322 859 2397 hominum
887 2331 965 2397 tam
982 2323 1126 2400 firmam
1143 2328 1243 2405 vale.

164 2439 347 2526 tudinem,
380 2447 605 2536 tantumque
641 2435 799 2534 corporis
837 2435 948 2510 robur
981 2436 1101 2527 habet,
1135 2443 1240 2538 quin,

161 2552 279 2627 causis
307 2549 530 2649 quibusdam
558 2549 805 2624 excitantibus
833 2549 1002 2636 admotis,
1031 2550 1069 2624 in
1103 2555 1242 2650 gravis-

164 2663 274 2737 simos
291 2663 437 2742 morbos
454 2661 601 2735 incidat.
658 2658 813 2735 Variola
829 2661 952 2749 semel,
977 2660 1056 2738 lues
1081 2687 1241 2742 veawrea

61 2812 68 2823 ·-
164 2798 270 2872 saepe,
303 2775 415 2851 etiam
449 2772 655 2846 sanissimos
687 2771 878 2859 inficiunt;
911 2798 1054 2848 venena
1085 2788 1241 2866 necant;

163 2885 290 2960 caloris
307 2883 367 2958 vel
382 2883 526 2981 frigoris
542 2882 702 2962 nimium
714 2882 948 2960 multimodis
965 2896 1082 2963 nocet.

214 3018 310 3070 xiv,
340 2995 461 3069 Causa
476 3017 627 3092 quoque
643 2994 816 3085 excitans,
845 3010 1061 3097 quanquam
1078 3026 1152 3076 non
1170 2990 1242 3078 sta-

164 3109 235 3184 tim
251 3107 425 3183 morbum
453 3107 654 3195 induxerit,
683 3110 714 3182 si
733 3109 798 3184 diu
825 3111 1035 3209 perstiterit,
1064 3115 1242 3188 constitu·

163 3219 304 3296 tionem
321 3220 490 3318 corporis,
507 3220 677 3318 quamvis
687 3221 959 3309 validissimam,
976 3224 1153 3321 paulatim
1164 3232 1243 3301 cor·

164 3342 324 3432 rumpet,
351 3344 390 3407 et
406 3332 514 3407 variis
530 3332 667 3407 morbis
695 3335 893 3409 obnoxiam
920 3335 1066 3421 reddet;
1105 3338 1252 3414 scilicet>-

51 3448 54 3453 ’
164 3444 314 3519 alteram
332 3468 476 3519 causam
494 3455 684 3534 remotam,
713 3470 847 3544 nempe
863 3471 948 3545 quae
964 3472 1094 3548 corpus
1111 3451 1243 3527 morbo

164 3568 416 3656 opportunum
447 3559 543 3649 facit,
572 3560 707 3658 gignit,
734 3558 794 3632 vel
823 3561 861 3632 in
891 3584 972 3633 eam
1001 3563 1241 3636 convertitur.

163 3667 308 3743 Eadem
335 3670 451 3770 igitur
479 3696 535 3745 res
552 3693 654 3744 nunc
670 3693 777 3744 causa
793 3671 966 3757 excitans,
993 3695 1094 3746 nunc
1116 3697 1242 3747 rursus

164 3805 272 3855 causa
287 3785 470 3872 remotior,
497 3808 574 3859 esse
598 3781 877 3882 potest-Coeli
908 3784 1153 3882 intemperies,
1179 3783 1241 3858 de·

164 3892 265 3980 sidia,
282 3893 394 3978 luxus
411 3895 625 3994 hujusmodi
641 3896 812 3993 exempla
828 3896 925 3969 sunt.

212 4029 327 4083 xtvr.
357 4009 422 4083 De
449 4008 507 4081 his
533 4030 642 4104 porro
670 4007 788 4080 tribus
820 4008 1016 4105 generibus
1050 4032 1252 4084 causarum-

163 4119 291 4209 morbi,
310 4121 400 4194 scire
410 4117 570 4215 juvabit,
603 4119 793 4191 notionem
807 4142 997 4192 causarum
1015 4129 1242 4195 remotarum

162 4231 357 4330 utriusque
385 4229 530 4327 generis
555 4229 738 4326 (xxxvn)
762 4229 904 4327 justam
932 4255 1019 4321 esse,
1048 4244 1087 4308 et
1114 4233 1245 4346 magni
