2678 4794
87 240 165 302 tar.
181 236 331 297 xxvut
377 235 599 294 nantem
617 235 907 311 πωπω.
1091 216 1163 303 869

87 443 113 495 n
141 416 270 493 animo
297 423 472 502 versatur,
509 433 622 513 quam
652 414 803 489 morbus
829 436 908 513 quo
939 411 1090 502 laborat,
1124 425 1164 491 et

87 528 281 605 seniculum
297 539 336 600 et
351 549 450 601 mors
465 550 552 625 quae
567 524 684 601 credit
701 525 771 603 sibi
787 525 935 600 instare.

122 661 328 719 ucxxxvu
355 639 455 715 Cum
473 661 570 730 veru,
595 648 746 739 propter
762 662 950 714 summam
972 637 1163 712 infirmita·

87 778 163 843 em,
174 751 337 851 aliasque
346 774 481 840 causas,
498 753 752 830 exercitationi
763 741 926 851 eorporis
940 751 1041 826 locus
1054 750 1163 850 plme

87 863 195 943 lullus
211 875 278 953 est,
304 872 389 940 tum
405 889 450 941 eo
465 864 585 964 magis
606 865 654 941 ad
670 865 842 942 idoneam
867 865 984 940 animi
1007 887 1163 961 occupa·

87 976 215 1054 ionem
230 977 422 1055 attendere
432 986 590 1076 oportet,
607 1001 692 1076 quae
704 977 779 1055 fere
794 977 944 1054 alterius
957 979 1038 1052 vice
1053 974 1163 1074 fungi

87 1089 200 1186 nouit.
278 1088 384 1187 Saepe
412 1090 625 1167 enimcum
650 1091 918 1167 medicamenta
943 1114 1009 1165 aua
1032 1096 1165 1163 natura

87 1202 217 1303 >ptime
232 1224 364 1301 parum
381 1199 443 1275 vel
460 1201 553 1277 nihil
566 1201 742 1280 valentin
758 1201 962 1279 reficiendis
973 1200 1053 1299 jam
1066 1198 1163 1277 labe·

87 1312 182 1392 *rens
196 1312 352 1404 viribus,
377 1311 488 1389 lectio
496 1313 675 1413 juctmda,
704 1314 765 1388 vel
781 1313 931 1391 forsitan
948 1313 1070 1389 studia
1086 1334 1163 1393 non

87 1426 171 1507 ideo
193 1424 299 1513 levia.
337 1434 404 1501 aut
429 1425 645 1524 spectacula,
679 1436 746 1508 aut
769 1426 861 1515 ludi,
898 1436 965 1503 aut
992 1424 1164 1501 convivia

87 1547 171 1629 uta,
187 1537 324 1615 eximia
340 1537 504 1615 remedia
513 1537 621 1616 fiunt
673 1539 904 1638 Hujusmodi
919 1547 1046 1615 autem
1055 1560 1166 1629 occul

87 1649 287 1750 nationibus
312 1649 397 1731 solis
434 1650 618 1728 confidere
642 1677 774 1752 parum
799 1652 985 1742 convenit,
1021 1651 1163 1750 quippe

87 1762 164 1862 luia
178 1760 238 1839 hae
253 1762 363 1841 citius
389 1763 465 1837 sere
481 1762 662 1841 delectare
678 1764 854 1842 desinunt
882 1789 997 1863 quam
1016 1761 1165 1862 negotia

87 1875 192 1977 nagia
215 1877 320 1963 seria,
345 1888 383 1952 et
407 1877 576 1952 animum
600 1902 753 1976 quoque
769 1880 894 1955 miuus
910 1876 1053 1951 fortiter
1069 1873 1163 1953 deti-

87 1996 176 2065 tent.
226 1988 334 2076 Qnin
356 1999 395 2065 et
419 1989 459 2065 in
488 1990 532 2064 iis
549 1991 662 2065 etiam
689 1991 880 2090 exemplis,
907 2014 993 2088 quae
1008 1986 1164 2087 quidem

87 2100 232 2177 ninime
247 2125 326 2176 rara
342 2112 442 2189 sunt,
460 2102 524 2178 ubi
542 2125 639 2176 curae
655 2104 849 2200 graviores,
866 2114 904 2179 et
921 2102 1071 2202 negotia
1086 2121 1164 2175 non

87 2214 162 2291 mis
176 2215 384 2297 intermissa
398 2225 465 2290 aut
481 2213 630 2303 variata,
647 2216 816 2293 animum
833 2216 1019 2314 pariterac
1031 2231 1163 2308 corpus

87 2325 357 2413 adamaverint,
376 2328 545 2426 quamvis
560 2352 703 2426 aegrum
721 2336 826 2404 tanto
841 2328 944 2403 oneri
960 2324 1165 2401 subducere

87 2448 255 2537 »portent
280 2462 424 2518 merum
450 2440 571 2515 otium
588 2439 689 2514 haud
705 2439 883 2513 idoneum
900 2445 966 2525 est,
991 2445 1030 2509 et
1045 2432 1164 2531 magis

87 2550 230 2649 amdest
244 2553 343 2627 varia
358 2553 519 2652 negotia,
546 2553 715 2652 grafium,
740 2561 779 2626 et
802 2551 949 2637 leviora,
974 2549 1015 2622 in
1038 2545 1164 2620 locum

87 2661 245 2760 otiorum
261 2689 346 2763 quae
361 2665 582 2751 nocuissent,
599 2664 775 2741 sufficere.

125 2797 347 2853 mcxxxvu.
372 2777 437 2852 Ex
448 2777 526 2875 jam
544 2778 653 2853 dictis
677 2778 725 2853 de
742 2776 883 2854 viribus
907 2775 1163 2852 roborantibus

87 2888 348 2964 exercitationis
388 2891 519 2976 omnis,
555 2914 643 2968 cum
683 2892 840 2990 corporis
865 2898 949 2965 tum
974 2888 1100 2976 mimi,
1125 2896 1165 2965 et

87 2996 281 3075 affectuum
306 3012 409 3099 grate
433 3004 691 3090 excitantium,
729 3002 901 3078 facillime
934 3000 1165 3100 intelligetur

87 3121 218 3209 lamnia
240 3117 322 3211 pars
348 3113 516 3190 beneficii
531 3116 636 3215 quod
653 3114 761 3193 multi
791 3117 881 3214 agri
897 3141 919 3190 a
934 3115 1042 3189 variis
1059 3112 1165 3211 aquis

87 3223 367 3313 nedicinalibus,
404 3239 470 3301 ant
505 3236 588 3301 aere
613 3229 849 3326 quorundam
886 3226 1061 3311 locorum,
1098 3233 1165 3298 aut

87 3358 189 3433 ongo
213 3337 356 3424 itinere,
392 3349 459 3414 aut
484 3339 669 3414 lavatione
694 3341 888 3427 maritima,
923 3363 961 3414 se
985 3337 1165 3435 accepisse

87 3444 238 3533 sedant.
279 3449 476 3524 tribuenda
514 3451 562 3525 sit
599 3453 853 3528 exercitationi
890 3450 1063 3550 corporis,
1097 3456 1165 3525 aut

87 3558 311 3656 manationi
347 3574 385 3635 et
420 3561 656 3636 delectationi
693 3565 809 3638 alcimi
846 3590 868 3638 a
904 3575 964 3640 tot
987 3565 1094 3641 novis
1126 3573 1166 3646 et

87 3670 191 3768 nutis
208 3671 328 3760 rebus,
351 3684 390 3747 et
406 3673 587 3770 conviviis
603 3672 678 3748 fere
694 3676 892 3774 peipetuis,
909 3701 995 3774 quae
1006 3677 1167 3750 maxime

87 3780 202 3857 distes
227 3792 266 3857 et
290 3785 572 3871 melancholicos
597 3787 701 3884 quasi
726 3811 747 3860 a
772 3810 811 3861 se
835 3788 923 3886 ipsis
957 3789 1164 3886 surripiant.

87 3891 216 3971 Multae
232 3896 332 3970 enim
350 3922 399 3973 ex
416 3896 675 3975 laudatissimis
691 3900 804 3974 etiam
821 3900 926 3997 aquis
943 3896 1166 3977 medicinali·

87 4002 159 4093 bun
176 4031 310 4107 parum
328 4012 588 4104 medicamenti
605 4011 767 4109 cujusvis
783 4011 824 4085 in
840 4034 879 4085 se
893 4012 1106 4091 oontinent:
1126 4020 1166 4084 et

87 4116 349 4200 medicamenta
366 4148 450 4222 quae
467 4126 506 4201 in
525 4124 603 4202 aliis
619 4125 750 4201 insunt
774 4122 886 4224 longe
903 4122 1040 4221 majore
1063 4123 1166 4221 copia

593 4261 659 4312 na
