2678 4794
118 334 188 400 ala
502 339 752 399 cousrncrus
1018 341 1104 395 car.
1121 341 1191 394 xx.

117 523 234 621 frigus
262 521 401 620 corpori
416 519 619 595 admotum.
670 517 821 591 Dooent
836 519 990 594 effectus
1006 517 1101 592 bene
1117 518 1198 591 noti
1228 538 1230 546 ‘

117 634 275 732 corporis
291 630 566 716 exercitationis,
584 629 721 716 caloris,
737 629 905 720 febrium,
934 640 973 704 et
988 629 1196 705 multorum

118 747 468 821 medicamentorum
484 741 770 816 stimulantium.

168 882 284 933 Dccx.
322 856 500 954 Augetur
525 878 612 928 vero
648 855 769 929 omnis
804 855 964 942 secreti0‚
999 864 1106 928 aucta
1138 853 1197 926 sui

4 978 9 985 ’
117 970 244 1068 organi
269 992 442 1056 vasorum
466 967 620 1054 actione,
646 967 852 1042 dummodo
876 968 954 1042 haec
977 990 1052 1040 non
1069 965 1198 1050 nimia,

117 1105 238 1179 neque
255 1079 360 1152 aliter
377 1079 485 1153 valde
510 1078 677 1153 morbosa
706 1080 827 1154 fuerit.
879 1081 967 1154 Hoc
983 1078 1094 1152 modo
1116 1075 1199 1174 plu·

115 1196 220 1267 rimae
246 1191 680 1266 secretiones‘incitantur
705 1193 809 1265 omni
826 1192 978 1266 stimulo
1000 1213 1126 1264 earum
1143 1211 1198 1260 or·

115 1306 219 1405 ganis
245 1305 407 1391 admoto,
432 1303 529 1377 vel
518 1328 558 1377 m
585 1329 740 1378 massam
758 1305 946 1404 sanguinis
975 1312 1131 1401 recepto,
1160 1308 1198 1372 et

51 1392 82 1493 f
115 1417 294 1516 quasdam
311 1442 387 1515 prae
403 1415 482 1491 aliis
511 1417 676 1514 partibus
704 1416 896 1490 afficiente.
947 1416 1098 1489 Dooent
1120 1433 1200 1486 acre

37 1500 303 1657 &quodvis
293 1552 333 1602 m
350 1528 513 1616 oculum,
538 1539 604 1602 aut
619 1528 698 1602 sal
687 1552 727 1600 m
744 1554 784 1602 os
801 1539 1001 1625 receptum,
1018 1536 1057 1600 et
1072 1548 1198 1624 argen-

32 1650 70 1725 o.
117 1653 201 1715 tum
219 1642 362 1728 vivum,
389 1639 581 1739 multaque
598 1638 836 1725 stimulantis,
861 1638 1084 1714 diuretico
1074 1636 1199 1736 impri-

7 1724 71 1833 Χ
116 1755 200 1842 mis,
216 1754 553 1852 quomodocunque
569 1752 787 1850 sanguinem
806 1752 965 1850 ingressa
983 1753 1066 1825 sint.

6 1836 45 1928 Χ
89 1904 91 1909 <
167 1890 305 1942 nccxr
330 1867 456 1952 Porro,
482 1863 654 1938 stimulus
670 1865 737 1962 qui
756 1863 942 1937 videretur
957 1863 1145 1962 generalis,
1163 1869 1201 1934 et

117 1981 184 2077 qui
209 1979 421 2053 universum
447 2001 589 2076 eorpus,
623 1975 682 2049 vel
708 1974 858 2049 forsitan
882 1976 1051 2049 animum
1075 1977 1200 2073 ipsum

37 2092 38 2097 ’
75 2076 97 2134 ³⁸·
116 2090 240 2176 afficit,
266 2088 472 2163 secundum
509 2072 706 2163 consensus
741 2088 839 2188 leges
870 2090 1055 2183 (eccam),
1088 2111 1199 2161 secre-

116 2204 237 2276 tiones
255 2200 341 2274 alias
369 2201 531 2274 intendit
547 2225 655 2299 saepe,
679 2199 765 2274 alias
782 2199 929 2274 minuit.
980 2200 1200 2298 Laehrymae

118 2338 291 2401 moerore,
307 2312 375 2386 fel
366 2338 428 2400 rra,
441 2336 623 2412 copiosius
635 2312 743 2387 solito
755 2324 1014 2387 secernuntur:
1040 2323 1201 2411 utroque

117 2427 252 2501 affectu
277 2427 399 2500 fauces
424 2449 519 2523 saepe
539 2435 723 2501 arescunt.
775 2425 895 2500 Saliva
912 2425 998 2499 fluit
1024 2423 1200 2500 esurienti

117 2539 164 2611 ad
189 2548 427 2636 conspectum
455 2536 514 2610 vel
539 2539 803 2638 cogitationem
827 2538 923 2636 grati
947 2537 1041 2623 cibi;
1066 2551 1106 2610 et
1122 2536 1200 2634 pari

117 2653 268 2736 ratione,
296 2651 445 2725 seminis
463 2650 549 2748 plus
579 2650 685 2724 solito
710 2651 910 2724 secemitur
926 2649 1087 2722 maribus
1104 2647 1198 2722 mul·

117 2775 240 2834 torum
254 2762 481 2857 animalium,
491 2762 539 2834 ad
551 2770 791 2859 conspectum
804 2762 865 2835 vel
877 2761 1024 2835 odorem
1036 2760 1199 2835 foeminae

119 2895 245 2969 pronae
273 2873 312 2943 in
348 2895 542 2946 venerem:
581 2887 620 2946 et
644 2873 731 2946 viris
756 2896 896 2970 saepea
931 2873 1005 2946 sola
1037 2873 1200 2971 imagine

118 2991 253 3080 optatae
277 2980 451 3066 foemina,
480 2982 541 3054 vel
556 2983 667 3055 etiam
685 3007 706 3055 a
734 2984 982 3059 recordatione
997 3009 1122 3060 rerum
1139 3008 1199 3059 ve·

120 3117 318 3167 aerearum.
838 3118 842 3125 ·

167 3229 320 3282 nocxn.
347 3206 537 3303 Spumeus,
565 3204 626 3278 vel
642 3208 852 3295 contractio,
877 3208 938 3282 vel
953 3209 1049 3282 actio
1071 3208 1197 3282 abnor-

117 3321 201 3408 mis,
226 3319 492 3418 qualiscunque
516 3317 637 3405 fuerit,
664 3343 834 3393 vasorum
859 3322 988 3420 organi
1013 3343 1197 3394 sesemen·

118 3431 175 3515 tis,
201 3432 438 3504 secretionem
455 3428 653 3527 aliquando
668 3431 836 3530 impedit,
848 3432 1059 3551 aliquando
1074 3440 1197 3532 auget,

117 3561 384 3654 nonnunquam
402 3541 510 3640 plane
522 3543 733 3642 corrumpit.
784 3525 964 3644 Spdsmus
976 3569 1128 3643 quoque
1145 3569 1197 3618 re·

117 3665 300 3727 motarum
327 3650 487 3751 partium
518 3655 639 3754 (pulso
664 3656 800 3730 scilicet
824 3659 1001 3757 sanguine
1027 3682 1047 3729 a
1073 3658 1197 3746 solitis,

117 3779 155 3840 et
179 3769 217 3840 in
236 3790 347 3859 novas
364 3768 502 3842 directo
519 3769 610 3867 vias)
629 3771 883 3859 (ceccanum,
910 3775 1196 3866 ccccaxxxm),

118 3881 331 3953 secretiones
356 3905 451 3978 saepe
476 3893 598 3980 auget.
650 3881 800 3954 Docent
816 3882 905 3955 varii
923 3893 960 3955 et
979 3883 1062 3955 miri
1080 3884 1197 3956 urinae

117 4003 155 4067 et
171 3992 273 4065 lactis
289 3991 451 4079 affectus,
468 3993 514 4065 ab
529 3993 707 4091 hystoria,
725 4004 870 4081 terrore,
888 3994 949 4079 ira,
967 3994 1112 4092 frigore.

166 4127 332 4180 Dccxnr.
358 4105 564 4202 Augentur
579 4129 684 4202 saepe,
709 4104 906 4201 aliquando
922 4106 1072 4179 fortasse
1088 4105 1195 4179 indu·

115 4227 261 4304 cuntur,
286 4218 501 4293 secretiones
525 4217 706 4319 quaedam,
744 4217 906 4309 stimulo,
933 4219 1105 4316 quamvis
1121 4215 1195 4293 levi
