<?xml version="1.0" encoding="UTF-8"?>
<!DOCTYPE html PUBLIC "-//W3C//DTD XHTML 1.0 Transitional//EN"
    "http://www.w3.org/TR/xhtml1/DTD/xhtml1-transitional.dtd">
<html xmlns="http://www.w3.org/1999/xhtml" xml:lang="en" lang="en">
 <head>
  <title>
</title>
<meta http-equiv="Content-Type" content="text/html;charset=utf-8" />
  <meta name='ocr-system' content='tesseract 3.04.00' />
  <meta name='ocr-capabilities' content='ocr_page ocr_carea ocr_par ocr_line ocrx_word'/>
</head>
<body>
  <div class='ocr_page' id='page_1' title='image "./conspectusmedic01greggoog_0190.png"; bbox 0 0 2678 4794; ppageno 0'>
   <div class='ocr_carea' id='block_1_1' title="bbox 142 349 1218 427">
    <p class='ocr_par' dir='ltr' id='par_1_1' title="bbox 142 349 1218 427">
     <span class='ocr_line' id='line_1_1' title="bbox 142 349 1218 427; baseline 0.012 -20"><span class='ocrx_word' id='word_1_1' title='bbox 142 353 230 411; x_wconf 77' lang='lat' dir='ltr'><strong>aar.</strong></span> <span class='ocrx_word' id='word_1_2' title='bbox 247 354 312 409; x_wconf 83' lang='lat' dir='ltr'><strong>xv.</strong></span> <span class='ocrx_word' id='word_1_3' title='bbox 430 350 644 410; x_wconf 72' lang='lat' dir='ltr'><strong>aramenus</strong></span> <span class='ocrx_word' id='word_1_4' title='bbox 662 353 942 414; x_wconf 71' lang='lat' dir='ltr'><strong>resonamus.</strong></span> <span class='ocrx_word' id='word_1_5' title='bbox 1096 349 1218 427; x_wconf 79' lang='lat'>.139</span> 
     </span>
    </p>
   </div>
   <div class='ocr_carea' id='block_1_2' title="bbox 125 526 1248 4200">
    <p class='ocr_par' dir='ltr' id='par_1_2' title="bbox 132 526 1219 1522">
     <span class='ocr_line' id='line_1_2' title="bbox 141 526 1218 633; baseline 0.007 -29"><span class='ocrx_word' id='word_1_6' title='bbox 141 526 355 630; x_wconf 66' lang='lat' dir='ltr'><strong>apoplexia,</strong></span> <span class='ocrx_word' id='word_1_7' title='bbox 389 528 451 604; x_wconf 81' lang='lat' dir='ltr'><strong>tro.</strong></span> <span class='ocrx_word' id='word_1_8' title='bbox 503 529 698 606; x_wconf 74' lang='lat' dir='ltr'>Interdum</span> <span class='ocrx_word' id='word_1_9' title='bbox 730 533 772 606; x_wconf 91' lang='lat' dir='ltr'><strong>in</strong></span> <span class='ocrx_word' id='word_1_10' title='bbox 804 531 972 632; x_wconf 84' lang='lat' dir='ltr'><strong>hydrope</strong></span> <span class='ocrx_word' id='word_1_11' title='bbox 1001 533 1218 633; x_wconf 81' lang='lat' dir='ltr'><strong>pericardii,</strong></span> 
     </span>
     <span class='ocr_line' id='line_1_3' title="bbox 138 640 1219 748; baseline 0.007 -33"><span class='ocrx_word' id='word_1_12' title='bbox 138 642 291 739; x_wconf 78' lang='lat' dir='ltr'><strong>aliisque</strong></span> <span class='ocrx_word' id='word_1_13' title='bbox 306 640 445 715; x_wconf 82' lang='lat' dir='ltr'><strong>morbis</strong></span> <span class='ocrx_word' id='word_1_14' title='bbox 461 640 522 715; x_wconf 86' lang='lat' dir='ltr'><strong>vel</strong></span> <span class='ocrx_word' id='word_1_15' title='bbox 538 641 649 741; x_wconf 85' lang='lat' dir='ltr'><strong>hujus</strong></span> <span class='ocrx_word' id='word_1_16' title='bbox 665 645 756 718; x_wconf 83' lang='lat' dir='ltr'><strong>sacci</strong></span> <span class='ocrx_word' id='word_1_17' title='bbox 772 645 833 718; x_wconf 87' lang='lat' dir='ltr'><strong>vel</strong></span> <span class='ocrx_word' id='word_1_18' title='bbox 849 645 967 720; x_wconf 89' lang='lat' dir='ltr'><strong>oordis</strong></span> <span class='ocrx_word' id='word_1_19' title='bbox 983 646 1109 748; x_wconf 80' lang='lat' dir='ltr'><strong>ipsius,</strong></span> <span class='ocrx_word' id='word_1_20' title='bbox 1137 649 1219 746; x_wconf 88' lang='lat' dir='ltr'><strong>pul-</strong></span> 
     </span>
     <span class='ocr_line' id='line_1_4' title="bbox 134 752 1218 856; baseline 0.004 -27"><span class='ocrx_word' id='word_1_21' title='bbox 134 778 193 829; x_wconf 82' lang='lat' dir='ltr'><strong>sus</strong></span> <span class='ocrx_word' id='word_1_22' title='bbox 211 752 432 828; x_wconf 90' lang='lat' dir='ltr'><strong>mirabiliter</strong></span> <span class='ocrx_word' id='word_1_23' title='bbox 462 754 559 828; x_wconf 87' lang='lat' dir='ltr'><strong>tardi</strong></span> <span class='ocrx_word' id='word_1_24' title='bbox 574 756 680 831; x_wconf 86' lang='lat' dir='ltr'><strong>fiunt</strong></span> <span class='ocrx_word' id='word_1_25' title='bbox 732 755 950 856; x_wconf 86' lang='lat' dir='ltr'>Aliquando</span> <span class='ocrx_word' id='word_1_26' title='bbox 978 759 1018 831; x_wconf 93' lang='lat' dir='ltr'><strong>in</strong></span> <span class='ocrx_word' id='word_1_27' title='bbox 1036 758 1218 834; x_wconf 82' lang='lat' dir='ltr'><strong>oonvales.</strong></span> 
     </span>
     <span class='ocr_line' id='line_1_5' title="bbox 132 864 1217 968; baseline 0.005 -28"><span class='ocrx_word' id='word_1_28' title='bbox 132 865 304 940; x_wconf 73' lang='lat' dir='ltr'>centibus</span> <span class='ocrx_word' id='word_1_29' title='bbox 320 889 344 937; x_wconf 89' lang='lat' dir='ltr'><strong>a</strong></span> <span class='ocrx_word' id='word_1_30' title='bbox 367 864 529 940; x_wconf 82' lang='lat' dir='ltr'><strong>febribus</strong></span> <span class='ocrx_word' id='word_1_31' title='bbox 546 865 742 957; x_wconf 87' lang='lat' dir='ltr'><strong>diuturnis,</strong></span> <span class='ocrx_word' id='word_1_32' title='bbox 759 868 887 966; x_wconf 91' lang='lat' dir='ltr'><strong>pulsus</strong></span> <span class='ocrx_word' id='word_1_33' title='bbox 911 878 1043 968; x_wconf 88' lang='lat' dir='ltr'><strong>praeter</strong></span> <span class='ocrx_word' id='word_1_34' title='bbox 1066 869 1217 946; x_wconf 91' lang='lat' dir='ltr'><strong>solitum</strong></span> 
     </span>
     <span class='ocr_line' id='line_1_6' title="bbox 133 977 1215 1081; baseline 0.004 -30"><span class='ocrx_word' id='word_1_35' title='bbox 133 977 260 1051; x_wconf 87' lang='lat' dir='ltr'><strong>tardus</strong></span> <span class='ocrx_word' id='word_1_36' title='bbox 276 977 503 1052; x_wconf 67' lang='lat' dir='ltr'><strong>observatur.</strong></span> <span class='ocrx_word' id='word_1_37' title='bbox 554 977 633 1054; x_wconf 88' lang='lat' dir='ltr'><strong>Res</strong></span> <span class='ocrx_word' id='word_1_38' title='bbox 649 1004 735 1054; x_wconf 90' lang='lat' dir='ltr'><strong>sane</strong></span> <span class='ocrx_word' id='word_1_39' title='bbox 751 980 852 1056; x_wconf 90' lang='lat' dir='ltr'><strong>baud</strong></span> <span class='ocrx_word' id='word_1_40' title='bbox 868 983 995 1081; x_wconf 81' lang='lat' dir='ltr'><strong>magni</strong></span> <span class='ocrx_word' id='word_1_41' title='bbox 1011 984 1192 1055; x_wconf 89' lang='lat' dir='ltr'><strong>momenti</strong></span> <span class='ocrx_word' id='word_1_42' title='bbox 1206 1010 1215 1068; x_wconf 89' lang='lat'>;</span> 
     </span>
     <span class='ocr_line' id='line_1_7' title="bbox 133 1089 1217 1189; baseline 0.004 -25"><span class='ocrx_word' id='word_1_43' title='bbox 133 1090 238 1187; x_wconf 86' lang='lat' dir='ltr'><strong>eujus</strong></span> <span class='ocrx_word' id='word_1_44' title='bbox 265 1100 393 1187; x_wconf 82' lang='lat' dir='ltr'><strong>torpor</strong></span> <span class='ocrx_word' id='word_1_45' title='bbox 420 1089 553 1189; x_wconf 86' lang='lat' dir='ltr'><strong>aliquis</strong></span> <span class='ocrx_word' id='word_1_46' title='bbox 582 1093 729 1168; x_wconf 89' lang='lat' dir='ltr'><strong>videtur</strong></span> <span class='ocrx_word' id='word_1_47' title='bbox 762 1117 839 1167; x_wconf 83' lang='lat' dir='ltr'><strong>esse</strong></span> <span class='ocrx_word' id='word_1_48' title='bbox 871 1117 986 1169; x_wconf 87' lang='lat' dir='ltr'><strong>eausa</strong></span> <span class='ocrx_word' id='word_1_49' title='bbox 1052 1093 1217 1168; x_wconf 84' lang='lat' dir='ltr'><strong>Medica-</strong></span> 
     </span>
     <span class='ocr_line' id='line_1_8' title="bbox 134 1202 1216 1304; baseline 0.006 -30"><span class='ocrx_word' id='word_1_50' title='bbox 134 1213 260 1275; x_wconf 80' lang='lat' dir='ltr'><strong>menta</strong></span> <span class='ocrx_word' id='word_1_51' title='bbox 276 1203 448 1299; x_wconf 83' lang='lat' dir='ltr'><strong>quoedam</strong></span> <span class='ocrx_word' id='word_1_52' title='bbox 465 1202 625 1278; x_wconf 82' lang='lat' dir='ltr'><strong>sedentia</strong></span> <span class='ocrx_word' id='word_1_53' title='bbox 637 1205 796 1303; x_wconf 84' lang='lat' dir='ltr'><strong>generis,</strong></span> <span class='ocrx_word' id='word_1_54' title='bbox 811 1215 850 1278; x_wconf 89' lang='lat' dir='ltr'><strong>et</strong></span> <span class='ocrx_word' id='word_1_55' title='bbox 878 1205 1060 1304; x_wconf 87' lang='lat' dir='ltr'><strong>imprimis</strong></span> <span class='ocrx_word' id='word_1_56' title='bbox 1084 1228 1216 1282; x_wconf 80' lang='lat' dir='ltr'><strong>norro·</strong></span> 
     </span>
     <span class='ocr_line' id='line_1_9' title="bbox 138 1310 1216 1416; baseline 0.008 -32"><span class='ocrx_word' id='word_1_57' title='bbox 138 1310 210 1387; x_wconf 80' lang='lat' dir='ltr'><strong>tiso</strong></span> <span class='ocrx_word' id='word_1_58' title='bbox 225 1312 414 1400; x_wconf 86' lang='lat' dir='ltr'><strong>nonnulla,</strong></span> <span class='ocrx_word' id='word_1_59' title='bbox 443 1314 562 1388; x_wconf 86' lang='lat' dir='ltr'><strong>veluti</strong></span> <span class='ocrx_word' id='word_1_60' title='bbox 578 1313 780 1414; x_wconf 43' lang='lat' dir='ltr'><strong>Deitatis,</strong></span> <span class='ocrx_word' id='word_1_61' title='bbox 809 1339 904 1416; x_wconf 77' lang='lat' dir='ltr'><strong>sape</strong></span> <span class='ocrx_word' id='word_1_62' title='bbox 919 1318 997 1392; x_wconf 87' lang='lat' dir='ltr'><strong>visa</strong></span> <span class='ocrx_word' id='word_1_63' title='bbox 1023 1327 1111 1392; x_wconf 91' lang='lat' dir='ltr'><strong>sunt</strong></span> <span class='ocrx_word' id='word_1_64' title='bbox 1135 1315 1216 1393; x_wconf 86' lang='lat' dir='ltr'><strong>red·</strong></span> 
     </span>
     <span class='ocr_line' id='line_1_10' title="bbox 141 1421 829 1522; baseline 0.013 -28"><span class='ocrx_word' id='word_1_65' title='bbox 141 1421 225 1495; x_wconf 87' lang='lat' dir='ltr'><strong>dere</strong></span> <span class='ocrx_word' id='word_1_66' title='bbox 241 1423 364 1522; x_wconf 82' lang='lat' dir='ltr'><strong>pulsus</strong></span> <span class='ocrx_word' id='word_1_67' title='bbox 381 1425 503 1501; x_wconf 92' lang='lat' dir='ltr'><strong>multo</strong></span> <span class='ocrx_word' id='word_1_68' title='bbox 520 1427 695 1501; x_wconf 77' lang='lat' dir='ltr'><strong>tardiores</strong></span> <span class='ocrx_word' id='word_1_69' title='bbox 712 1427 829 1503; x_wconf 85' lang='lat' dir='ltr'><strong>solito.</strong></span> 
     </span>
    </p>

    <p class='ocr_par' dir='ltr' id='par_1_3' title="bbox 128 1537 1240 3291">
     <span class='ocr_line' id='line_1_11' title="bbox 187 1537 1217 1639; baseline 0.007 -29"><span class='ocrx_word' id='word_1_70' title='bbox 187 1556 380 1611; x_wconf 79' lang='lat' dir='ltr'><strong>ccccavu.</strong></span> <span class='ocrx_word' id='word_1_71' title='bbox 406 1537 594 1612; x_wconf 92' lang='lat' dir='ltr'><strong>Pulsuum</strong></span> <span class='ocrx_word' id='word_1_72' title='bbox 612 1562 701 1613; x_wconf 87' lang='lat' dir='ltr'><strong>vem</strong></span> <span class='ocrx_word' id='word_1_73' title='bbox 724 1539 932 1639; x_wconf 86' lang='lat' dir='ltr'><strong>frequentia</strong></span> <span class='ocrx_word' id='word_1_74' title='bbox 948 1539 1041 1616; x_wconf 90' lang='lat' dir='ltr'><strong>nihil</strong></span> <span class='ocrx_word' id='word_1_75' title='bbox 1056 1551 1217 1633; x_wconf 70' lang='lat' dir='ltr'><strong>mutata</strong></span> 
     </span>
     <span class='ocr_line' id='line_1_12' title="bbox 136 1643 1214 1754; baseline 0.009 -35"><span class='ocrx_word' id='word_1_76' title='bbox 136 1643 267 1745; x_wconf 80' lang='lat' dir='ltr'><strong>singuli</strong></span> <span class='ocrx_word' id='word_1_77' title='bbox 286 1657 445 1747; x_wconf 78' lang='lat' dir='ltr'><strong>possunt</strong></span> <span class='ocrx_word' id='word_1_78' title='bbox 469 1673 547 1724; x_wconf 87' lang='lat' dir='ltr'><strong>esse</strong></span> <span class='ocrx_word' id='word_1_79' title='bbox 562 1649 624 1725; x_wconf 88' lang='lat' dir='ltr'><strong>vel</strong></span> <span class='ocrx_word' id='word_1_80' title='bbox 652 1649 764 1750; x_wconf 92' lang='lat' dir='ltr'><strong>pleni,</strong></span> <span class='ocrx_word' id='word_1_81' title='bbox 789 1656 926 1754; x_wconf 82' lang='lat' dir='ltr'><strong>magni,</strong></span> <span class='ocrx_word' id='word_1_82' title='bbox 952 1653 1076 1743; x_wconf 90' lang='lat' dir='ltr'><strong>validi,</strong></span> <span class='ocrx_word' id='word_1_83' title='bbox 1101 1653 1214 1729; x_wconf 86' lang='lat' dir='ltr'><strong>fortes</strong></span> 
     </span>
     <span class='ocr_line' id='line_1_13' title="bbox 134 1756 1213 1864; baseline 0.009 -33"><span class='ocrx_word' id='word_1_84' title='bbox 134 1756 234 1844; x_wconf 90' lang='lat' dir='ltr'><strong>duri;</strong></span> <span class='ocrx_word' id='word_1_85' title='bbox 270 1760 333 1834; x_wconf 86' lang='lat' dir='ltr'><strong>vel</strong></span> <span class='ocrx_word' id='word_1_86' title='bbox 366 1761 482 1858; x_wconf 89' lang='lat' dir='ltr'><strong>parvi,</strong></span> <span class='ocrx_word' id='word_1_87' title='bbox 518 1760 666 1850; x_wconf 85' lang='lat' dir='ltr'><strong>debiles,</strong></span> <span class='ocrx_word' id='word_1_88' title='bbox 701 1763 839 1839; x_wconf 85' lang='lat' dir='ltr'><strong>molles.</strong></span> <span class='ocrx_word' id='word_1_89' title='bbox 905 1765 1042 1840; x_wconf 88' lang='lat' dir='ltr'><strong>Pulsus</strong></span> <span class='ocrx_word' id='word_1_90' title='bbox 1066 1764 1213 1864; x_wconf 85' lang='lat' dir='ltr'><strong>plenus,</strong></span> 
     </span>
     <span class='ocr_line' id='line_1_14' title="bbox 133 1870 1213 1973; baseline 0.004 -26"><span class='ocrx_word' id='word_1_91' title='bbox 133 1893 301 1968; x_wconf 79' lang='lat' dir='ltr'><strong>magnus,</strong></span> <span class='ocrx_word' id='word_1_92' title='bbox 318 1870 422 1946; x_wconf 86' lang='lat' dir='ltr'><strong>fortis</strong></span> <span class='ocrx_word' id='word_1_93' title='bbox 438 1871 494 1960; x_wconf 81' lang='lat' dir='ltr'><strong>tit,</strong></span> <span class='ocrx_word' id='word_1_94' title='bbox 510 1897 630 1971; x_wconf 74' lang='lat' dir='ltr'><strong>qutun</strong></span> <span class='ocrx_word' id='word_1_95' title='bbox 647 1877 874 1952; x_wconf 87' lang='lat' dir='ltr'><strong>ventriculus</strong></span> <span class='ocrx_word' id='word_1_96' title='bbox 889 1877 1034 1951; x_wconf 82' lang='lat' dir='ltr'><strong>sortiter</strong></span> <span class='ocrx_word' id='word_1_97' title='bbox 1049 1887 1087 1951; x_wconf 94' lang='lat' dir='ltr'><strong>et</strong></span> <span class='ocrx_word' id='word_1_98' title='bbox 1104 1876 1213 1973; x_wconf 83' lang='lat' dir='ltr'><strong>plene</strong></span> 
     </span>
     <span class='ocr_line' id='line_1_15' title="bbox 133 1983 1211 2089; baseline 0.004 -31"><span class='ocrx_word' id='word_1_99' title='bbox 133 2006 170 2056; x_wconf 86' lang='lat' dir='ltr'><strong>se</strong></span> <span class='ocrx_word' id='word_1_100' title='bbox 183 1983 321 2084; x_wconf 89' lang='lat' dir='ltr'><strong>deplet,</strong></span> <span class='ocrx_word' id='word_1_101' title='bbox 350 2000 600 2085; x_wconf 85' lang='lat' dir='ltr'><strong>magnamque</strong></span> <span class='ocrx_word' id='word_1_102' title='bbox 615 1988 755 2063; x_wconf 91' lang='lat' dir='ltr'><strong>undam</strong></span> <span class='ocrx_word' id='word_1_103' title='bbox 772 1990 960 2089; x_wconf 82' lang='lat' dir='ltr'><strong>sanguinis</strong></span> <span class='ocrx_word' id='word_1_104' title='bbox 976 1987 1116 2064; x_wconf 90' lang='lat' dir='ltr'><strong>arteriis</strong></span> <span class='ocrx_word' id='word_1_105' title='bbox 1141 1998 1211 2062; x_wconf 84' lang='lat' dir='ltr'><strong>na-</strong></span> 
     </span>
     <span class='ocr_line' id='line_1_16' title="bbox 135 2094 1211 2195; baseline 0.006 -26"><span class='ocrx_word' id='word_1_106' title='bbox 135 2094 198 2184; x_wconf 85' lang='lat' dir='ltr'><strong>dit,</strong></span> <span class='ocrx_word' id='word_1_107' title='bbox 214 2121 304 2195; x_wconf 83' lang='lat' dir='ltr'><strong>quae</strong></span> <span class='ocrx_word' id='word_1_108' title='bbox 320 2096 385 2170; x_wconf 88' lang='lat' dir='ltr'><strong>has</strong></span> <span class='ocrx_word' id='word_1_109' title='bbox 401 2097 516 2195; x_wconf 88' lang='lat' dir='ltr'><strong>probe</strong></span> <span class='ocrx_word' id='word_1_110' title='bbox 531 2097 727 2188; x_wconf 87' lang='lat' dir='ltr'><strong>distendat,</strong></span> <span class='ocrx_word' id='word_1_111' title='bbox 756 2113 794 2175; x_wconf 91' lang='lat' dir='ltr'><strong>et</strong></span> <span class='ocrx_word' id='word_1_112' title='bbox 810 2102 856 2175; x_wconf 89' lang='lat' dir='ltr'><strong>ad</strong></span> <span class='ocrx_word' id='word_1_113' title='bbox 873 2100 1031 2177; x_wconf 90' lang='lat' dir='ltr'><strong>validam</strong></span> <span class='ocrx_word' id='word_1_114' title='bbox 1048 2109 1211 2175; x_wconf 85' lang='lat' dir='ltr'><strong>contrae-</strong></span> 
     </span>
     <span class='ocr_line' id='line_1_17' title="bbox 131 2208 1209 2311; baseline 0.003 -29"><span class='ocrx_word' id='word_1_115' title='bbox 131 2208 268 2283; x_wconf 89' lang='lat' dir='ltr'><strong>tionem</strong></span> <span class='ocrx_word' id='word_1_116' title='bbox 286 2209 426 2284; x_wconf 89' lang='lat' dir='ltr'><strong>incitet.</strong></span> <span class='ocrx_word' id='word_1_117' title='bbox 476 2208 708 2307; x_wconf 90' lang='lat' dir='ltr'><strong>Hujusmodi</strong></span> <span class='ocrx_word' id='word_1_118' title='bbox 737 2212 864 2311; x_wconf 92' lang='lat' dir='ltr'><strong>pulsus</strong></span> <span class='ocrx_word' id='word_1_119' title='bbox 893 2213 1077 2310; x_wconf 82' lang='lat' dir='ltr'><strong>contingit</strong></span> <span class='ocrx_word' id='word_1_120' title='bbox 1093 2212 1209 2286; x_wconf 91' lang='lat' dir='ltr'><strong>homi·</strong></span> 
     </span>
     <span class='ocr_line' id='line_1_18' title="bbox 130 2320 1209 2409; baseline 0.002 -16"><span class='ocrx_word' id='word_1_121' title='bbox 130 2320 237 2396; x_wconf 87' lang='lat' dir='ltr'><strong>nibus</strong></span> <span class='ocrx_word' id='word_1_122' title='bbox 246 2321 378 2396; x_wconf 86' lang='lat' dir='ltr'><strong>validis</strong></span> <span class='ocrx_word' id='word_1_123' title='bbox 391 2333 429 2397; x_wconf 93' lang='lat' dir='ltr'><strong>et</strong></span> <span class='ocrx_word' id='word_1_124' title='bbox 439 2324 546 2408; x_wconf 88' lang='lat' dir='ltr'><strong>sanis,</strong></span> <span class='ocrx_word' id='word_1_125' title='bbox 563 2347 644 2398; x_wconf 91' lang='lat' dir='ltr'><strong>raro</strong></span> <span class='ocrx_word' id='word_1_126' title='bbox 656 2325 845 2399; x_wconf 89' lang='lat' dir='ltr'><strong>morbosus</strong></span> <span class='ocrx_word' id='word_1_127' title='bbox 859 2324 1058 2397; x_wconf 87' lang='lat' dir='ltr'><strong>habendus.</strong></span> <span class='ocrx_word' id='word_1_128' title='bbox 1094 2321 1209 2409; x_wconf 85' lang='lat' dir='ltr'><strong>Quod</strong></span> 
     </span>
     <span class='ocr_line' id='line_1_19' title="bbox 131 2431 1209 2532; baseline 0.001 -27"><span class='ocrx_word' id='word_1_129' title='bbox 131 2431 160 2505; x_wconf 86' lang='lat' dir='ltr'><strong>si</strong></span> <span class='ocrx_word' id='word_1_130' title='bbox 184 2433 300 2508; x_wconf 90' lang='lat' dir='ltr'><strong>nimis</strong></span> <span class='ocrx_word' id='word_1_131' title='bbox 316 2434 419 2508; x_wconf 90' lang='lat' dir='ltr'><strong>fortis</strong></span> <span class='ocrx_word' id='word_1_132' title='bbox 435 2434 570 2522; x_wconf 90' lang='lat' dir='ltr'><strong>evadit,</strong></span> <span class='ocrx_word' id='word_1_133' title='bbox 600 2444 639 2508; x_wconf 88' lang='lat' dir='ltr'><strong>et</strong></span> <span class='ocrx_word' id='word_1_134' title='bbox 667 2435 820 2532; x_wconf 83' lang='lat' dir='ltr'><strong>pulpam</strong></span> <span class='ocrx_word' id='word_1_135' title='bbox 847 2434 956 2531; x_wconf 86' lang='lat' dir='ltr'><strong>digiti</strong></span> <span class='ocrx_word' id='word_1_136' title='bbox 985 2432 1209 2531; x_wconf 84' lang='lat' dir='ltr'><strong>explorantis</strong></span> 
     </span>
     <span class='ocr_line' id='line_1_20' title="bbox 129 2542 1208 2633; baseline -0.001 -16"><span class='ocrx_word' id='word_1_137' title='bbox 129 2542 366 2618; x_wconf 78' lang='lat' dir='ltr'><strong>vehementer</strong></span> <span class='ocrx_word' id='word_1_138' title='bbox 381 2555 419 2619; x_wconf 94' lang='lat' dir='ltr'><strong>et</strong></span> <span class='ocrx_word' id='word_1_139' title='bbox 434 2547 564 2620; x_wconf 85' lang='lat' dir='ltr'><strong>acriter</strong></span> <span class='ocrx_word' id='word_1_140' title='bbox 579 2543 675 2633; x_wconf 84' lang='lat' dir='ltr'><strong>serit,</strong></span> <span class='ocrx_word' id='word_1_141' title='bbox 691 2553 775 2618; x_wconf 90' lang='lat' dir='ltr'><strong>tum</strong></span> <span class='ocrx_word' id='word_1_142' title='bbox 792 2544 908 2618; x_wconf 88' lang='lat' dir='ltr'><strong>durus</strong></span> <span class='ocrx_word' id='word_1_143' title='bbox 924 2554 1085 2617; x_wconf 73' lang='lat' dir='ltr'><strong>voratur.</strong></span> <span class='ocrx_word' id='word_1_144' title='bbox 1123 2543 1208 2617; x_wconf 90' lang='lat' dir='ltr'><strong>Du-</strong></span> 
     </span>
     <span class='ocr_line' id='line_1_21' title="bbox 129 2653 1209 2755; baseline 0 -27"><span class='ocrx_word' id='word_1_145' title='bbox 129 2654 227 2732; x_wconf 87' lang='lat' dir='ltr'><strong>rities</strong></span> <span class='ocrx_word' id='word_1_146' title='bbox 243 2656 374 2755; x_wconf 90' lang='lat' dir='ltr'><strong>pulsus</strong></span> <span class='ocrx_word' id='word_1_147' title='bbox 389 2660 544 2732; x_wconf 88' lang='lat' dir='ltr'><strong>oritura</strong></span> <span class='ocrx_word' id='word_1_148' title='bbox 569 2656 691 2731; x_wconf 88' lang='lat' dir='ltr'><strong>subita</strong></span> <span class='ocrx_word' id='word_1_149' title='bbox 719 2663 758 2728; x_wconf 90' lang='lat' dir='ltr'><strong>et</strong></span> <span class='ocrx_word' id='word_1_150' title='bbox 773 2654 993 2730; x_wconf 86' lang='lat' dir='ltr'><strong>vehemente</strong></span> <span class='ocrx_word' id='word_1_151' title='bbox 1009 2653 1209 2728; x_wconf 87' lang='lat' dir='ltr'><strong>ventriculi</strong></span> 
     </span>
     <span class='ocr_line' id='line_1_22' title="bbox 129 2766 1207 2864; baseline -0.002 -23"><span class='ocrx_word' id='word_1_152' title='bbox 129 2766 245 2842; x_wconf 88' lang='lat' dir='ltr'><strong>eordis</strong></span> <span class='ocrx_word' id='word_1_153' title='bbox 261 2778 302 2843; x_wconf 94' lang='lat' dir='ltr'><strong>et</strong></span> <span class='ocrx_word' id='word_1_154' title='bbox 317 2771 528 2844; x_wconf 81' lang='lat' dir='ltr'><strong>arteriarum</strong></span> <span class='ocrx_word' id='word_1_155' title='bbox 557 2768 815 2855; x_wconf 86' lang='lat' dir='ltr'><strong>contractione,</strong></span> <span class='ocrx_word' id='word_1_156' title='bbox 843 2791 928 2864; x_wconf 86' lang='lat' dir='ltr'><strong>quae</strong></span> <span class='ocrx_word' id='word_1_157' title='bbox 943 2789 1062 2840; x_wconf 89' lang='lat' dir='ltr'><strong>ramos</strong></span> <span class='ocrx_word' id='word_1_158' title='bbox 1091 2790 1207 2840; x_wconf 85' lang='lat' dir='ltr'><strong>remo-</strong></span> 
     </span>
     <span class='ocr_line' id='line_1_23' title="bbox 128 2878 1206 2980; baseline -0.003 -27"><span class='ocrx_word' id='word_1_159' title='bbox 128 2879 248 2968; x_wconf 85' lang='lat' dir='ltr'><strong>tiores,</strong></span> <span class='ocrx_word' id='word_1_160' title='bbox 263 2880 382 2955; x_wconf 74' lang='lat' dir='ltr'><strong>teluti</strong></span> <span class='ocrx_word' id='word_1_161' title='bbox 397 2883 507 2980; x_wconf 83' lang='lat' dir='ltr'><strong>carpi,</strong></span> <span class='ocrx_word' id='word_1_162' title='bbox 535 2882 645 2955; x_wconf 90' lang='lat' dir='ltr'><strong>nimis</strong></span> <span class='ocrx_word' id='word_1_163' title='bbox 670 2880 794 2955; x_wconf 87' lang='lat' dir='ltr'><strong>subito</strong></span> <span class='ocrx_word' id='word_1_164' title='bbox 810 2889 849 2954; x_wconf 88' lang='lat' dir='ltr'><strong>et</strong></span> <span class='ocrx_word' id='word_1_165' title='bbox 865 2880 994 2953; x_wconf 85' lang='lat' dir='ltr'><strong>acriter</strong></span> <span class='ocrx_word' id='word_1_166' title='bbox 1010 2878 1206 2964; x_wconf 88' lang='lat' dir='ltr'><strong>distendat,</strong></span> 
     </span>
     <span class='ocr_line' id='line_1_24' title="bbox 129 2991 1240 3092; baseline -0.002 -28"><span class='ocrx_word' id='word_1_167' title='bbox 129 2999 165 3063; x_wconf 91' lang='lat' dir='ltr'><strong>et</strong></span> <span class='ocrx_word' id='word_1_168' title='bbox 179 2992 229 3065; x_wconf 92' lang='lat' dir='ltr'><strong>ad</strong></span> <span class='ocrx_word' id='word_1_169' title='bbox 244 2994 510 3067; x_wconf 79' lang='lat' dir='ltr'><strong>contractiones</strong></span> <span class='ocrx_word' id='word_1_170' title='bbox 527 2993 660 3092; x_wconf 87' lang='lat' dir='ltr'><strong>pariter</strong></span> <span class='ocrx_word' id='word_1_171' title='bbox 676 2992 814 3067; x_wconf 89' lang='lat' dir='ltr'><strong>subitas</strong></span> <span class='ocrx_word' id='word_1_172' title='bbox 830 3000 869 3065; x_wconf 90' lang='lat' dir='ltr'><strong>et</strong></span> <span class='ocrx_word' id='word_1_173' title='bbox 885 2992 1122 3066; x_wconf 87' lang='lat' dir='ltr'><strong>vehementes</strong></span> <span class='ocrx_word' id='word_1_174' title='bbox 1150 2991 1205 3063; x_wconf 91' lang='lat' dir='ltr'><strong>in·</strong></span> <span class='ocrx_word' id='word_1_175' title='bbox 1237 3000 1240 3005; x_wconf 84' lang='grc'><em>’</em></span> 
     </span>
     <span class='ocr_line' id='line_1_25' title="bbox 131 3102 1206 3205; baseline 0 -31"><span class='ocrx_word' id='word_1_176' title='bbox 131 3103 225 3177; x_wconf 85' lang='lat' dir='ltr'><strong>uitet</strong></span> <span class='ocrx_word' id='word_1_177' title='bbox 276 3103 449 3179; x_wconf 89' lang='lat' dir='ltr'><strong>Denotat</strong></span> <span class='ocrx_word' id='word_1_178' title='bbox 464 3105 581 3203; x_wconf 88' lang='lat' dir='ltr'><strong>igitur</strong></span> <span class='ocrx_word' id='word_1_179' title='bbox 595 3103 724 3205; x_wconf 87' lang='lat' dir='ltr'><strong>pulsus</strong></span> <span class='ocrx_word' id='word_1_180' title='bbox 739 3105 855 3180; x_wconf 89' lang='lat' dir='ltr'><strong>durus</strong></span> <span class='ocrx_word' id='word_1_181' title='bbox 871 3104 1025 3177; x_wconf 86' lang='lat' dir='ltr'><strong>nimiam</strong></span> <span class='ocrx_word' id='word_1_182' title='bbox 1038 3102 1155 3177; x_wconf 86' lang='lat' dir='ltr'><strong>cordis</strong></span> <span class='ocrx_word' id='word_1_183' title='bbox 1168 3109 1206 3174; x_wconf 92' lang='lat' dir='ltr'><strong>et</strong></span> 
     </span>
     <span class='ocr_line' id='line_1_26' title="bbox 133 3214 550 3291; baseline 0.005 -2"><span class='ocrx_word' id='word_1_184' title='bbox 133 3214 340 3289; x_wconf 77' lang='lat' dir='ltr'><strong>arteriarum</strong></span> <span class='ocrx_word' id='word_1_185' title='bbox 356 3216 550 3291; x_wconf 85' lang='lat' dir='ltr'><strong>actionem.</strong></span> 
     </span>
    </p>

    <p class='ocr_par' dir='ltr' id='par_1_4' title="bbox 125 3322 1248 4200">
     <span class='ocr_line' id='line_1_27' title="bbox 176 3322 1205 3423; baseline -0.003 -21"><span class='ocrx_word' id='word_1_186' title='bbox 176 3349 370 3403; x_wconf 79' lang='lat' dir='ltr'><strong>caecavur.</strong></span> <span class='ocrx_word' id='word_1_187' title='bbox 397 3327 529 3403; x_wconf 89' lang='lat' dir='ltr'><strong>Oritur</strong></span> <span class='ocrx_word' id='word_1_188' title='bbox 553 3353 642 3404; x_wconf 86' lang='lat' dir='ltr'><strong>vero</strong></span> <span class='ocrx_word' id='word_1_189' title='bbox 669 3330 815 3404; x_wconf 88' lang='lat' dir='ltr'><strong>avariis</strong></span> <span class='ocrx_word' id='word_1_190' title='bbox 840 3330 977 3403; x_wconf 78' lang='lat' dir='ltr'><strong>nausis:</strong></span> <span class='ocrx_word' id='word_1_191' title='bbox 1004 3322 1205 3423; x_wconf 86' lang='lat' dir='ltr'><strong>Imprimis,</strong></span> 
     </span>
     <span class='ocr_line' id='line_1_28' title="bbox 128 3437 1204 3536; baseline 0.001 -28"><span class='ocrx_word' id='word_1_192' title='bbox 128 3437 277 3512; x_wconf 91' lang='lat' dir='ltr'><strong>animia</strong></span> <span class='ocrx_word' id='word_1_193' title='bbox 292 3441 509 3514; x_wconf 88' lang='lat' dir='ltr'><strong>arteriarum</strong></span> <span class='ocrx_word' id='word_1_194' title='bbox 525 3443 701 3530; x_wconf 90' lang='lat' dir='ltr'><strong>tensione,</strong></span> <span class='ocrx_word' id='word_1_195' title='bbox 725 3441 843 3515; x_wconf 83' lang='lat' dir='ltr'><strong>veluti</strong></span> <span class='ocrx_word' id='word_1_196' title='bbox 867 3465 889 3512; x_wconf 92' lang='lat' dir='ltr'><strong>a</strong></span> <span class='ocrx_word' id='word_1_197' title='bbox 905 3438 1020 3511; x_wconf 90' lang='lat' dir='ltr'><strong>nimia</strong></span> <span class='ocrx_word' id='word_1_198' title='bbox 1045 3437 1204 3536; x_wconf 77' lang='lat' dir='ltr'><strong>plenitu-</strong></span> 
     </span>
     <span class='ocr_line' id='line_1_29' title="bbox 127 3548 1204 3653; baseline -0.002 -30"><span class='ocrx_word' id='word_1_199' title='bbox 127 3548 219 3637; x_wconf 89' lang='lat' dir='ltr'><strong>dine,</strong></span> <span class='ocrx_word' id='word_1_200' title='bbox 244 3576 322 3651; x_wconf 89' lang='lat' dir='ltr'><strong>qua</strong></span> <span class='ocrx_word' id='word_1_201' title='bbox 337 3552 395 3628; x_wconf 87' lang='lat' dir='ltr'><strong>hae</strong></span> <span class='ocrx_word' id='word_1_202' title='bbox 411 3553 459 3627; x_wconf 92' lang='lat' dir='ltr'><strong>ad</strong></span> <span class='ocrx_word' id='word_1_203' title='bbox 475 3562 621 3627; x_wconf 92' lang='lat' dir='ltr'><strong>motum</strong></span> <span class='ocrx_word' id='word_1_204' title='bbox 638 3555 825 3653; x_wconf 91' lang='lat' dir='ltr'><strong>proniores</strong></span> <span class='ocrx_word' id='word_1_205' title='bbox 840 3551 948 3639; x_wconf 89' lang='lat' dir='ltr'><strong>fiunt,</strong></span> <span class='ocrx_word' id='word_1_206' title='bbox 978 3558 1016 3624; x_wconf 91' lang='lat' dir='ltr'><strong>et</strong></span> <span class='ocrx_word' id='word_1_207' title='bbox 1032 3548 1079 3622; x_wconf 91' lang='lat' dir='ltr'><strong>ad</strong></span> <span class='ocrx_word' id='word_1_208' title='bbox 1096 3549 1204 3622; x_wconf 88' lang='lat' dir='ltr'><strong>vehe-</strong></span> 
     </span>
     <span class='ocr_line' id='line_1_30' title="bbox 125 3662 1248 3765; baseline -0.002 -30"><span class='ocrx_word' id='word_1_209' title='bbox 125 3675 265 3738; x_wconf 87' lang='lat' dir='ltr'><strong>mentes</strong></span> <span class='ocrx_word' id='word_1_210' title='bbox 278 3676 404 3740; x_wconf 83' lang='lat' dir='ltr'><strong>motus</strong></span> <span class='ocrx_word' id='word_1_211' title='bbox 414 3665 662 3765; x_wconf 81' lang='lat' dir='ltr'><strong>suscipiendos</strong></span> <span class='ocrx_word' id='word_1_212' title='bbox 674 3666 830 3764; x_wconf 87' lang='lat' dir='ltr'><strong>aptiores</strong></span> <span class='ocrx_word' id='word_1_213' title='bbox 844 3666 1018 3756; x_wconf 76' lang='lat' dir='ltr'><strong>(cccxm,</strong></span> <span class='ocrx_word' id='word_1_214' title='bbox 1033 3681 1206 3747; x_wconf 85' lang='lat' dir='ltr'><strong>cccxxn,</strong></span> <span class='ocrx_word' id='word_1_215' title='bbox 1245 3662 1248 3667; x_wconf 88' lang='grc'>’</span> 
     </span>
     <span class='ocr_line' id='line_1_31' title="bbox 126 3774 1206 3876; baseline -0.004 -27"><span class='ocrx_word' id='word_1_216' title='bbox 126 3784 342 3876; x_wconf 83' lang='lat' dir='ltr'>cccxx111);</span> <span class='ocrx_word' id='word_1_217' title='bbox 369 3778 487 3852; x_wconf 87' lang='lat' dir='ltr'><strong>oritur</strong></span> <span class='ocrx_word' id='word_1_218' title='bbox 497 3801 647 3875; x_wconf 89' lang='lat' dir='ltr'><strong>quoque</strong></span> <span class='ocrx_word' id='word_1_219' title='bbox 663 3777 811 3850; x_wconf 90' lang='lat' dir='ltr'><strong>animia</strong></span> <span class='ocrx_word' id='word_1_220' title='bbox 828 3775 1025 3850; x_wconf 90' lang='lat' dir='ltr'><strong>solidarum</strong></span> <span class='ocrx_word' id='word_1_221' title='bbox 1042 3774 1206 3874; x_wconf 89' lang='lat' dir='ltr'><strong>partium</strong></span> 
     </span>
     <span class='ocr_line' id='line_1_32' title="bbox 127 3884 1204 3986; baseline -0.006 -24"><span class='ocrx_word' id='word_1_222' title='bbox 127 3884 306 3964; x_wconf 85' lang='lat' dir='ltr'><strong>densitate</strong></span> <span class='ocrx_word' id='word_1_223' title='bbox 321 3913 386 3963; x_wconf 88' lang='lat' dir='ltr'><strong>seu</strong></span> <span class='ocrx_word' id='word_1_224' title='bbox 403 3888 600 3975; x_wconf 80' lang='lat' dir='ltr'><strong>firmitate3</strong></span> <span class='ocrx_word' id='word_1_225' title='bbox 634 3887 720 3961; x_wconf 88' lang='lat' dir='ltr'><strong>hinc</strong></span> <span class='ocrx_word' id='word_1_226' title='bbox 747 3888 787 3960; x_wconf 93' lang='lat' dir='ltr'><strong>in</strong></span> <span class='ocrx_word' id='word_1_227' title='bbox 813 3887 1024 3986; x_wconf 82' lang='lat' dir='ltr'><strong>regionibus</strong></span> <span class='ocrx_word' id='word_1_228' title='bbox 1048 3897 1087 3958; x_wconf 94' lang='lat' dir='ltr'><strong>et</strong></span> <span class='ocrx_word' id='word_1_229' title='bbox 1112 3895 1204 3957; x_wconf 90' lang='lat' dir='ltr'><strong>tem·</strong></span> 
     </span>
     <span class='ocr_line' id='line_1_33' title="bbox 127 3994 1205 4100; baseline -0.008 -27"><span class='ocrx_word' id='word_1_230' title='bbox 127 4001 273 4095; x_wconf 86' lang='lat' dir='ltr'><strong>poribus</strong></span> <span class='ocrx_word' id='word_1_231' title='bbox 297 3999 441 4099; x_wconf 83' lang='lat' dir='ltr'><strong>frigidis</strong></span> <span class='ocrx_word' id='word_1_232' title='bbox 465 3999 713 4100; x_wconf 80' lang='lat' dir='ltr'><strong>frequentior,</strong></span> <span class='ocrx_word' id='word_1_233' title='bbox 736 4009 775 4072; x_wconf 88' lang='lat' dir='ltr'><strong>et</strong></span> <span class='ocrx_word' id='word_1_234' title='bbox 800 3998 1012 4073; x_wconf 90' lang='lat' dir='ltr'><strong>hominibus</strong></span> <span class='ocrx_word' id='word_1_235' title='bbox 1048 3994 1205 4071; x_wconf 86' lang='lat' dir='ltr'><strong>robustis</strong></span> 
     </span>
     <span class='ocr_line' id='line_1_34' title="bbox 128 4109 1207 4200; baseline 0.008 -19"><span class='ocrx_word' id='word_1_236' title='bbox 128 4118 163 4181; x_wconf 83' lang='lat' dir='ltr'><strong>et</strong></span> <span class='ocrx_word' id='word_1_237' title='bbox 177 4110 318 4198; x_wconf 88' lang='lat' dir='ltr'><strong>validis,</strong></span> <span class='ocrx_word' id='word_1_238' title='bbox 344 4122 383 4185; x_wconf 91' lang='lat' dir='ltr'><strong>et</strong></span> <span class='ocrx_word' id='word_1_239' title='bbox 399 4111 582 4187; x_wconf 87' lang='lat' dir='ltr'><strong>laboribus</strong></span> <span class='ocrx_word' id='word_1_240' title='bbox 598 4110 761 4198; x_wconf 82' lang='lat' dir='ltr'><strong>assuetis,</strong></span> <span class='ocrx_word' id='word_1_241' title='bbox 778 4109 963 4198; x_wconf 83' lang='lat' dir='ltr'><strong>familiaris</strong></span> <span class='ocrx_word' id='word_1_242' title='bbox 982 4111 1207 4200; x_wconf 79' lang='lat' dir='ltr'><strong>(axxxvrm</strong></span> 
     </span>
    </p>
   </div>
   <div class='ocr_carea' id='block_1_3' title="bbox 131 4211 1208 4325">
    <p class='ocr_par' dir='ltr' id='par_1_5' title="bbox 131 4211 1208 4325">
     <span class='ocr_line' id='line_1_35' title="bbox 131 4211 1208 4325; baseline -0.005 -32"><span class='ocrx_word' id='word_1_243' title='bbox 131 4229 232 4318; x_wconf 81' lang='lat' dir='ltr'><strong>xer);</strong></span> <span class='ocrx_word' id='word_1_244' title='bbox 258 4223 434 4319; x_wconf 90' lang='lat' dir='ltr'><strong>denique,</strong></span> <span class='ocrx_word' id='word_1_245' title='bbox 459 4223 606 4300; x_wconf 82' lang='lat' dir='ltr'><strong>avariis</strong></span> <span class='ocrx_word' id='word_1_246' title='bbox 630 4221 869 4298; x_wconf 87' lang='lat' dir='ltr'><strong>irritamentis</strong></span> <span class='ocrx_word' id='word_1_247' title='bbox 885 4220 971 4309; x_wconf 77' lang='lat' dir='ltr'><strong>oriri</strong></span> <span class='ocrx_word' id='word_1_248' title='bbox 984 4223 1120 4325; x_wconf 87' lang='lat' dir='ltr'><strong>potest,</strong></span> <span class='ocrx_word' id='word_1_249' title='bbox 1144 4211 1208 4288; x_wconf 85' lang='lat' dir='ltr'><strong>vel</strong></span> 
     </span>
    </p>
   </div>
   <div class='ocr_carea' id='block_1_4' title="bbox 0 0 1344 4794">
    <p class='ocr_par' dir='ltr' id='par_1_6' title="bbox 0 0 1344 4794">
     <span class='ocr_line' id='line_1_36' title="bbox 0 0 1344 4794; baseline 0 4"><span class='ocrx_word' id='word_1_250' title='bbox 0 0 1344 4794; x_wconf 95' lang='lat' dir='ltr'><strong> </strong></span> 
     </span>
    </p>
   </div>
  </div>
 </body>
</html>
