2678 4794
160 238 235 309 ³84
538 229 792 305 consuamus
1036 240 1249 297 cmm·

204 445 368 506 mom.
394 425 496 504 Alia
510 425 660 530 demum
685 448 742 499 res
757 420 927 522 ancipitis
946 428 986 495 et
1001 418 1108 517 quasi
1122 418 1254 496 mixta

161 551 305 618 natiuae
331 551 430 628 sunt,
454 548 493 613 et
520 536 707 637 duplioem
723 536 804 611 vim
829 535 871 609 in
887 557 925 608 se
941 532 1090 621 habent,
1116 533 1251 609 stimu-

163 655 304 732 lantem
328 651 466 729 scilieet
488 658 528 724 et
550 649 762 735 sedantem
787 647 890 722 unde
918 646 1010 721 varii
1033 644 1248 745 aliquando,

164 777 204 843 et
227 767 325 856 miri,
348 774 388 841 et
410 763 476 839 vix
499 785 576 837 non
600 760 772 838 contrarii
795 758 960 847 effeetus,
998 758 1061 832 alii
1088 758 1171 835 aliis
1187 758 1247 834 vel

163 880 291 958 statim
309 877 368 953 vel
384 875 597 952 brevissimo
612 883 695 975 post
712 872 906 949 intervallo
922 872 1170 947 suooedentea

216 1011 386 1068 Mcnxvn
413 987 683 1063 Remediorum
711 998 835 1062 autem
862 1009 949 1060 vere
972 983 1248 1060 stimulantium

163 1103 359 1199 (ucnxm)
383 1098 538 1175 effectus
562 1098 777 1198 hujusmodi
801 1098 876 1172 fere
900 1105 1008 1171 sunt:
1035 1120 1164 1172 sensus
1185 1094 1247 1170 nli-

159 1216 256 1316 quis,
279 1235 381 1288 nuno
408 1210 525 1285 levior
539 1234 641 1286 nuno
656 1211 781 1297 acrior,
805 1209 1010 1285 secundum
1026 1209 1108 1284 vim
1130 1231 1245 1284 reme·

161 1326 214 1400 dii
229 1325 373 1400 admoti
388 1332 614 1422 tempusque
629 1346 695 1422 per
710 1322 814 1422 quod
829 1322 1059 1408 admovetur,
1083 1322 1125 1395 in
1146 1330 1248 1420 purte

98 1444 103 1453 '
161 1460 274 1537 quam
307 1435 482 1512 stimulus
514 1436 710 1535 contingit,
743 1435 896 1534 haeoque
927 1458 1020 1534 pars,
1050 1442 1247 1534 partesque

161 1570 258 1650 saepe
272 1550 416 1637 vicina,
443 1547 505 1623 vel
519 1547 669 1623 fortasse
694 1570 824 1623 omnes
850 1547 1009 1647 eorporis
1025 1557 1149 1646 partes
1173 1568 1246 1620 ma-

161 1661 219 1763 gis
236 1685 352 1762 quam
379 1671 489 1736 antea
515 1661 662 1735 fuerant
687 1659 886 1734 sentientes
915 1658 1041 1766 saetam
1068 1667 1108 1733 et
1126 1669 1246 1734 motus

161 1773 296 1873 aliquis
311 1773 486 1849 fibrarum
503 1771 805 1858 musculosarum
831 1794 915 1845 oum
933 1770 1132 1870 majorum,
1161 1796 1246 1871 qua

163 1885 315 1961 forsitan
339 1885 548 1959 afficiantur
581 1881 732 1957 stimulo
755 1882 889 1981 quovis
914 1884 960 1957 iis
991 1893 1058 1959 aut
1082 1884 1248 1984 partibus

164 1998 295 2071 vicinis
311 1996 471 2082 admoto,
487 2005 572 2068 tum
597 2019 750 2095 quoque
767 1996 1109 2084 minutissimarum,
1132 1995 1248 2072 veluti

161 2108 200 2181 in
217 2106 370 2195 arteriis,
395 2118 461 2181 aut
478 2108 624 2206 organis
640 2108 923 2196 seoementibus,
949 2132 1034 2207 quae
1049 2111 1247 2185 neeessario

162 2218 391 2308 afficiuntur,
426 2219 644 2320 ubicunque
679 2221 888 2295 remedium
912 2220 1108 2296 stimulans
1139 2220 1248 2297 fuerit

163 2332 383 2419 admotum3
413 2331 515 2406 unde
538 2343 669 2408 auctus
698 2343 841 2432 partem
866 2333 1095 2408 stimulatam
1126 2356 1249 2410 versus

165 2445 355 2545 sanguinis
384 2445 559 2544 impetus,
589 2444 780 2544 majorque
795 2444 908 2544 hujus
923 2445 970 2520 ad
986 2445 1100 2534 illam,
1127 2457 1168 2523 et
1182 2447 1247 2522 mi-

164 2578 234 2632 nor
249 2557 367 2657 igitur
382 2558 430 2632 ad
446 2558 532 2632 alias
549 2557 670 2633 delata
685 2558 800 2658 copia,
831 2567 870 2633 et
885 2558 1007 2648 rubor,
1032 2570 1072 2634 et
1088 2559 1196 2650 calor,
1212 2568 1247 2634 et

166 2693 266 2767 saepe
281 2681 410 2744 tumor
424 2681 464 2744 et
480 2668 595 2758 dolor,
624 2680 662 2745 et
677 2664 877 2770 aliquando
893 2694 978 2745 vera
1006 2671 1246 2748 inflammatio

165 2780 280 2878 partis
296 2779 510 2869 stimulatus,
533 2794 572 2854 et
588 2805 862 2881 nonnunquam
878 2783 1030 2858 secretio
1045 2784 1109 2860 vel
1127 2807 1244 2860 exore-

165 2888 220 2962 tio
236 2911 302 2985 per
318 2913 399 2963 eam
416 2889 622 2989 plurimum
645 2904 753 2968 aucta
768 2894 829 2966 vel
844 2896 1068 2994 perturbata.
1117 2896 1242 2994 Neque

164 2998 331 3097 profecto
347 2999 432 3074 solae
448 3011 569 3097 partes
586 3004 722 3101 quibua
750 3008 914 3082 remedia
938 3009 1164 3085 stimulantis
1181 3006 1240 3081 ad·

164 3107 341 3183 hibentur
356 3120 553 3208 partesque
581 3113 626 3187 iia
642 3114 775 3190 vicinae
799 3119 852 3193 ita
867 3121 1102 3199 afficiuntur:
1129 3131 1244 3223 partes

165 3242 263 3319 ssepe
279 3220 388 3295 valde
403 3233 567 3309 remotae,
583 3224 648 3298 sed
657 3250 724 3325 per
740 3252 957 3309 eonsensum
971 3257 1058 3310 cum
1070 3236 1245 3335 prioribus

164 3331 384 3428 conjuncta,
410 3333 459 3407 ad
474 3332 713 3412 vehementes
738 3352 863 3418 motus
891 3345 1106 3436 incitantur,
1132 3358 1172 3422 et
1196 3348 1245 3422 in·

164 3443 314 3517 seruum
343 3447 456 3522 etiam
486 3455 611 3521 sotum
640 3475 782 3552 corpus,
811 3481 877 3556 per
906 3483 1128 3536 oonsensum
1144 3460 1245 3536 illum

162 3553 372 3650 generalem
398 3556 447 3630 de
473 3581 547 3654 quo
574 3583 642 3634 suo
663 3562 745 3659 jam
775 3567 855 3643 looo
872 3570 1047 3661 (cccnvr,
1075 3580 1243 3667 occnvu)

163 3662 307 3737 dietum
338 3676 404 3754 est,
434 3671 597 3766 partium
625 3680 858 3773 quarundam
885 3682 1118 3759 affectionem
1150 3683 1244 3760 brevi

163 3774 368 3875 participat,
380 3788 420 3851 et
430 3782 726 3861 manifestissime
741 3793 946 3881 excitatum
971 3803 1011 3869 et
1027 3821 1159 3874 omnes
1169 3798 1245 3872 ideo

163 3887 322 3984 oorporis
337 3901 470 3987 partes,
488 3905 568 3970 tum
582 3925 668 3997 quae
683 3901 773 3999 ipsae
789 3906 988 3981 stimulata
1003 3907 1158 3999 fuerint,
1171 3918 1243 3986 tum

163 4020 314 4096 quoque
330 3999 493 4101 reliquae,
511 4031 648 4087 novam
665 4036 761 4112 saepe
776 4013 1012 4108 alacritatem·
1038 4031 1079 4097 et
1096 4047 1184 4100 sane
1198 4021 1245 4096 vi·
