2678 4794
150 405 240 466 car.
256 403 388 462 xxvm
437 400 664 461 nnmerum
681 401 969 465 rnronnrrcs.
1155 397 1228 480 ³41

200 608 348 665 unxrx.
375 583 504 660 Talem
517 609 682 676 murum,
699 582 860 674 mollem,
876 594 917 660 et
927 583 1160 686 aliquantum
1175 596 1229 664 te-

146 724 286 787 nauem,
301 699 414 773 variae
429 698 554 800 fruges
570 698 732 776 ubertim
749 705 975 800 suggeruut3
999 698 1099 775 idem
1117 700 1156 775 in
1166 725 1230 777 va·

143 813 207 888 riis
223 836 352 887 earum
369 813 546 911 partibus,
570 811 689 890 veluti
718 811 759 885 in
783 810 980 902 radicibus,
1004 821 1043 887 et
1057 811 1165 902 foliis,
1189 821 1229 890 et

142 925 347 1000 seminibus
365 926 480 1001 inest:
518 925 626 1025 cujus
642 925 696 1001 rei
714 924 885 1023 exempla
900 947 979 1000 esse
995 937 1161 1025 possunt,
1185 925 1228 1003 li·
1297 997 1300 1005 .

141 1036 236 1112 lium
254 1038 469 1126 oandidum,
486 1037 615 1114 allium
631 1063 730 1138 nepa,
747 1038 1089 1129 althaeaofficinslis,
1106 1038 1226 1116 malva

142 1148 341 1249 sylvestris,
367 1151 488 1226 linum
505 1152 799 1241 usitatissimum,
818 1155 882 1228 &n
999 1152 1007 1175 ¹

192 1282 320 1337 unxx.
347 1264 439 1338 Olea
450 1288 538 1338 vero
555 1263 687 1340 blanda
703 1273 743 1340 et
758 1263 892 1353 mollia,
910 1263 1070 1365 plurima
1085 1264 1221 1340 anima·
1274 1359 1277 1366 Ι

143 1372 203 1460 lia,
214 1375 349 1472 pariter
365 1400 406 1450 ac
416 1376 551 1474 fruges,
568 1400 703 1477 magna
719 1377 824 1476 copia
839 1391 1054 1478 suggerunt.
1081 1378 1224 1468 Quam·

142 1487 199 1561 vis
215 1487 332 1562 multa
357 1488 447 1563 olim
476 1489 681 1579 credulitas,
706 1499 745 1565 et
774 1489 850 1564 sere
876 1489 1097 1589 superstitio,
1122 1488 1224 1590 apud

138 1601 331 1700 populum,
349 1611 388 1676 et
404 1604 516 1677 etiam
532 1604 632 1702 apud
649 1603 825 1692 medicos,
840 1602 1070 1694 invaluisset,
1087 1601 1134 1677 de
1150 1602 1223 1677 siu·

136 1710 328 1809 gularibus
344 1724 383 1788 et
398 1716 500 1790 miris
517 1716 657 1791 viribus
674 1724 714 1790 et
731 1715 957 1791 excellentiis
974 1716 1136 1791 oleorum
1155 1740 1221 1791 seu

137 1824 293 1923 adipum
319 1829 504 1903 variorum
534 1829 776 1916 animalium3
814 1852 916 1903 nuno
946 1829 1035 1903 satis
1067 1836 1220 1915 constat,

135 1934 328 2013 facultates
344 1940 404 2013 vel
422 1964 567 2040 prorsus
584 1942 740 2031 easdem,
756 1941 817 2017 vel
834 1965 966 2041 parum
983 1940 1154 2029 diversas,
1179 1939 1219 2013 in

137 2047 311 2125 omnibus
328 2051 454 2126 inesse.

186 2182 331 2237 MLxxI.
357 2163 581 2238 Proximum
609 2186 698 2238 vero
726 2165 943 2240 animalium
968 2165 1069 2263 adipi
1093 2163 1218 2240 locum

133 2281 239 2347 tenet
255 2272 447 2373 butyrum,
473 2275 597 2351 oleum
614 2275 764 2365 scilieet,
792 2275 893 2374 quod
908 2274 965 2350 los
979 2276 1066 2349 satis
1082 2298 1218 2374 magna
1244 2332 1247 2338 .

133 2387 240 2485 eopia
256 2387 404 2486 praebet.
456 2390 535 2463 Lac
552 2411 704 2487 quoque
720 2388 858 2486 ipsum,
872 2410 960 2461 eum
975 2386 1024 2460 ob
1040 2409 1216 2482 aquosam

133 2519 241 2571 suam
259 2511 438 2588 naturam,
464 2511 550 2575 tum
575 2501 687 2574 etiam
712 2499 762 2574 ob
778 2497 903 2574 oleum
920 2496 1023 2597 quod
1038 2497 1216 2586 eontinet,

133 2608 339 2686 remedium
355 2612 544 2687 emolliens
554 2611 641 2711 jure
657 2612 823 2687 habetur.

184 2744 347 2801 Muxxn.
382 2724 538 2800 Natnrae
570 2724 725 2801 demum
757 2723 858 2799 haud
893 2720 1058 2798 multum
1084 2719 1213 2797 ab'his

129 2835 260 2911 alienae
284 2839 459 2913 videntur
487 2862 565 2913 esse
592 2837 673 2913 olea
698 2838 851 2939 frugum
882 2835 989 2912 mitia
1016 2844 1056 2910 et
1087 2857 1214 2922 erasse,

129 2948 254 3050 qualia
279 2974 345 3049 per
374 2975 580 3050 pressuram
608 2975 657 3025 ex
686 2950 909 3051 quibusdam
938 2948 1118 3023 fructibus
1145 2956 1211 3021 aut

128 3061 333 3136 seminibus
362 3063 506 3162 copiose
531 3052 766 3150 derivantur,
799 3064 918 3138 veluti
941 3086 991 3136 ex
1014 3061 1121 3136 olivis
1145 3068 1212 3136 aut

127 3175 343 3273 amygdalis,
369 3179 456 3262 &03
489 3182 529 3250 et
554 3176 633 3254 haeo
649 3177 767 3278 igitur
790 3177 887 3251 inter
910 3174 1072 3251 remedia
1096 3170 1209 3246 emol-

127 3283 256 3362 lientia
272 3288 405 3363 merito
421 3299 666 3364 recensentur.

176 3423 364 3477 mnxxm.
389 3400 570 3475 Omnium
605 3426 694 3478 vero
722 3400 834 3500 hujus
863 3398 1006 3500 generis
1030 3394 1209 3471 remedio·

125 3535 212 3589 rum
228 3511 341 3612 longe
357 3513 625 3588 validissimum
642 3523 756 3611 atque
772 3511 1018 3587 certissimum
1033 3519 1089 3585 est
1114 3533 1208 3609 pura

125 3647 232 3723 aqua,
248 3627 449 3724 praesertim
467 3624 607 3717 calida;
647 3626 842 3704 innumera
866 3625 967 3698 enim
983 3624 1142 3712 decocta,
1167 3631 1208 3696 et

125 3733 300 3826 fomenta,
317 3750 356 3813 et
372 3739 584 3826 infusiones,
600 3758 687 3837 quse
703 3750 781 3812 tam
798 3760 893 3834 saepe
909 3736 1211 3835 praescribuntur,

125 3857 349 3953 tantumque
364 3862 515 3950 propter
530 3851 625 3925 vires
655 3872 737 3925 suas
753 3848 980 3923 emollientes
996 3846 1205 3934 laudantur,

125 3959 218 4034 nihil
234 3961 336 4036 alind
354 3963 428 4036 fere
452 3972 549 4049 sunt,
565 3986 689 4063 neque
704 3961 792 4036 alias
807 3961 902 4036 vires
919 3961 1066 4047 habent,
1089 3980 1204 4057 quam

112 4093 217 4175 'pura
234 4098 332 4173 aqua
348 4075 472 4151 calida.
522 4075 579 4151 Et
605 4074 780 4176 prosectu,
805 4071 924 4150 multa
952 4071 1203 4172 experimenta
