2678 4794
136 360 328 420 sesenna·
427 358 648 414 Mnmclnn:
667 359 954 416 insonamus.
1147 353 1221 421 ala

182 532 357 628 secunx.
385 538 588 625 Postremo,
616 537 713 612 inter
736 561 910 613 somnum
935 534 1128 636 pleraeque,
1152 539 1221 614 for·
1332 622 1338 644 4

130 666 237 729 tasse·
249 675 388 739 omnes,
404 652 618 726 secretiones
630 650 863 737 minuuntur,
881 650 1017 726 scilicet
1033 651 1121 749 quia
1137 660 1221 726 tum

139 775 261 841 motus
278 764 468 864 sanguinis
484 763 722 863 temperatior,
728 772 800 850 est,
827 774 866 836 et
881 786 1017 861 organa
1034 787 1221 838 secernen-

134 880 198 966 tia,
223 899 302 950 non
319 875 713 951 accusat-universum
728 898 869 974 corpus,
900 875 1022 948 minus
1039 877 1219 965 sentiunt,

138 1002 176 1065 et
190 988 462 1088 aegrius'igitur
471 996 514 1061 et
529 987 669 1060 tardius
696 986 749 1059 ad-
760 986 865 1061 solita
881 1012 1044 1063 munera.
1057 989 1219 1063 excitan-

126 1113 207 1175 tur.
262 1100 379 1189 Quod
403 1101 434 1175 si
450 1098 571 1174 sudor
595 1099 693 1173 inter
716 1123 888 1174 somnum
911 1101 1063 1175 videus
1077 1101 1217 1200 augeri,

127 1211 206 1287 boc
223 1214 300 1286 sine
317 1211 438 1288 dubio
451 1211 691 1285 tribuendum
709 1221 764 1286 est
779 1213 935 1287 vestitui
948 1211 1129 1301 calidiori,
1140 1234 1217 1313 quo

128 1335 229 1397 turn
240 1334 384 1398 nosmet
400 1323 523 1399 fovere
541 1323 701 1397 solemus
715 1323 912 1398 :multum
930 1325 1038 1399 enim
1047 1325 1157 1400 abest
1173 1335 1219 1401 ut

131 1434 200 1508 -vel
217 1436 388 1510 sudernus
404 1434 463 1510 vel
481 1434 709 1522 calesaamus,
735 1435 946 1511 niventibus
962 1446 1118 1512 ‘tanturn
1135 1439 1217 1536 qui-

128 1546 209 1625 2bus
225 1547 578 1647 vigilantes—utimur
594 1549 682 1623 tecti
699 1549 910 1624 dormimus.

187 1681 340 1737 nccxx.
357 1661 603 1736 Secretiones.
616 1661 696 1735 aliae
719 1662 883 1763 copiosae,
908 1662 988 1737 aliae
1004 1687 1120 1762 parcae
1140 1687 1217 1737 om·

116 1771 222 1846 -nino
246 1782 358 1848 sunt:
378 1772 626 1871 singularum
653 1798 739 1849 vero
764 1775 951 1873 quantitas
977 1775 1081 1848 nullo
1106 1774 1218 1850 modo

131 1884 179 1958 ad
194 1895 311 1959 certas
328 1907 516 1959 mensuras
532 1886 658 1960 reduci
675 1899 818 1985 potest;
844 1887 984 1985 quippe
1001 1912 1086 1984 quae
1103 1885 1218 1987 variat

133 1997 395 2073 maxime-tum
414 2022 511 2084 sano,
530 1997 594 2072 sed
611 1999 732 2074 multo
741 1997 858 2100 magis
875 2000 1044 2073 morboso
1057 2002 1217 2100 corpore,

110 2120 282 2208 propter
300 2110 458 2184 rationes
477 2113 651 2201 (nccxvr,
671 2120 843 2208 nccx1x)
862 2122 1088 2188 memoratas.
1118 2110 1217 2187 ¹Plu·

125 2221 232 2296 rimis
256 2223 358 2297 enim
387 2223 425 2295 in
451 2223 631 2322 exemplis
655 2224 809 2323 insignis
834 2234 872 2296 et
897 2221 1217 2303 sereincredibilis

128 2335 236 2432 copis
252 2334 386 2425 salivae,
412 2335 509 2409 succi
527 2333 734 2424 ventriculi,
751 2334 988 2409 autdernum
1003 2332 1097 2406 fellis
1114 2333 1217 2412 breui

104 2455 301 2545 ·temp0re
318 2456 457 2520 secreta
473 2455 536 2521 est

180 2580 348 2634 nccxxr.
384 2559 519 2656 Neque
536 2556 647 2631 ⁴facile
677 2557 867 2655 judicatur
891 2556 939 2629 de
963 2556 1076 2654 copia.
1093 2577 1216 2629 excre-

106 2670 291 2756 ·tionum,
316 2669 645 2756 urinaenfflmm,
671 2684 710 2743 et
735 2669 887 2756 sudoris,
911 2681 952 2766 et
968 2668 1104 2749 halitus
1120 2667 1215 2740 cutis

131 2793 171 2856 et
185 2784 384 2882 pulmonis,
410 2782 581 2880 quamvis
599 2781 759 2879 plurima
775 2783 1029 2881 experimenta
1045 2778 1215 2853 instituta

131 2892 269 2970 fuerint
285 2892 456 2968 adfhana
469 2918 561 2968 rema
573 2893 831 2994 indagandam,
857 2893 993 2967 scilicet
1010 2915 1122 2991 quam
1142 2914 1215 2972 me·
1325 2941 1327 2944 Δ

134 3004 204 3080 dici
220 3007 321 3082 haud
337 3005 529 3080 difficilem
537 3005 735 3106 exploratu
752 3004 982 3092 crediderint,
1004 3014 1043 3078 et
1059 3003 1215 3102 insignis

138 3117 313 3205 utilitatis,
338 3119 498 3193 mamad
523 3119 929 3216 tuendamsanitatem,
955 3127 1038 3192 tum
1063 3139 1215 3214 quoque

141 3227 376 3306 adsanandos
392 3231 548 3306 morbos.
642 3218 646 3224 ’

185 3362 360 3420 nccxxn.
386 3345 507 3420 Urina
523 3344 686 3443 profecto
702 3341 926 3442 ponderatur
942 3339 1067 3421 facile:
1098 3343 1216 3419 variat

140 3464 258 3531 autern
274 3457 481 3556 insigniter
496 3456 699 3531 secundum
718 3453 1041 3540 constitutionem,
1053 3464 1214 3542 aetatem,

138 3566 218 3642 ritae
233 3593 365 3667 genus,
380 3569 523 3643 cibum
538 3577 757 3667 potumque,
786 3565 921 3664 quibus
946 3564 1112 3652 utimur;
1150 3565 1216 3641 sed

121 3676 313 3778 imprimis
339 3689 451 3779 prout
468 3680 651 3754 exhalatio
667 3703 733 3777 per
759 3689 884 3752 cutem
900 3677 1078 3776 copiosior
1099 3676 1216 3760 fuerit

139 3793 328 3884 parciorve,
351 3793 433 3866 sive
460 3794 507 3868 ab
531 3790 793 3885 exercitatione
814 3798 884 3864 aut
908 3789 1066 3888 ignavia,
1093 3789 1170 3862 sive
1183 3810 1217 3859 a

141 3902 248 3978 calore
273 3915 338 3979 aut
363 3905 498 4004 frigore
522 3903 664 4003 corpori
688 3902 848 3976 admoto.
899 3899 1089 3975 Mirabile
1113 3897 1215 3978 enim

131 4011 228 4089 inter
246 4016 311 4091 has
341 4017 445 4092 binas
474 4018 709 4091 excretiones.
729 4014 943 4088 observatur
959 4010 1216 4110 aequilibrium.

145 4121 354 4225 Aliquando
371 4131 436 4203 vix
467 4153 542 4203 una
570 4128 662 4202 libra
683 4128 811 4215 urinae,
835 4125 1035 4224 aliquando
1058 4128 1220 4221 quatuor

133 4235 195 4313 :vel
220 4241 398 4340 quinque,
414 4240 856 4337 etiamasanobomine,
881 4233 1049 4338 quotidie
1066 4227 1219 4335 reddltae
