2678 4794
93 288 182 346 aaa.
200 282 320 341 xxxa
412 277 634 337 nnmerum
652 279 941 336 rnuonunrcsr.
1107 270 1180 340 415

102 464 261 540 minime
296 461 508 561 negandum
533 459 581 534 sit
605 455 784 532 nonnulla
812 481 942 532 comm
973 457 1187 536 mirabiliter
1278 519 1280 522 .

102 576 293 652 interdum
310 574 488 673 prodesse,
505 594 579 645 non
598 568 711 644 modo
727 570 901 644 adversus
916 594 1097 670 mosmos,
1122 575 1188 649 sed

102 689 191 764 alias
228 709 377 786 quoque
417 684 627 758 affectiones
670 683 857 757 morbosas
897 707 983 781 quae
1023 685 1188 783 sedantia
1230 713 1233 719 ·
1288 770 1292 776 ¹

102 800 262 876 remedia
287 796 488 897 postulant,
513 795 630 870 veluti
647 794 831 883 delirium,
855 797 1105 895 pervigilium,
1123 803 1188 873 &c

100 924 226 988 tamen
253 910 448 985 fatendum
473 921 529 983 est
545 908 764 1008 plerumque
788 932 918 1005 parum
945 910 1113 1000 efficacia,
1137 921 1189 1000 et,

99 1025 201 1124 quod
217 1022 323 1123 pejus
340 1034 406 1109 est,
424 1027 555 1121 Irarum
572 1029 670 1094 certa
685 1020 847 1094 remedia
864 1022 1030 1097 existere.

149 1159 346 1212 uccxmv.
384 1135 500 1223 Quod
534 1133 716 1209 actionem
754 1159 843 1207 vero
876 1157 1005 1208 eorum
1041 1137 1186 1227 attinet,

98 1249 166 1324 ubi
192 1271 317 1322 revera
335 1273 401 1347 pro
419 1246 630 1322 sedantibus
646 1245 706 1321 vel
733 1245 1055 1345 anrapmwdica
1071 1272 1187 1323 reme.

100 1360 173 1435 diis
199 1359 368 1458 prodesse
406 1359 658 1446 observantur,
694 1357 757 1431 illa
793 1357 993 1454 explanata
1018 1359 1188 1434 difficilli-

101 1496 165 1548 ma
180 1481 258 1557 est;
283 1495 370 1544 nam
388 1470 535 1545 nullum
548 1469 626 1545 fere
641 1467 816 1544 effectum
830 1469 1046 1569 simplicem,
1061 1481 1099 1546 et
1111 1497 1187 1547 ma·

100 1583 288 1670 nifestum,
305 1593 420 1681 atque
429 1591 658 1656 constantem
670 1576 1187 1682 (uccccxxxvnnccccxs),

97 1699 139 1771 in
164 1720 315 1796 corpore
339 1719 429 1769 sano
451 1705 621 1794 praestare
645 1693 790 1769 solent·
836 1694 1020 1769 Nonnihil
1038 1695 1099 1769 'ad
1134 1696 1186 1770 ef·

97 1809 217 1884 fectus
252 1832 378 1883 eorum
405 1807 577 1882 salutares
612 1805 776 1881 conferre
812 1818 935 1907 potest
975 1808 1068 1898 odor
1108 1806 1189 1908 ipse'

97 1928 211 2020 quem
237 1921 385 2007 habent,
426 1919 562 1994 scilicet
587 1921 654 2018 qui
691 1943 767 1994 non
792 1919 906 1995 modo
930 1919 1121 1994 cerebrum
1146 1930 1186 1994 et

98 2056 185 2131 quae
200 2033 287 2106 inde
303 2033 467 2131 pendent
484 2043 606 2131 partes
618 2042 732 2131 atque
746 2031 956 2107 functiones
978 2032 1185 2132 plurimum

96 2142 244 2233 afficiat,
268 2145 332 2219 sed
357 2144 659 2244 imaginationem
688 2169 839 2242 quoque
861 2146 1186 2221 vehementissime

96 2255 214 2345 feriat,
238 2257 345 2356 cujus
369 2258 567 2355 imperium
592 2257 632 2329 in
652 2278 780 2354 genas
804 2278 1004 2332 nervosam
1033 2267 1183 2332 tantum

96 2381 250 2469 tamque
265 2369 502 2444 manifestum
520 2381 586 2455 est,
616 2377 660 2441 ut
677 2367 833 2441 minime
848 2368 986 2441 mirum
1012 2369 1060 2442 sit
1084 2367 1184 2442 illius

95 2481 312 2557 affectiones
324 2483 498 2556 adversus
515 2478 654 2554 multos
678 2478 789 2575 hujus
807 2478 953 2552 morbos
978 2478 1183 2577 plurimum

96 2592 227 2668 valere.
277 2594 332 2668 Et
349 2592 512 2692 profecto
528 2585 645 2665 don'ec
661 2590 840 2665 morbosae
859 2589 1016 2690 generis
1033 2592 1184 2666 nervosi

96 2704 337 2792 conditiones,
354 2704 599 2805 plurimaeque
624 2726 749 2777 earum
777 2727 904 2789 musae,
929 2727 1025 2801 pene
1042 2703 1101 2778 vel
1118 2728 1182 2802 pe-

95 2817 201 2893 nitus
216 2817 353 2916 ignotae
369 2826 468 2902 sunt,
497 2816 565 2891 vix
589 2840 631 2890 ac
660 2838 708 2889 ne
724 2816 791 2891 vix
807 2815 959 2913 quidem
986 2825 1181 2915 expectan-

95 2930 188 3005 dum
207 2941 272 3016 est,
301 2931 469 3004 omnium
488 2953 553 3028 per
569 2953 655 3027 quae
680 2930 726 3002 iis
755 2928 1021 3003 occurrendum
1051 2930 1099 3003 sit
1126 2955 1181 3003 re-

48 3115 56 3129 ,
94 3041 304 3116 mediorum
334 3044 514 3117 actionem
545 3041 778 3117 intellectum
794 3041 848 3115 iri.
900 3042 1014 3129 Quod
1041 3043 1072 3116 si
1100 3042 1182 3117 talis

94 3153 143 3228 de
158 3156 303 3231 actione
319 3155 472 3229 istorum
490 3155 844 3229 medicamentorum
860 3153 1070 3251 ignorantia
1085 3153 1180 3228 mul-

93 3275 177 3339 tum
196 3264 354 3339 dolenda
382 3268 440 3354 sit,
466 3277 563 3341 certe
588 3266 845 3365 multomagis
870 3267 940 3340 erit
966 3265 1179 3352 dolendum,

93 3384 275 3476 tanquam
299 3376 404 3475 pejus
432 3378 659 3452 medicorum
685 3378 936 3478 opprobrium,
964 3378 1030 3450 vix
1046 3378 1180 3454 melius

92 3489 195 3588 apud
220 3515 290 3564 eos
309 3491 356 3567 de
381 3489 574 3565 effectibus
598 3500 637 3564 ct
674 3493 801 3567 usibus
831 3514 941 3588 quam
968 3488 1016 3563 de
1039 3491 1181 3567 ratione

93 3600 243 3676 illorum
261 3602 438 3676 hactenus
455 3614 630 3677 constare.

144 3735 324 3789 Mccxnv.
352 3714 430 3789 Hic
446 3737 597 3811 quoque
616 3716 837 3790 recensenda
866 3725 953 3790 sunt
980 3714 1179 3814 (siquidem

93 3823 211 3900 ullum
231 3827 270 3899 in
288 3825 455 3900 rationali
478 3825 691 3926 Therapeia
717 3827 842 3902 locum
872 3826 1180 3925 occupare'mere·

90 3945 218 4037 antur)
236 3940 335 4012 varia
352 3936 632 4026 medicamenta,
658 3963 781 4037 neque
798 3938 837 4011 vi
863 3938 1089 4025 stimulante,
1118 3961 1184 4012 ue-.

90 4074 167 4148 que
192 4050 358 4138 sedante,
382 4075 506 4149 neque
531 4052 655 4138 odore,
680 4074 804 4149 neque
832 4061 959 4150 gustu,
987 4074 1111 4149 neque
1128 4050 1180 4125 ul-

91 4159 294 4238 ludemum
326 4163 503 4260 qualitate
522 4161 710 4238 manifesta
739 4163 909 4263 insignia,
940 4185 1026 4261 quae
1056 4173 1182 4237 tamen
