<?xml version="1.0" encoding="UTF-8"?>
<!DOCTYPE html PUBLIC "-//W3C//DTD XHTML 1.0 Transitional//EN"
    "http://www.w3.org/TR/xhtml1/DTD/xhtml1-transitional.dtd">
<html xmlns="http://www.w3.org/1999/xhtml" xml:lang="en" lang="en">
 <head>
  <title>
</title>
<meta http-equiv="Content-Type" content="text/html;charset=utf-8" />
  <meta name='ocr-system' content='tesseract 3.04.00' />
  <meta name='ocr-capabilities' content='ocr_page ocr_carea ocr_par ocr_line ocrx_word'/>
</head>
<body>
  <div class='ocr_page' id='page_1' title='image "./conspectusmedic01greggoog_0243.png"; bbox 0 0 2678 4794; ppageno 0'>
   <div class='ocr_carea' id='block_1_1' title="bbox 194 342 1268 419">
    <p class='ocr_par' dir='ltr' id='par_1_1' title="bbox 194 342 1268 419">
     <span class='ocr_line' id='line_1_1' title="bbox 194 342 1268 419; baseline 0.001 -9"><span class='ocrx_word' id='word_1_1' title='bbox 194 342 264 419; x_wconf 80' lang='lat'>192</span> <span class='ocrx_word' id='word_1_2' title='bbox 448 398 454 407; x_wconf 94' lang='lat'>.</span> <span class='ocrx_word' id='word_1_3' title='bbox 575 352 825 406; x_wconf 77' lang='lat' dir='ltr'>coxsracrus</span> <span class='ocrx_word' id='word_1_4' title='bbox 1075 354 1163 409; x_wconf 74' lang='lat' dir='ltr'>car.</span> <span class='ocrx_word' id='word_1_5' title='bbox 1180 356 1268 411; x_wconf 69' lang='lat' dir='ltr'>xix</span> 
     </span>
    </p>
   </div>
   <div class='ocr_carea' id='block_1_2' title="bbox 186 526 1268 3642">
    <p class='ocr_par' dir='ltr' id='par_1_2' title="bbox 189 526 1268 1410">
     <span class='ocr_line' id='line_1_2' title="bbox 192 526 1267 628; baseline 0.004 -26"><span class='ocrx_word' id='word_1_6' title='bbox 192 539 230 602; x_wconf 88' lang='lat' dir='ltr'>ot</span> <span class='ocrx_word' id='word_1_7' title='bbox 246 526 408 602; x_wconf 91' lang='lat' dir='ltr'>multum</span> <span class='ocrx_word' id='word_1_8' title='bbox 425 527 536 614; x_wconf 88' lang='lat' dir='ltr'>abest,</span> <span class='ocrx_word' id='word_1_9' title='bbox 561 538 606 602; x_wconf 90' lang='lat' dir='ltr'>ut</span> <span class='ocrx_word' id='word_1_10' title='bbox 621 528 785 603; x_wconf 85' lang='lat' dir='ltr'>delectus</span> <span class='ocrx_word' id='word_1_11' title='bbox 800 529 997 627; x_wconf 72' lang='lat' dir='ltr'>appetitus</span> <span class='ocrx_word' id='word_1_12' title='bbox 1020 537 1059 603; x_wconf 87' lang='lat' dir='ltr'>et</span> <span class='ocrx_word' id='word_1_13' title='bbox 1074 552 1163 628; x_wconf 85' lang='lat' dir='ltr'>quae</span> <span class='ocrx_word' id='word_1_14' title='bbox 1178 532 1267 606; x_wconf 90' lang='lat' dir='ltr'>inde</span> 
     </span>
     <span class='ocr_line' id='line_1_3' title="bbox 192 639 1268 739; baseline 0.004 -26"><span class='ocrx_word' id='word_1_15' title='bbox 192 642 357 739; x_wconf 87' lang='lat' dir='ltr'>sequitur</span> <span class='ocrx_word' id='word_1_16' title='bbox 373 639 503 726; x_wconf 89' lang='lat' dir='ltr'>inedia,</span> <span class='ocrx_word' id='word_1_17' title='bbox 528 642 643 739; x_wconf 86' lang='lat' dir='ltr'>aegris,</span> <span class='ocrx_word' id='word_1_18' title='bbox 668 641 870 739; x_wconf 73' lang='lat' dir='ltr'>praesertim</span> <span class='ocrx_word' id='word_1_19' title='bbox 895 642 1012 716; x_wconf 89' lang='lat' dir='ltr'>acutis</span> <span class='ocrx_word' id='word_1_20' title='bbox 1038 641 1177 715; x_wconf 88' lang='lat' dir='ltr'>morbis</span> <span class='ocrx_word' id='word_1_21' title='bbox 1201 643 1268 717; x_wconf 91' lang='lat' dir='ltr'>de-</span> 
     </span>
     <span class='ocr_line' id='line_1_4' title="bbox 190 750 1267 850; baseline 0.002 -24"><span class='ocrx_word' id='word_1_22' title='bbox 190 752 459 837; x_wconf 89' lang='lat' dir='ltr'>cumbentibus,</span> <span class='ocrx_word' id='word_1_23' title='bbox 477 761 624 825; x_wconf 90' lang='lat' dir='ltr'>tantum</span> <span class='ocrx_word' id='word_1_24' title='bbox 636 761 777 839; x_wconf 86' lang='lat' dir='ltr'>noceat,</span> <span class='ocrx_word' id='word_1_25' title='bbox 793 762 979 850; x_wconf 87' lang='lat' dir='ltr'>quantum</span> <span class='ocrx_word' id='word_1_26' title='bbox 995 750 1121 827; x_wconf 90' lang='lat' dir='ltr'>similis</span> <span class='ocrx_word' id='word_1_27' title='bbox 1137 752 1267 828; x_wconf 89' lang='lat' dir='ltr'>inedia</span> 
     </span>
     <span class='ocr_line' id='line_1_5' title="bbox 191 862 1266 962; baseline 0.001 -24"><span class='ocrx_word' id='word_1_28' title='bbox 191 889 278 938; x_wconf 91' lang='lat' dir='ltr'>sano</span> <span class='ocrx_word' id='word_1_29' title='bbox 293 864 434 936; x_wconf 91' lang='lat' dir='ltr'>homini</span> <span class='ocrx_word' id='word_1_30' title='bbox 451 874 605 937; x_wconf 83' lang='lat' dir='ltr'><strong>noceret.</strong></span> <span class='ocrx_word' id='word_1_31' title='bbox 655 864 790 962; x_wconf 84' lang='lat' dir='ltr'>Neque</span> <span class='ocrx_word' id='word_1_32' title='bbox 815 863 977 962; x_wconf 87' lang='lat' dir='ltr'>profecto</span> <span class='ocrx_word' id='word_1_33' title='bbox 1003 862 1145 938; x_wconf 85' lang='lat' dir='ltr'>silentio</span> <span class='ocrx_word' id='word_1_34' title='bbox 1169 889 1266 962; x_wconf 83' lang='lat' dir='ltr'>prae-</span> 
     </span>
     <span class='ocr_line' id='line_1_6' title="bbox 191 974 1266 1075; baseline 0.001 -26"><span class='ocrx_word' id='word_1_35' title='bbox 191 975 411 1049; x_wconf 83' lang='lat' dir='ltr'>tereundum</span> <span class='ocrx_word' id='word_1_36' title='bbox 441 986 505 1059; x_wconf 89' lang='lat' dir='ltr'>est,</span> <span class='ocrx_word' id='word_1_37' title='bbox 530 974 720 1049; x_wconf 88' lang='lat' dir='ltr'>fastidium</span> <span class='ocrx_word' id='word_1_38' title='bbox 749 975 833 1061; x_wconf 93' lang='lat' dir='ltr'>cibi,</span> <span class='ocrx_word' id='word_1_39' title='bbox 857 975 958 1075; x_wconf 91' lang='lat' dir='ltr'>quod</span> <span class='ocrx_word' id='word_1_40' title='bbox 983 975 1107 1073; x_wconf 88' lang='lat' dir='ltr'>primis</span> <span class='ocrx_word' id='word_1_41' title='bbox 1130 974 1266 1050; x_wconf 92' lang='lat' dir='ltr'>diebus</span> 
     </span>
     <span class='ocr_line' id='line_1_7' title="bbox 190 1086 1264 1186; baseline 0.003 -26"><span class='ocrx_word' id='word_1_42' title='bbox 190 1089 297 1160; x_wconf 86' lang='lat' dir='ltr'>febris</span> <span class='ocrx_word' id='word_1_43' title='bbox 325 1111 421 1185; x_wconf 70' lang='lat' dir='ltr'>aeger</span> <span class='ocrx_word' id='word_1_44' title='bbox 450 1086 568 1172; x_wconf 90' lang='lat' dir='ltr'>habet,</span> <span class='ocrx_word' id='word_1_45' title='bbox 594 1110 689 1186; x_wconf 88' lang='lat' dir='ltr'>saepe</span> <span class='ocrx_word' id='word_1_46' title='bbox 717 1088 842 1185; x_wconf 86' lang='lat' dir='ltr'>potius</span> <span class='ocrx_word' id='word_1_47' title='bbox 870 1088 910 1160; x_wconf 91' lang='lat' dir='ltr'>in</span> <span class='ocrx_word' id='word_1_48' title='bbox 939 1087 1095 1161; x_wconf 88' lang='lat' dir='ltr'>sulutem</span> <span class='ocrx_word' id='word_1_49' title='bbox 1122 1086 1264 1163; x_wconf 88' lang='lat' dir='ltr'>cedere.</span> 
     </span>
     <span class='ocr_line' id='line_1_8' title="bbox 191 1197 1266 1298; baseline -0.003 -22"><span class='ocrx_word' id='word_1_50' title='bbox 191 1199 342 1296; x_wconf 80' lang='lat' dir='ltr'><strong>Sapiens</strong></span> <span class='ocrx_word' id='word_1_51' title='bbox 357 1200 533 1273; x_wconf 90' lang='lat' dir='ltr'>nimirum</span> <span class='ocrx_word' id='word_1_52' title='bbox 551 1198 693 1273; x_wconf 87' lang='lat' dir='ltr'>Natura</span> <span class='ocrx_word' id='word_1_53' title='bbox 721 1222 815 1275; x_wconf 87' lang='lat' dir='ltr'>onus</span> <span class='ocrx_word' id='word_1_54' title='bbox 830 1211 983 1287; x_wconf 78' lang='lat' dir='ltr'>recusat,</span> <span class='ocrx_word' id='word_1_55' title='bbox 1007 1197 1117 1298; x_wconf 89' lang='lat' dir='ltr'>quale</span> <span class='ocrx_word' id='word_1_56' title='bbox 1139 1222 1266 1297; x_wconf 87' lang='lat' dir='ltr'>neque</span> 
     </span>
     <span class='ocr_line' id='line_1_9' title="bbox 189 1311 1054 1410; baseline 0.001 -26"><span class='ocrx_word' id='word_1_57' title='bbox 189 1335 412 1410; x_wconf 82' lang='lat' dir='ltr'>concoquere</span> <span class='ocrx_word' id='word_1_58' title='bbox 428 1312 616 1410; x_wconf 90' lang='lat' dir='ltr'>potuisset,</span> <span class='ocrx_word' id='word_1_59' title='bbox 642 1335 763 1410; x_wconf 92' lang='lat' dir='ltr'>neque</span> <span class='ocrx_word' id='word_1_60' title='bbox 779 1312 933 1409; x_wconf 90' lang='lat' dir='ltr'>impune</span> <span class='ocrx_word' id='word_1_61' title='bbox 949 1311 1054 1385; x_wconf 87' lang='lat' dir='ltr'>ferre.</span> 
     </span>
    </p>

    <p class='ocr_par' dir='ltr' id='par_1_3' title="bbox 186 1421 1268 2633">
     <span class='ocr_line' id='line_1_10' title="bbox 238 1421 1266 1522; baseline 0.001 -26"><span class='ocrx_word' id='word_1_62' title='bbox 238 1446 400 1498; x_wconf 66' lang='lat' dir='ltr'>nexura</span> <span class='ocrx_word' id='word_1_63' title='bbox 426 1425 510 1497; x_wconf 89' lang='lat' dir='ltr'>Cibi</span> <span class='ocrx_word' id='word_1_64' title='bbox 526 1424 711 1522; x_wconf 87' lang='lat' dir='ltr'>appetitus</span> <span class='ocrx_word' id='word_1_65' title='bbox 733 1422 846 1496; x_wconf 88' lang='lat' dir='ltr'>etiam</span> <span class='ocrx_word' id='word_1_66' title='bbox 871 1423 966 1496; x_wconf 88' lang='lat' dir='ltr'>sanis</span> <span class='ocrx_word' id='word_1_67' title='bbox 982 1421 1186 1498; x_wconf 83' lang='lat' dir='ltr'><strong>admodum</strong></span> <span class='ocrx_word' id='word_1_68' title='bbox 1202 1447 1266 1497; x_wconf 87' lang='lat' dir='ltr'>va·</span> 
     </span>
     <span class='ocr_line' id='line_1_11' title="bbox 187 1534 1268 1633; baseline 0.003 -27"><span class='ocrx_word' id='word_1_69' title='bbox 187 1534 274 1622; x_wconf 92' lang='lat' dir='ltr'>rius,</span> <span class='ocrx_word' id='word_1_70' title='bbox 299 1558 565 1633; x_wconf 85' lang='lat' dir='ltr'>nonnunquam</span> <span class='ocrx_word' id='word_1_71' title='bbox 584 1535 718 1608; x_wconf 89' lang='lat' dir='ltr'>mirum</span> <span class='ocrx_word' id='word_1_72' title='bbox 733 1535 773 1607; x_wconf 91' lang='lat' dir='ltr'>in</span> <span class='ocrx_word' id='word_1_73' title='bbox 790 1534 945 1609; x_wconf 89' lang='lat' dir='ltr'>modurn</span> <span class='ocrx_word' id='word_1_74' title='bbox 970 1534 1189 1621; x_wconf 81' lang='lat' dir='ltr'>intenditur,</span> <span class='ocrx_word' id='word_1_75' title='bbox 1212 1536 1268 1609; x_wconf 87' lang='lat' dir='ltr'>ita</span> 
     </span>
     <span class='ocr_line' id='line_1_12' title="bbox 188 1644 1267 1736; baseline 0 -16"><span class='ocrx_word' id='word_1_76' title='bbox 188 1654 324 1722; x_wconf 89' lang='lat' dir='ltr'>utnon</span> <span class='ocrx_word' id='word_1_77' title='bbox 349 1647 534 1720; x_wconf 88' lang='lat' dir='ltr'>immerito</span> <span class='ocrx_word' id='word_1_78' title='bbox 556 1646 746 1736; x_wconf 83' lang='lat' dir='ltr'>morbosus</span> <span class='ocrx_word' id='word_1_79' title='bbox 769 1644 957 1719; x_wconf 86' lang='lat' dir='ltr'>habeatur.</span> <span class='ocrx_word' id='word_1_80' title='bbox 1005 1644 1148 1720; x_wconf 83' lang='lat' dir='ltr'>Ramm</span> <span class='ocrx_word' id='word_1_81' title='bbox 1174 1645 1267 1720; x_wconf 91' lang='lat' dir='ltr'>mali</span> 
     </span>
     <span class='ocr_line' id='line_1_13' title="bbox 187 1754 1263 1859; baseline -0.003 -27"><span class='ocrx_word' id='word_1_82' title='bbox 187 1783 317 1859; x_wconf 90' lang='lat' dir='ltr'>genus,</span> <span class='ocrx_word' id='word_1_83' title='bbox 338 1780 606 1855; x_wconf 88' lang='lat' dir='ltr'>nonnunquam</span> <span class='ocrx_word' id='word_1_84' title='bbox 622 1765 747 1829; x_wconf 86' lang='lat' dir='ltr'>tamen</span> <span class='ocrx_word' id='word_1_85' title='bbox 763 1756 1009 1844; x_wconf 88' lang='lat' dir='ltr'>observatum,</span> <span class='ocrx_word' id='word_1_86' title='bbox 1024 1770 1062 1830; x_wconf 89' lang='lat' dir='ltr'>et</span> <span class='ocrx_word' id='word_1_87' title='bbox 1076 1754 1263 1830; x_wconf 76' lang='lat' dir='ltr'>creditum</span> 
     </span>
     <span class='ocr_line' id='line_1_14' title="bbox 187 1866 1266 1967; baseline -0.005 -23"><span class='ocrx_word' id='word_1_88' title='bbox 187 1872 284 1958; x_wconf 88' lang='lat' dir='ltr'>oriri,</span> <span class='ocrx_word' id='word_1_89' title='bbox 314 1870 372 1944; x_wconf 91' lang='lat' dir='ltr'>vel</span> <span class='ocrx_word' id='word_1_90' title='bbox 389 1896 411 1942; x_wconf 93' lang='lat' dir='ltr'>a</span> <span class='ocrx_word' id='word_1_91' title='bbox 426 1870 536 1965; x_wconf 90' lang='lat' dir='ltr'>longa</span> <span class='ocrx_word' id='word_1_92' title='bbox 564 1867 695 1953; x_wconf 91' lang='lat' dir='ltr'>inedia,</span> <span class='ocrx_word' id='word_1_93' title='bbox 720 1866 781 1940; x_wconf 88' lang='lat' dir='ltr'>vel</span> <span class='ocrx_word' id='word_1_94' title='bbox 805 1868 851 1942; x_wconf 93' lang='lat' dir='ltr'>ab</span> <span class='ocrx_word' id='word_1_95' title='bbox 867 1866 1080 1967; x_wconf 86' lang='lat' dir='ltr'>ingentibus</span> <span class='ocrx_word' id='word_1_96' title='bbox 1095 1866 1266 1940; x_wconf 87' lang='lat' dir='ltr'>exinani-</span> 
     </span>
     <span class='ocr_line' id='line_1_15' title="bbox 188 1968 1266 2077; baseline 0 -24"><span class='ocrx_word' id='word_1_97' title='bbox 188 1983 350 2054; x_wconf 88' lang='lat' dir='ltr'>tionibus</span> <span class='ocrx_word' id='word_1_98' title='bbox 368 1980 446 2069; x_wconf 88' lang='lat' dir='ltr'>(ubi</span> <span class='ocrx_word' id='word_1_99' title='bbox 460 1968 622 2051; x_wconf 92' lang='lat' dir='ltr'>subsidio</span> <span class='ocrx_word' id='word_1_100' title='bbox 638 1977 745 2051; x_wconf 90' lang='lat' dir='ltr'>solito</span> <span class='ocrx_word' id='word_1_101' title='bbox 762 1979 898 2076; x_wconf 89' lang='lat' dir='ltr'>majore</span> <span class='ocrx_word' id='word_1_102' title='bbox 910 2002 1034 2053; x_wconf 88' lang='lat' dir='ltr'>revera</span> <span class='ocrx_word' id='word_1_103' title='bbox 1042 2000 1138 2077; x_wconf 89' lang='lat' dir='ltr'>opus</span> <span class='ocrx_word' id='word_1_104' title='bbox 1152 1986 1266 2077; x_wconf 82' lang='lat' dir='ltr'>esset)</span> 
     </span>
     <span class='ocr_line' id='line_1_16' title="bbox 188 2078 1266 2190; baseline 0.003 -28"><span class='ocrx_word' id='word_1_105' title='bbox 188 2090 250 2163; x_wconf 91' lang='lat' dir='ltr'>vel</span> <span class='ocrx_word' id='word_1_106' title='bbox 266 2089 312 2163; x_wconf 91' lang='lat' dir='ltr'>ab</span> <span class='ocrx_word' id='word_1_107' title='bbox 328 2090 399 2162; x_wconf 89' lang='lat' dir='ltr'>acri</span> <span class='ocrx_word' id='word_1_108' title='bbox 416 2088 577 2187; x_wconf 89' lang='lat' dir='ltr'>quodam</span> <span class='ocrx_word' id='word_1_109' title='bbox 595 2090 633 2164; x_wconf 92' lang='lat' dir='ltr'>in</span> <span class='ocrx_word' id='word_1_110' title='bbox 651 2078 856 2165; x_wconf 80' lang='lat' dir='ltr'>ventriculo</span> <span class='ocrx_word' id='word_1_111' title='bbox 872 2092 1011 2190; x_wconf 89' lang='lat' dir='ltr'>genito,</span> <span class='ocrx_word' id='word_1_112' title='bbox 1035 2089 1158 2164; x_wconf 87' lang='lat' dir='ltr'>autin</span> <span class='ocrx_word' id='word_1_113' title='bbox 1173 2112 1266 2165; x_wconf 89' lang='lat' dir='ltr'>eum</span> 
     </span>
     <span class='ocr_line' id='line_1_17' title="bbox 187 2199 1265 2299; baseline -0.001 -24"><span class='ocrx_word' id='word_1_114' title='bbox 187 2211 347 2299; x_wconf 86' lang='lat' dir='ltr'>recepto,</span> <span class='ocrx_word' id='word_1_115' title='bbox 364 2200 598 2299; x_wconf 87' lang='lat' dir='ltr'>eundemque</span> <span class='ocrx_word' id='word_1_116' title='bbox 610 2203 721 2275; x_wconf 91' lang='lat' dir='ltr'>nimis</span> <span class='ocrx_word' id='word_1_117' title='bbox 737 2201 959 2289; x_wconf 84' lang='lat' dir='ltr'>stimulante,</span> <span class='ocrx_word' id='word_1_118' title='bbox 971 2201 1064 2275; x_wconf 88' lang='lat' dir='ltr'>vela</span> <span class='ocrx_word' id='word_1_119' title='bbox 1077 2199 1161 2277; x_wconf 83' lang='lat' dir='ltr'>loesa</span> <span class='ocrx_word' id='word_1_120' title='bbox 1171 2201 1265 2274; x_wconf 88' lang='lat' dir='ltr'>ima·</span> 
     </span>
     <span class='ocr_line' id='line_1_18' title="bbox 186 2311 1265 2413; baseline 0.003 -29"><span class='ocrx_word' id='word_1_121' title='bbox 186 2313 386 2410; x_wconf 88' lang='lat' dir='ltr'>ginatione,</span> <span class='ocrx_word' id='word_1_122' title='bbox 410 2311 470 2385; x_wconf 93' lang='lat' dir='ltr'>vel</span> <span class='ocrx_word' id='word_1_123' title='bbox 494 2313 691 2411; x_wconf 89' lang='lat' dir='ltr'>deniquea</span> <span class='ocrx_word' id='word_1_124' title='bbox 711 2337 822 2413; x_wconf 91' lang='lat' dir='ltr'>prava</span> <span class='ocrx_word' id='word_1_125' title='bbox 845 2312 1125 2388; x_wconf 86' lang='lat' dir='ltr'>consuetudine.</span> <span class='ocrx_word' id='word_1_126' title='bbox 1171 2312 1265 2387; x_wconf 87' lang='lat' dir='ltr'>Non</span> 
     </span>
     <span class='ocr_line' id='line_1_19' title="bbox 186 2423 1268 2513; baseline 0.005 -18"><span class='ocrx_word' id='word_1_127' title='bbox 186 2423 345 2498; x_wconf 91' lang='lat' dir='ltr'>dubium</span> <span class='ocrx_word' id='word_1_128' title='bbox 362 2426 462 2500; x_wconf 91' lang='lat' dir='ltr'>enim</span> <span class='ocrx_word' id='word_1_129' title='bbox 480 2437 545 2513; x_wconf 88' lang='lat' dir='ltr'>est,</span> <span class='ocrx_word' id='word_1_130' title='bbox 570 2427 736 2500; x_wconf 86' lang='lat' dir='ltr'>homines</span> <span class='ocrx_word' id='word_1_131' title='bbox 753 2426 828 2499; x_wconf 92' lang='lat' dir='ltr'>solo</span> <span class='ocrx_word' id='word_1_132' title='bbox 846 2449 914 2501; x_wconf 91' lang='lat' dir='ltr'>usu</span> <span class='ocrx_word' id='word_1_133' title='bbox 931 2424 1111 2500; x_wconf 83' lang='lat' dir='ltr'>avidiores</span> <span class='ocrx_word' id='word_1_134' title='bbox 1127 2424 1201 2499; x_wconf 89' lang='lat' dir='ltr'>cibi</span> <span class='ocrx_word' id='word_1_135' title='bbox 1225 2436 1268 2500; x_wconf 87' lang='lat' dir='ltr'>et</span> 
     </span>
     <span class='ocr_line' id='line_1_20' title="bbox 186 2537 564 2633; baseline 0.016 -26"><span class='ocrx_word' id='word_1_136' title='bbox 186 2537 386 2633; x_wconf 87' lang='lat' dir='ltr'>capaciores</span> <span class='ocrx_word' id='word_1_137' title='bbox 403 2539 564 2613; x_wconf 89' lang='lat' dir='ltr'>evadere.</span> 
     </span>
    </p>

    <p class='ocr_par' dir='ltr' id='par_1_4' title="bbox 186 2649 1266 3642">
     <span class='ocr_line' id='line_1_21' title="bbox 236 2649 1264 2749; baseline 0.004 -29"><span class='ocrx_word' id='word_1_138' title='bbox 236 2669 381 2723; x_wconf 76' lang='lat' dir='ltr'>nexuv.</span> <span class='ocrx_word' id='word_1_139' title='bbox 408 2651 637 2749; x_wconf 88' lang='lat' dir='ltr'>Depravatio</span> <span class='ocrx_word' id='word_1_140' title='bbox 653 2649 818 2748; x_wconf 90' lang='lat' dir='ltr'>ejusdem</span> <span class='ocrx_word' id='word_1_141' title='bbox 834 2649 1030 2748; x_wconf 86' lang='lat' dir='ltr'>appetitus,</span> <span class='ocrx_word' id='word_1_142' title='bbox 1047 2659 1086 2723; x_wconf 90' lang='lat' dir='ltr'>et</span> <span class='ocrx_word' id='word_1_143' title='bbox 1098 2649 1151 2723; x_wconf 88' lang='lat' dir='ltr'>rei</span> <span class='ocrx_word' id='word_1_144' title='bbox 1166 2650 1264 2724; x_wconf 88' lang='lat' dir='ltr'>inso-</span> 
     </span>
     <span class='ocr_line' id='line_1_22' title="bbox 186 2756 1264 2858; baseline 0.005 -28"><span class='ocrx_word' id='word_1_145' title='bbox 186 2756 273 2846; x_wconf 88' lang='lat' dir='ltr'>litae,</span> <span class='ocrx_word' id='word_1_146' title='bbox 298 2785 428 2858; x_wconf 88' lang='lat' dir='ltr'>parnm</span> <span class='ocrx_word' id='word_1_147' title='bbox 447 2763 598 2848; x_wconf 87' lang='lat' dir='ltr'>idoneae,</span> <span class='ocrx_word' id='word_1_148' title='bbox 622 2772 779 2835; x_wconf 89' lang='lat' dir='ltr'>autnon</span> <span class='ocrx_word' id='word_1_149' title='bbox 796 2762 1000 2847; x_wconf 78' lang='lat' dir='ltr'>esdulentae,</span> <span class='ocrx_word' id='word_1_150' title='bbox 1025 2759 1264 2849; x_wconf 85' lang='lat' dir='ltr'>desiderium,</span> 
     </span>
     <span class='ocr_line' id='line_1_23' title="bbox 188 2870 1266 2971; baseline 0.004 -28"><span class='ocrx_word' id='word_1_151' title='bbox 188 2870 406 2970; x_wconf 82' lang='lat' dir='ltr'>plenrmque</span> <span class='ocrx_word' id='word_1_152' title='bbox 422 2897 443 2946; x_wconf 91' lang='lat' dir='ltr'>a</span> <span class='ocrx_word' id='word_1_153' title='bbox 459 2872 544 2946; x_wconf 88' lang='lat' dir='ltr'>laesa</span> <span class='ocrx_word' id='word_1_154' title='bbox 559 2871 820 2969; x_wconf 86' lang='lat' dir='ltr'>imaginatione</span> <span class='ocrx_word' id='word_1_155' title='bbox 845 2873 971 2959; x_wconf 89' lang='lat' dir='ltr'>oritur,</span> <span class='ocrx_word' id='word_1_156' title='bbox 999 2896 1095 2971; x_wconf 87' lang='lat' dir='ltr'>saepe</span> <span class='ocrx_word' id='word_1_157' title='bbox 1109 2896 1132 2947; x_wconf 89' lang='lat' dir='ltr'>a</span> <span class='ocrx_word' id='word_1_158' title='bbox 1145 2872 1266 2947; x_wconf 89' lang='lat' dir='ltr'>nimia</span> 
     </span>
     <span class='ocr_line' id='line_1_24' title="bbox 186 2981 1266 3081; baseline 0.003 -25"><span class='ocrx_word' id='word_1_159' title='bbox 186 2982 431 3081; x_wconf 86' lang='lat' dir='ltr'>indulgentia,</span> <span class='ocrx_word' id='word_1_160' title='bbox 456 2982 655 3080; x_wconf 75' lang='lat' dir='ltr'>prasertim</span> <span class='ocrx_word' id='word_1_161' title='bbox 673 2981 739 3056; x_wconf 93' lang='lat' dir='ltr'>ubi</span> <span class='ocrx_word' id='word_1_162' title='bbox 755 2982 801 3055; x_wconf 90' lang='lat' dir='ltr'>ad</span> <span class='ocrx_word' id='word_1_163' title='bbox 819 2983 1066 3058; x_wconf 89' lang='lat' dir='ltr'>ventriculum</span> <span class='ocrx_word' id='word_1_164' title='bbox 1083 2984 1149 3059; x_wconf 90' lang='lat' dir='ltr'>diu</span> <span class='ocrx_word' id='word_1_165' title='bbox 1164 2983 1266 3059; x_wconf 81' lang='lat' dir='ltr'>mule</span> 
     </span>
     <span class='ocr_line' id='line_1_25' title="bbox 187 3092 1265 3191; baseline 0.003 -23"><span class='ocrx_word' id='word_1_166' title='bbox 187 3118 226 3168; x_wconf 90' lang='lat' dir='ltr'>se</span> <span class='ocrx_word' id='word_1_167' title='bbox 242 3094 438 3168; x_wconf 86' lang='lat' dir='ltr'>habentem</span> <span class='ocrx_word' id='word_1_168' title='bbox 456 3092 539 3191; x_wconf 91' lang='lat' dir='ltr'>plus</span> <span class='ocrx_word' id='word_1_169' title='bbox 550 3092 654 3190; x_wconf 91' lang='lat' dir='ltr'>justo</span> <span class='ocrx_word' id='word_1_170' title='bbox 670 3093 882 3168; x_wconf 87' lang='lat' dir='ltr'>attenditur.</span> <span class='ocrx_word' id='word_1_171' title='bbox 917 3096 1013 3170; x_wconf 85' lang='lat' dir='ltr'>Haec</span> <span class='ocrx_word' id='word_1_172' title='bbox 1025 3095 1265 3175; x_wconf 82' lang='lat' dir='ltr'>videturesse</span> 
     </span>
     <span class='ocr_line' id='line_1_26' title="bbox 188 3204 1265 3308; baseline 0.001 -28"><span class='ocrx_word' id='word_1_173' title='bbox 188 3209 280 3282; x_wconf 89' lang='lat' dir='ltr'>ratio</span> <span class='ocrx_word' id='word_1_174' title='bbox 296 3206 397 3306; x_wconf 93' lang='lat' dir='ltr'>quod</span> <span class='ocrx_word' id='word_1_175' title='bbox 413 3205 568 3292; x_wconf 92' lang='lat' dir='ltr'>malum,</span> <span class='ocrx_word' id='word_1_176' title='bbox 593 3204 807 3280; x_wconf 89' lang='lat' dir='ltr'>mulieribus</span> <span class='ocrx_word' id='word_1_177' title='bbox 833 3207 924 3281; x_wconf 92' lang='lat' dir='ltr'>dum</span> <span class='ocrx_word' id='word_1_178' title='bbox 951 3217 1100 3283; x_wconf 90' lang='lat' dir='ltr'>uterum</span> <span class='ocrx_word' id='word_1_179' title='bbox 1126 3220 1265 3308; x_wconf 87' lang='lat' dir='ltr'>gerunt</span> 
     </span>
     <span class='ocr_line' id='line_1_27' title="bbox 188 3316 1263 3418; baseline 0.002 -27"><span class='ocrx_word' id='word_1_180' title='bbox 188 3330 320 3395; x_wconf 89' lang='lat' dir='ltr'>natura</span> <span class='ocrx_word' id='word_1_181' title='bbox 335 3318 531 3418; x_wconf 89' lang='lat' dir='ltr'>aliquando</span> <span class='ocrx_word' id='word_1_182' title='bbox 557 3316 731 3407; x_wconf 85' lang='lat' dir='ltr'>accidens,</span> <span class='ocrx_word' id='word_1_183' title='bbox 759 3318 895 3395; x_wconf 85' lang='lat' dir='ltr'>scilicet</span> <span class='ocrx_word' id='word_1_184' title='bbox 919 3346 1002 3418; x_wconf 87' lang='lat' dir='ltr'>quae</span> <span class='ocrx_word' id='word_1_185' title='bbox 1018 3318 1263 3395; x_wconf 86' lang='lat' dir='ltr'>aventriculo</span> 
     </span>
     <span class='ocr_line' id='line_1_28' title="bbox 187 3429 1263 3531; baseline 0.005 -30"><span class='ocrx_word' id='word_1_186' title='bbox 187 3429 262 3502; x_wconf 84' lang='lat' dir='ltr'>sere</span> <span class='ocrx_word' id='word_1_187' title='bbox 279 3431 418 3504; x_wconf 87' lang='lat' dir='ltr'>soleant</span> <span class='ocrx_word' id='word_1_188' title='bbox 433 3429 606 3518; x_wconf 90' lang='lat' dir='ltr'>laborare,</span> <span class='ocrx_word' id='word_1_189' title='bbox 623 3454 667 3502; x_wconf 92' lang='lat' dir='ltr'>eo</span> <span class='ocrx_word' id='word_1_190' title='bbox 685 3431 799 3530; x_wconf 87' lang='lat' dir='ltr'>magis</span> <span class='ocrx_word' id='word_1_191' title='bbox 815 3433 1051 3531; x_wconf 85' lang='lat' dir='ltr'>ingravescat,</span> <span class='ocrx_word' id='word_1_192' title='bbox 1068 3442 1108 3505; x_wconf 89' lang='lat' dir='ltr'>et</span> <span class='ocrx_word' id='word_1_193' title='bbox 1120 3433 1208 3531; x_wconf 88' lang='lat' dir='ltr'>ipsis</span> <span class='ocrx_word' id='word_1_194' title='bbox 1224 3442 1263 3506; x_wconf 88' lang='lat' dir='ltr'>et</span> 
     </span>
     <span class='ocr_line' id='line_1_29' title="bbox 188 3541 1260 3642; baseline 0.004 -29"><span class='ocrx_word' id='word_1_195' title='bbox 188 3541 266 3613; x_wconf 89' lang='lat' dir='ltr'>aliis</span> <span class='ocrx_word' id='word_1_196' title='bbox 283 3541 366 3639; x_wconf 92' lang='lat' dir='ltr'>plus</span> <span class='ocrx_word' id='word_1_197' title='bbox 383 3542 560 3616; x_wconf 80' lang='lat' dir='ltr'>molestiae</span> <span class='ocrx_word' id='word_1_198' title='bbox 575 3541 822 3642; x_wconf 86' lang='lat' dir='ltr'>facessat,quo</span> <span class='ocrx_word' id='word_1_199' title='bbox 838 3545 907 3619; x_wconf 90' lang='lat' dir='ltr'>sibi</span> <span class='ocrx_word' id='word_1_200' title='bbox 920 3543 1002 3642; x_wconf 90' lang='lat' dir='ltr'>plus</span> <span class='ocrx_word' id='word_1_201' title='bbox 1019 3541 1260 3641; x_wconf 87' lang='lat' dir='ltr'>indulgeant:</span> 
     </span>
    </p>
   </div>
   <div class='ocr_carea' id='block_1_3' title="bbox 187 3651 1263 4314">
    <p class='ocr_par' dir='ltr' id='par_1_5' title="bbox 187 3651 1263 4314">
     <span class='ocr_line' id='line_1_30' title="bbox 187 3651 1262 3755; baseline 0.004 -30"><span class='ocrx_word' id='word_1_202' title='bbox 187 3651 411 3726; x_wconf 89' lang='lat' dir='ltr'>rarissimum</span> <span class='ocrx_word' id='word_1_203' title='bbox 429 3654 493 3727; x_wconf 94' lang='lat' dir='ltr'>ubi</span> <span class='ocrx_word' id='word_1_204' title='bbox 510 3679 589 3727; x_wconf 92' lang='lat' dir='ltr'>mos</span> <span class='ocrx_word' id='word_1_205' title='bbox 606 3666 707 3729; x_wconf 85' lang='lat' dir='ltr'>vetat</span> <span class='ocrx_word' id='word_1_206' title='bbox 731 3656 766 3731; x_wconf 91' lang='lat' dir='ltr'>ei</span> <span class='ocrx_word' id='word_1_207' title='bbox 790 3656 990 3755; x_wconf 92' lang='lat' dir='ltr'>indulgere,</span> <span class='ocrx_word' id='word_1_208' title='bbox 1010 3655 1123 3753; x_wconf 91' lang='lat' dir='ltr'>jubet</span> <span class='ocrx_word' id='word_1_209' title='bbox 1146 3654 1262 3729; x_wconf 81' lang='lat' dir='ltr'>celare</span> 
     </span>
     <span class='ocr_line' id='line_1_31' title="bbox 188 3763 1262 3867; baseline 0.006 -32"><span class='ocrx_word' id='word_1_210' title='bbox 188 3763 298 3836; x_wconf 91' lang='lat' dir='ltr'>talem</span> <span class='ocrx_word' id='word_1_211' title='bbox 315 3766 523 3862; x_wconf 86' lang='lat' dir='ltr'>appetitum</span> <span class='ocrx_word' id='word_1_212' title='bbox 540 3768 779 3860; x_wconf 87' lang='lat' dir='ltr'>abuormem;</span> <span class='ocrx_word' id='word_1_213' title='bbox 809 3769 979 3867; x_wconf 85' lang='lat' dir='ltr'>frequens</span> <span class='ocrx_word' id='word_1_214' title='bbox 996 3776 1034 3840; x_wconf 89' lang='lat' dir='ltr'>et</span> <span class='ocrx_word' id='word_1_215' title='bbox 1051 3767 1262 3853; x_wconf 87' lang='lat' dir='ltr'>vehemens,</span> 
     </span>
     <span class='ocr_line' id='line_1_32' title="bbox 188 3879 1261 3974; baseline 0.003 -26"><span class='ocrx_word' id='word_1_216' title='bbox 188 3898 308 3974; x_wconf 89' lang='lat' dir='ltr'>neque</span> <span class='ocrx_word' id='word_1_217' title='bbox 324 3900 467 3974; x_wconf 89' lang='lat' dir='ltr'>semper</span> <span class='ocrx_word' id='word_1_218' title='bbox 481 3880 529 3952; x_wconf 90' lang='lat' dir='ltr'>ad</span> <span class='ocrx_word' id='word_1_219' title='bbox 546 3905 601 3953; x_wconf 90' lang='lat' dir='ltr'>res</span> <span class='ocrx_word' id='word_1_220' title='bbox 618 3880 695 3954; x_wconf 94' lang='lat' dir='ltr'>ullo</span> <span class='ocrx_word' id='word_1_221' title='bbox 711 3880 823 3953; x_wconf 92' lang='lat' dir='ltr'>modo</span> <span class='ocrx_word' id='word_1_222' title='bbox 849 3879 1050 3953; x_wconf 90' lang='lat' dir='ltr'>esculentas</span> <span class='ocrx_word' id='word_1_223' title='bbox 1067 3879 1261 3963; x_wconf 83' lang='lat' dir='ltr'>directum,</span> 
     </span>
     <span class='ocr_line' id='line_1_33' title="bbox 188 3987 1263 4089; baseline -0.002 -26"><span class='ocrx_word' id='word_1_224' title='bbox 188 3987 253 4063; x_wconf 93' lang='lat' dir='ltr'>ubi</span> <span class='ocrx_word' id='word_1_225' title='bbox 265 3987 428 4062; x_wconf 86' lang='lat' dir='ltr'>foeminae</span> <span class='ocrx_word' id='word_1_226' title='bbox 440 3991 563 4088; x_wconf 89' lang='lat' dir='ltr'>potius</span> <span class='ocrx_word' id='word_1_227' title='bbox 575 3994 747 4067; x_wconf 88' lang='lat' dir='ltr'>decorum</span> <span class='ocrx_word' id='word_1_228' title='bbox 760 3991 828 4064; x_wconf 88' lang='lat' dir='ltr'>sibi</span> <span class='ocrx_word' id='word_1_229' title='bbox 838 3991 991 4076; x_wconf 90' lang='lat' dir='ltr'>ducunt,</span> <span class='ocrx_word' id='word_1_230' title='bbox 1009 4000 1047 4063; x_wconf 90' lang='lat' dir='ltr'>et</span> <span class='ocrx_word' id='word_1_231' title='bbox 1060 4014 1142 4065; x_wconf 92' lang='lat' dir='ltr'>mos</span> <span class='ocrx_word' id='word_1_232' title='bbox 1152 3988 1263 4089; x_wconf 87' lang='lat' dir='ltr'>jubet</span> 
     </span>
     <span class='ocr_line' id='line_1_34' title="bbox 188 4101 1262 4200; baseline -0.001 -26"><span class='ocrx_word' id='word_1_233' title='bbox 188 4124 337 4174; x_wconf 90' lang='lat' dir='ltr'>omnem</span> <span class='ocrx_word' id='word_1_234' title='bbox 363 4102 538 4175; x_wconf 86' lang='lat' dir='ltr'>maritum</span> <span class='ocrx_word' id='word_1_235' title='bbox 567 4103 729 4200; x_wconf 78' lang='lat' dir='ltr'>gravidae</span> <span class='ocrx_word' id='word_1_236' title='bbox 757 4101 865 4174; x_wconf 88' lang='lat' dir='ltr'>uxori</span> <span class='ocrx_word' id='word_1_237' title='bbox 889 4101 1091 4199; x_wconf 89' lang='lat' dir='ltr'>indulgere,</span> <span class='ocrx_word' id='word_1_238' title='bbox 1122 4112 1161 4176; x_wconf 89' lang='lat' dir='ltr'>et</span> <span class='ocrx_word' id='word_1_239' title='bbox 1177 4124 1262 4177; x_wconf 86' lang='lat' dir='ltr'>sane</span> 
     </span>
     <span class='ocr_line' id='line_1_35' title="bbox 188 4210 1262 4314; baseline -0.006 -26"><span class='ocrx_word' id='word_1_240' title='bbox 188 4222 309 4290; x_wconf 90' lang='lat' dir='ltr'>metus</span> <span class='ocrx_word' id='word_1_241' title='bbox 326 4224 442 4314; x_wconf 85' lang='lat' dir='ltr'>cogat,</span> <span class='ocrx_word' id='word_1_242' title='bbox 466 4238 514 4288; x_wconf 93' lang='lat' dir='ltr'>ne</span> <span class='ocrx_word' id='word_1_243' title='bbox 531 4238 597 4311; x_wconf 88' lang='lat' dir='ltr'>pro</span> <span class='ocrx_word' id='word_1_244' title='bbox 614 4215 690 4288; x_wconf 88' lang='lat' dir='ltr'>filio</span> <span class='ocrx_word' id='word_1_245' title='bbox 703 4223 910 4288; x_wconf 90' lang='lat' dir='ltr'>monstrum</span> <span class='ocrx_word' id='word_1_246' title='bbox 927 4213 1043 4313; x_wconf 86' lang='lat' dir='ltr'>pariat</span> <span class='ocrx_word' id='word_1_247' title='bbox 1059 4237 1177 4289; x_wconf 89' lang='lat' dir='ltr'>uxor:</span> <span class='ocrx_word' id='word_1_248' title='bbox 1202 4210 1262 4285; x_wconf 84' lang='lat' dir='ltr'>vel</span> 
     </span>
    </p>
   </div>
   <div class='ocr_carea' id='block_1_4' title="bbox 0 0 1344 4794">
    <p class='ocr_par' dir='ltr' id='par_1_6' title="bbox 0 0 1344 4794">
     <span class='ocr_line' id='line_1_36' title="bbox 0 0 1344 4794; baseline 0 1"><span class='ocrx_word' id='word_1_249' title='bbox 0 0 1344 4794; x_wconf 95' lang='lat' dir='ltr'> </span> 
     </span>
    </p>
   </div>
  </div>
 </body>
</html>
