2678 4794
191 323 263 397 272
606 332 857 390 cousrncrus
1063 339 1270 397 cauma

190 522 257 599 est,
273 536 348 588 non
365 510 530 612 proxima
545 532 661 594 causa,
689 508 819 581 mortis
837 506 1043 601 h'abentur;
1070 514 1189 590 veluti
1207 540 1273 590 cor

190 624 250 698 vel
267 650 331 700 vas
347 619 491 719 aliquod
508 642 687 718 magnum
704 627 871 717 ruptum,
888 620 948 695 vel
960 628 1117 710 e'rosum,
1135 628 1195 700 vel
1206 631 1274 702 ob-

191 745 382 820 structum,
408 730 466 805 vel
490 730 684 829 pulmones
713 729 944 820 inflammati,
981 732 1042 806 vel
1076 739 1272 834 sanguine,

189 860 256 923 aut
271 873 360 934 sero,
376 854 441 920 aut
456 867 577 931 muco,
601 853 668 919 aut
692 867 795 942 pure,
820 853 886 919 aut
905 868 1001 943 aqua
1023 846 1178 945 impleti,
1204 850 1271 924 vel

189 958 393 1035 tumoribus
404 957 611 1030 ‘vicinarum
628 957 804 1085 martium,
829 967 896 1031 aut
921 956 1080 1055 plurima
1103 983 1200 1057 aqua
1224 960 1269 1033 in

187 1082 331 1171 pectore
347 1067 507 1155 collecta,
523 1068 715 1167 impedrti3
740 1078 780 1144 et
796 1067 936 1143 similia

234 1203 487 1256 occcuxxxn
516 1182 621 1280 Saepe
650 1192 774 1255 tamen
790 1179 903 1267 nulla,
931 1189 997 1254 aut
1008 1179 1164 1279 generis
1181 1205 1271 1257 uer·

185 1291 271 1379 ouri,
288 1304 355 1369 aut
370 1296 534 1393 partium
547 1319 633 1393 quae
644 1293 833 1393 sanguinis
848 1292 1019 1367 circuitui
1035 1304 1100 1367 aut
1115 1293 1270 1391 respira·

183 1404 277 1478 tioni
311 1406 529 1493 inserviunt,
563 1407 688 1506 detegi
721 1415 843 1505 potest
875 1405 985 1493 laesio,
1022 1405 1086 1479 sed
1118 1414 1269 1479 tantum

182 1515 320 1592 vitium
349 1518 499 1617 aliquod
514 1541 737 1614 organorum
762 1519 1000 1593 functionum
1029 1515 1268 1604 naturalium,

182 1628 243 1704 vel
260 1629 423 1719 demum,
440 1629 538 1704 labes
553 1629 734 1729 quaedam,
761 1640 828 1703 aut
844 1654 910 1705 sua
926 1638 1057 1703 natura
1072 1627 1268 1728 generalis,

182 1751 250 1816 aut
264 1755 407 1841 partem
419 1742 580 1841 aliquam
592 1741 750 1840 corporis
762 1741 883 1839 primo
898 1739 1076 1828 inficiens,
1094 1741 1267 1841 quamvis

181 1854 362 1951 paulatim
387 1865 508 1930 totum
533 1878 663 1954 eorpus
687 1860 944 1952 corrumpens;
968 1852 1070 1926 unde
1095 1853 1267 1952 quaedum

181 1962 388 2040 structiones
415 1966 462 2040 ad
478 1966 595 2041 vitam
623 1966 831 2040 necessaria
858 1965 1264 2065 (v111‚1x)impeditae,

181 2073 356 2151 valetudo
380 2078 426 2150 ab
450 2078 554 2152 omni
577 2086 681 2178 parte
706 2075 891 2163 labefacta,
924 2075 1120 2151 infirmitas
1146 2077 1264 2153 indies

180 2210 389 2286 augescens,
406 2199 446 2264 et
462 2190 612 2265 tandem
629 2212 727 2264 mors
744 2187 976 2262 inevitabilis.

230 2321 505 2378 ncccnxxxvr.
524 2303 620 2377 Haec
631 2300 765 2376 ultima
780 2299 1181 2397 linearerumprovida
1191 2301 1263 2377 Na·

180 2419 265 2486 tura
289 2414 442 2500 curavit,
467 2422 512 2487 ut
536 2439 602 2489 sua
625 2412 823 2487 formidine
846 2435 922 2484 non
948 2420 1104 2487 careret:
1141 2436 1263 2512 neque

180 2523 378 2599 obscurum
396 2525 587 2600 consilium
604 2549 670 2599 cur
686 2525 739 2598 it'a
756 2523 919 2599 mortalia
935 2531 1082 2623 pectora
1111 2525 1261 2600 effinxe

180 2635 240 2720 rit,
266 2647 310 2709 ut
334 2647 584 2736 repugnanter
617 2636 771 2713 omnino
794 2635 889 2710 hanc
913 2636 1038 2722 vitam,
1069 2646 1261 2738 utcunque

179 2769 328 2840 gravem
347 2758 385 2820 et
400 2746 654 2836 aerumnosam,
680 2772 767 2823 cum
792 2747 861 2820 alia
882 2758 921 2821 et
945 2747 1073 2846 ignota
1096 2772 1260 2825 eommu-

178 2862 312 2927 temus.
360 2858 531 2934 Multum
549 2886 637 2934 vero
660 2869 874 2933 erraverunt
890 2858 1072 2948 mortales,
1096 2867 1134 2932 et
1161 2858 1258 2933 male

178 2963 247 3036 sibi
272 2965 547 3056 consuluerunt,
583 2970 648 3066 qui
684 2978 857 3042 terrorem
895 2972 1024 3045 mortis
1057 2971 1257 3059 intendere,

177 3072 325 3149 sibimet
354 3078 612 3174 persuadentes
635 3080 889 3176 gravissimam
913 3081 1015 3156 illam
1040 3106 1182 3183 semper
1206 3108 1258 3159 se·

176 3210 263 3261 cum
291 3211 465 3287 angorem
495 3188 598 3278 ferre,
624 3213 692 3263 nec
716 3191 794 3265 sine
820 3216 969 3268 summo
994 3197 1161 3272 cruciatu
1185 3199 1258 3275 cui·

79 3335 83 3342 ·
176 3323 291 3397 quam
308 3325 475 3401 unquam
504 3326 581 3377 esse
598 3302 839 3378 moriendum.
890 3306 1005 3394 Quod
1030 3308 1198 3405 profecto
1217 3332 1257 3387 eo

175 3412 295 3509 magis
312 3414 507 3489 verisimile
520 3415 729 3490 hominibus
743 3418 865 3493 visum
878 3430 945 3507 est,
962 3421 1066 3520 quod
1078 3421 1256 3499 immanet

176 3519 318 3596 dolores
334 3524 533 3624 aliquando
549 3537 692 3614 necant,
708 3538 748 3602 et
763 3531 975 3606 moribundi
995 3554 1092 3631 sape
1118 3536 1256 3633 agitau-

175 3639 238 3704 tur
254 3635 429 3724 multum,
455 3650 494 3712 et
518 3639 700 3729 anhelant,
726 3651 765 3717 et
788 3654 956 3743 gemunt,
982 3654 1020 3719 et
1045 3647 1255 3723 convellun-

174 3751 247 3831 tur,
263 3769 339 3819 non
356 3773 459 3825 secus
475 3775 517 3827 ac
533 3753 657 3827 miseri
672 3755 845 3850 gravibus
861 3755 1048 3833 doloribus
1065 3760 1229 3835 muciati

222 3875 518 3938 ncccxxxnvn.
544 3866 795 3940 Nihilominus
814 3892 902 3942 vero
910 3879 956 3942 -et
971 3870 1066 3945 ratio
1081 3880 1122 3945 et
1138 3872 1254 3947 obser·

171 3969 274 4042 vatio
289 3973 375 4047 satis
392 3976 702 4066 demonstrarunt,
728 3977 875 4055 nullum
891 4006 1057 4080 unquam
1084 4006 1164 4058 esse
1180 4007 1253 4057 ruo·

172 4080 292 4157 riendi
308 4108 468 4174 sensum,
485 4113 684 4188 causasque
700 4090 911 4188 quaevitam
927 4095 1155 4192 extinguant
1166 4095 1251 4169 tales

172 4215 267 4292 saepe
283 4220 369 4286 esse,
387 4200 512 4297 quales
529 4224 650 4301 neque
660 4201 820 4278 dolorem
834 4228 957 4306 neque
969 4230 1119 4285 sensum
1134 4207 1249 4283 tdlum
