2694 4792
122 305 194 381 478
498 302 748 364 contenenda
955 294 1052 353 cnl’.
1071 294 1224 351 XXXN.

124 494 271 566 inverso
287 495 394 562 motu
411 482 608 561 ventriculi
624 491 664 557 et
679 476 872 579 superioris
895 476 1018 577 partis
1035 473 1222 562 intestini,

124 604 262 704 partim
280 600 431 674 demum
448 599 601 696 ingente
617 617 792 694 pressura.
817 615 914 690 quae,
939 590 1045 666 111191
1061 613 1218 666 10111111·

127 715 232 802 dum,
260 737 282 786 a
307 723 411 810 septo
432 720 637 785 transverso
653 703 904 803 musculisque
920 701 1139 779 abduninis
1155 729 1216 779 va·

127 825 203 900 lide
218 823 422 911 eontractis,
448 821 622 897 omnibus
637 843 723 918 quae
737 818 778 892 in
793 815 992 892 abdomine
1012 819 1213 892 eontinen-

127 949 191 1012 tur
206 937 371 1037 partibns
388 935 505 1010 datur.

178 1070 468 1126 ucccnxxmx.
498 1045 586 1120 Pari
604 1045 678 1120 fere
701 1042 908 1119 rationein
935 1041 1016 1119 aliia
1042 1042 1212 1120 obstruo

127 1162 292 1238 tionibus
308 1161 491 1236 viseerum
508 1157 723 1245 abdominis,
748 1166 880 1255 praeter
902 1153 983 1231 illna
1008 1179 1097 1255 quae
1113 1181 1210 1232 mor-

126 1275 219 1349 bum
236 1273 382 1373 regium
399 1272 552 1359 faciunt,
577 1268 796 1344 vomitiones
823 1266 1210 1345 dmunttnintndnm

126 1385 238 1462 utiles
253 1385 344 1474 fieri,
369 1383 506 1459 soilioet
531 1406 618 1482 qnae
642 1390 789 1456 motum
813 1379 1006 1481 sanguinis
1032 1380 1089 1456 ibi
1119 1406 1208 1483 sape

125 1496 350 1599 languidum
365 1497 475 1572 variis
491 1496 611 1571 modis
627 1494 727 1569 haud
743 1517 873 1593 pamm
890 1493 1120 1593 expediunt,
1135 1519 1206 1595 par·

126 1619 259 1710 tesque
274 1610 422 1686 affectas
438 1610 553 1709 probe
568 1609 712 1709 agitant
723 1615 762 1682 et
774 1607 947 1682 excitant
1002 1606 1115 1683 Hine
1127 1632 1206 1708 qno

77 1800 83 1809 ,
127 1747 213 1822 que,
241 1723 366 1823 aliqua
382 1721 508 1797 saltem
526 1746 575 1796 ex
592 1729 704 1820 parte,
730 1718 889 1818 pendere
907 1717 1063 1794 videtur
1079 1719 1205 1796 benefi-

126 1837 228 1911 cium
245 1837 346 1913 istud
362 1835 465 1934 quod
484 1834 592 1909 multi
608 1833 697 1931 aegri
709 1830 911 1932 dyrpepsio
923 1840 993 1906 aut
1005 1831 1206 1933 lypochoa

126 1946 249 2023 dodosi
264 1947 469 2021 laborantes
485 1945 533 2018 ab
549 1945 593 2018 iis
610 1944 825 2044 acceperint.
875 1942 940 2018 De
952 1960 1029 2020 nau
1042 1946 1205 2022 vomitio

125 2080 220 2131 num
246 2057 294 2130 ad
322 2056 549 2155 rumpendos
575 2057 760 2132 abscessus
783 2057 824 2131 in
851 2065 1023 2157 gutture,
1050 2068 1121 2135 aut
1135 2059 1205 2160 pul·

124 2191 247 2256 mone,
272 2178 339 2242 aut
352 2167 574 2257 ventriculo,
592 2172 656 2244 dre.
674 2168 741 2244 vix
757 2192 851 2268 opus
867 2179 923 2245 est
938 2171 1061 2246 verba
1076 2172 1209 2258 fatum

124 2303 200 2355 non
218 2281 307 2379 quia
323 2280 483 2355 dubium
501 2282 547 2356 sit
565 2306 624 2356 eas
640 2281 681 2356 id
697 2306 793 2383 aaepe
809 2306 886 2357 esse
910 2283 1126 2374 effectum,
1148 2288 1205 2360 adt

125 2392 340 2467 incredibile
355 2393 456 2467 idem
473 2416 560 2468 oum
584 2394 690 2469 feline
715 2405 855 2470 eventu
878 2396 1079 2472 interdum
1105 2398 1207 2475 fuine

125 2504 311 2593 effectum,
340 2504 405 2580 sed
434 2506 521 2605 quia
544 2505 724 2581 rarissima
748 2508 823 2582 sint
847 2507 1023 2609 exempla
1055 2511 1123 2587 ubi
1150 2507 1205 2586 tali

125 2641 219 2717 opus
230 2629 286 2692 est
296 2617 447 2706 auxilio,
460 2629 499 2692 et
511 2619 644 2694 rariora
655 2619 787 2709 adhue,
799 2620 838 2693 in
852 2621 993 2721 quibus
1005 2623 1206 2699 remedium

125 2730 217 2804 adeo
246 2753 417 2830 aspemm
433 2742 471 2805 et
488 2730 735 2830 periculosum
751 2733 921 2833 experiri,
938 2743 1008 2810 aut
1024 2737 1205 2823 convenit,

125 2850 192 2915 aut
207 2841 317 2927 licet;
342 2843 520 2917 nimirum
538 2843 640 2942 quod
657 2867 732 2919 non
759 2845 872 2920 modo
900 2845 1112 2924 absoesurm
1135 2873 1203 2947 qua

127 2976 202 3027 non
221 2963 407 3054 oporteret
422 2981 595 3056 rumpere
622 2968 756 3058 posset,
781 2958 846 3033 sed
874 2983 1023 3060 aegrum
1048 2960 1204 3046 forsitmr.

125 3067 328 3165 praesertim
345 3068 571 3158 debiliorem,
597 3073 721 3146 statim
739 3071 926 3148 suffodere.

142 3230 145 3235 ·
175 3201 348 3255 mcccxc.
378 3181 611 3259 Vomitiones
626 3196 753 3260 autem
769 3208 846 3260 non
862 3186 980 3263 modo
1006 3211 1077 3288 per
1102 3185 1209 3262 abdo-

126 3314 214 3366 men
239 3294 429 3392 sanguinis
458 3308 603 3372 motum
632 3310 852 3397 promovent
882 3300 1047 3401 ejusque
1075 3302 1209 3376 vinnm

127 3404 331 3494 stimulant,
357 3406 422 3480 sed
439 3417 560 3482 totum
573 3434 701 3510 genus
717 3434 914 3490 neruoram
930 3416 1211 3514 quodammodo

126 3515 302 3604 excitant,
318 3527 357 3591 et
373 3520 506 3617 partim
525 3521 595 3596 hoc
610 3525 773 3614 stimulo,
795 3527 930 3626 partim
948 3530 1104 3629 magnis
1119 3532 1211 3606 nixi·

126 3623 196 3698 bus
213 3636 252 3700 et
267 3626 531 3726 agitationibus
548 3659 639 3733 quas
661 3637 839 3726 efficiunt,
864 3637 995 3738 pulsus
1024 3642 1212 3732 festinant,

126 3748 351 3838 motumque
370 3746 559 3845 sanguinis
589 3773 656 3848 per
682 3759 809 3826 totum
835 3776 969 3851 corpus
996 3755 1214 3845 accelermt,

126 3860 167 3923 et
183 3851 295 3927 simul
311 3856 488 3954 aequalem
507 3860 587 3958 ejus
599 3862 898 3939 distributionem
915 3888 1014 3965 saepe
1032 3868 1215 3954 efficiunt,

127 3965 381 4060 congestiones
413 3982 480 4046 aut
516 3973 792 4051 distributiones
827 3977 1024 4053 abnormes
1063 3980 1213 4067 tollunt,

128 4075 321 4176 variasque
348 4084 564 4161 secretiones
591 4097 630 4161 et
658 4089 897 4178 excretiones,
921 4094 1136 4189 praesertim
1160 4118 1214 4168 su·

128 4183 255 4262 dorem
272 4200 339 4267 aut
353 4191 625 4274 exhalationem
654 4222 722 4300 per
748 4213 885 4292 eutem,
910 4216 1155 4304 promovent,
1179 4214 1214 4279 et
