2678 4794
115 321 202 376 cnr.
218 318 321 373 xnn.
396 312 913 374 uumcmurnaonamca.
1121 310 1196 388 575

116 496 310 596 peritatem
326 515 469 569 vermes
497 493 630 568 laedere
653 493 715 569 vel
742 494 898 569 lacerare
925 494 1198 590 existimantur,

116 610 363 683 laudatissima
380 616 477 693 sunt,
503 606 626 705 pulvis
643 607 777 694 stanni,
806 618 874 681 aut
890 608 1014 680 stanni
1030 620 1096 683 aut
1112 612 1198 686 ferri

116 721 228 808 scobs,
246 730 311 793 aut
328 719 450 817 pulvis
466 714 656 792 corallinoe
670 718 838 804 crassi0r;
865 721 1002 817 quibus
1019 746 1197 798 annume-

115 855 193 905 rare
210 841 354 931 oportet
371 829 578 904 remedium
590 855 710 931 nuper
720 831 915 928 jactatum,
933 833 1099 933 cmrltcge
1114 837 1199 911 vul·

114 969 164 1039 go
181 945 335 1029 dictum,
353 950 565 1015 tomentum
579 943 725 1032 scilicet,
742 944 802 1018 vel
813 947 938 1043 potius
948 947 1098 1043 spiculae
1110 973 1198 1046 quae

112 1067 281 1129 crescunt
299 1078 409 1152 super
424 1054 573 1151 siliquas
590 1054 724 1128 arboris
741 1055 935 1154 cujusdam
945 1058 1197 1137 Jamoicerun

87 1208 98 1231 ·
114 1192 198 1263 quae
214 1165 374 1241 dolichos
378 1166 571 1271 pruriens
591 1176 753 1239 vocatur.
805 1168 942 1242 Fertur
958 1169 1071 1244 etiam
1089 1172 1196 1247 sabu·

113 1277 194 1352 lum
206 1279 543 1363 communeeodem
556 1278 707 1358 oonsilio
717 1276 870 1352 feliciter
881 1281 1071 1356 interdum
1085 1283 1197 1358 fuisse

114 1390 255 1464 datum.
311 1390 396 1464 Non
412 1391 548 1465 desunt
564 1401 690 1463 tamen
704 1390 769 1487 qui
782 1391 991 1487 opinantur,
1009 1405 1196 1484 stannum,

112 1512 151 1574 et
168 1502 321 1599 quidem
338 1503 476 1578 ferrum
493 1505 616 1590 etiam,
641 1501 846 1601 liquoribus
874 1503 1071 1577 ventriculi
1100 1507 1196 1581 solu·

112 1625 208 1700 turn,
245 1616 433 1690 vermibus
462 1617 585 1714 potius
613 1639 757 1689 veneno
786 1637 885 1699 esse;
923 1638 1011 1691 nam
1039 1615 1196 1715 culpabas
1265 1626 1269 1637 '

112 1727 194 1798 ferri
213 1727 291 1824 ipse
307 1727 480 1802 adversus
497 1754 559 1802 eos
576 1752 672 1826 saepe
689 1726 797 1800 (latus
822 1737 888 1812 est,
914 1736 953 1799 et
969 1752 991 1799 a
1007 1728 1195 1802 nonnullis

111 1833 280 1912 laudatus
294 1868 302 1924 ;
329 1851 368 1913 et
385 1851 560 1914 stannum
572 1864 773 1914 commune
782 1840 992 1937 portionem
1005 1841 1104 1915 haud
1117 1841 1195 1914 exi·

110 1972 222 2045 guam
239 1947 392 2022 arsenici
408 1953 448 2021 iu
466 1975 504 2022 se
519 1953 698 2025 continet.

162 2079 371 2131 nncxxxr.
399 2059 672 2132 Medicamenta
699 2086 787 2136 vero
817 2064 919 2160 quod
946 2063 1082 2140 attinet
1109 2091 1195 2163 quae

111 2169 301 2243 vermibus
318 2193 462 2244 veneno
477 2194 555 2243 esse
572 2171 782 2243 existimata
794 2182 893 2257 sunt,
911 2195 1046 2271 eosque
1063 2177 1194 2252 saltem

109 2280 295 2355 infirmare
312 2293 351 2355 et
368 2282 613 2380 stupefacere;
639 2281 834 2353 innumera
860 2280 934 2353 fere
959 2286 1069 2357 variis
1099 2298 1195 2360 tem.

108 2397 262 2496 poribus
281 2393 420 2491 prolata
437 2402 534 2480 sunt,
561 2418 646 2490 quae
673 2414 794 2489 neque
821 2391 985 2465 adhiberi
1002 2418 1124 2490 neque
1140 2420 1196 2470 re-

108 2508 247 2582 censeri
263 2516 464 2592 merentur,
481 2515 613 2602 utpote
630 2528 715 2600 quae
742 2526 868 2577 revera
883 2503 1002 2578 nullas
1019 2506 1114 2579 vires
1131 2507 1194 2582 ha·

109 2617 221 2704 bent;
248 2617 366 2691 veluti
384 2617 488 2689 radix
499 2615 696 2715 polypodii
711 2614 816 2688 filicis
833 2617 953 2704 maris,
970 2641 1056 2715 quae
1072 2642 1193 2716 nuper

108 2731 148 2804 in
167 2754 277 2805 usum
294 2739 460 2803 revocata
485 2738 541 2803 est
570 2739 609 2800 et
639 2728 786 2826 egregie
811 2727 968 2815 laudata,
994 2740 1192 2828 postquam

20 2905 23 2911 .
108 2843 175 2917 diu
193 2853 231 2914 ct
248 2842 381 2913 merito
398 2841 526 2913 fuisset
537 2838 705 2937 neglecta
719 2868 727 2925 ;
753 2839 933 2937 quicquid
949 2841 1049 2915 enim
1062 2842 1192 2933 abillo,

106 2967 146 3028 et
163 2954 291 3030 multis
307 2953 500 3039 similibus,
518 2951 687 3025 beneficii
704 2962 920 3049 perceptum
937 2952 1049 3026 fuisse
1066 2956 1191 3030 visum

106 3075 172 3152 est,
200 3065 278 3140 aliis
296 3075 334 3138 et
352 3064 473 3141 multo
490 3063 754 3139 efficacioribus
771 3064 1049 3138 medicamentis
1067 3065 1190 3156 simul,

106 3176 167 3251 vel
183 3176 293 3274 paulo
309 3189 403 3275 post,
427 3177 613 3265 adhibitis,
639 3175 747 3274 plane
764 3176 1006 3251 tribuendum
1024 3189 1089 3252 est.

157 3310 372 3362 nncxxxn.
391 3289 654 3364 Efficacissima
671 3288 783 3387 hujus
799 3289 943 3387 generis
957 3292 1188 3390 (ccccxxxi)

105 3400 375 3473 medicamenta
391 3410 480 3473 sunt
510 3401 693 3498 (quamvis
720 3401 884 3476 multum
914 3400 1009 3476 absit
1037 3412 1082 3474 ut
1110 3394 1189 3478 haec

104 3513 218 3586 etiam
253 3509 481 3584 medicorum
515 3535 618 3607 spem
652 3535 845 3610 nunquam
871 3512 1024 3612 fallant),
1060 3528 1188 3590 cortex

107 3621 306 3722 Geqffroeoe
327 3622 487 3706 inermis,
513 3622 619 3695 radix
645 3623 814 3723 spigeliae
840 3625 1123 3713 Marilcndicae,
1148 3638 1187 3702 et

104 3737 221 3811 multa
248 3758 400 3834 quoque
429 3757 561 3816 amara,
586 3733 673 3807 folia
701 3736 901 3812 artemisiae
929 3740 1093 3812 abrotani
1120 3749 1186 3813 aut

105 3847 303 3924 artemisio⁹
316 3845 501 3932 absinthii,
519 3846 605 3919 solia
622 3857 660 3920 et
677 3849 816 3921 semina
834 3851 997 3926 tanaceti
1014 3849 1186 3947 vulgaris,

105 3984 228 4032 semen
247 3958 448 4036 artemisiae
463 3956 677 4046 santonicis,
703 3959 810 4034 flores
829 3960 974 4037 humuli
990 3959 1122 4058 lupuli,
1147 3977 1186 4040 et

104 4071 210 4144 flores
227 4082 266 4146 et
281 4073 366 4146 folia
379 4071 566 4171 amygdali
579 4073 726 4169 persicae
739 4102 748 4158 ;
774 4083 812 4147 et
824 4074 1001 4148 metallica
1015 4073 1186 4169 quaedam

106 4184 381 4272 medicamenta,
405 4186 607 4285 praesertim
626 4210 672 4261 ex
691 4205 844 4285 argento
860 4187 948 4264 vivo
965 4202 1098 4284 parata,
1124 4213 1186 4262 ve-
