2678 4794
137 234 225 290 CAP.
242 232 331 289 x1x.
415 231 635 290 MEDICINAE
653 232 941 292 THEORETICAE·
1140 223 1212 299 199

133 409 216 498 bus,
232 420 299 487 aut
313 416 397 484 aere
411 420 479 486 aut
493 411 632 487 vestitu
644 412 822 501 calidiore,
839 410 899 486 vel
911 410 1045 488 sudore
1060 413 1212 488 demum

129 534 208 599 arte
222 524 394 599 excitato.

177 658 333 711 ncnxv.
350 635 471 710 Nocet
481 636 644 712 multum
655 636 729 712 alvi
745 635 881 724 fluxus,
898 637 1214 736 impeditoimpri-

127 748 199 823 mis
223 748 457 822 nutrimento
481 749 640 847 corporis
663 749 712 823 ob
737 773 886 847 pravam
912 750 984 823 cibi
1012 751 1214 824 concoctio·

126 884 215 935 nem
241 866 344 953 (nam
362 861 588 936 ventriculus
616 861 692 935 fere
713 859 876 957 laborat),
903 885 1134 961 massamque
1148 862 1219 935 ali·

128 985 340 1049 mentorum
368 982 443 1047 tam
469 972 592 1046 subito
627 996 692 1071 per
717 973 852 1047 viscera
876 983 1139 1061 transeuntem,
1169 984 1214 1048 ut

127 1108 252 1185 neque
267 1086 448 1184 concoqui
464 1086 589 1184 possit,
601 1109 729 1184 neque
744 1085 1016 1160 nutrimentum
1031 1110 1079 1159 ex
1096 1108 1214 1183 eaper

129 1220 220 1271 rasa
235 1195 350 1273 lactea
367 1198 437 1272 rite
454 1198 600 1284 sorberi,
619 1198 717 1270 utin
735 1197 951 1295 sanguinem
969 1199 1174 1296 recipiatur.

182 1330 341 1385 ncuxvr.
366 1310 488 1383 Nocet
504 1319 681 1409 praeterea
696 1308 895 1385 vehemens
920 1311 1129 1385 istiusmodi
1146 1335 1209 1385 ex·

130 1419 294 1507 inanitio,
330 1422 510 1496 exhausto
545 1421 682 1497 scilicet
706 1445 855 1520 corpore
884 1420 1079 1519 profluvio,
1109 1423 1212 1522 quod

108 1536 113 1541 '
129 1530 290 1609 multum
307 1535 471 1609 materiae
486 1533 685 1635 nutrientis
701 1558 723 1607 e
738 1533 917 1632 sanguine
934 1532 1123 1619 detrahat;
1148 1559 1211 1609 ne·

127 1668 202 1743 que
217 1642 384 1744 profecto
401 1646 475 1719 sola
491 1645 749 1721 alimentorum
767 1670 883 1719 massa
900 1645 1009 1719 citius
1027 1645 1131 1742 justo
1148 1670 1211 1719 ex·

126 1757 301 1845 cernitur,
318 1757 382 1831 sed
399 1781 533 1856 magna
549 1757 660 1832 simul
676 1758 781 1858 copia
797 1758 998 1832 humorum
1016 1757 1137 1854 quiin
1156 1758 1210 1831 in·

126 1867 270 1942 testinis
287 1878 536 1943 secernuntur.
587 1870 692 1957 Quin
717 1879 756 1943 et
781 1880 904 1945 totum
921 1891 1052 1966 corpus
1069 1869 1211 1944 intesti-

127 2000 259 2055 norum
278 1980 507 2054 debilitatem
525 1982 628 2054 brevi
645 1983 848 2082 participat.

172 2114 359 2169 ncnxvn.
386 2092 605 2192 Aliquando
620 2093 694 2167 alvi
710 2093 836 2171 fluxus
858 2095 1056 2169 vehemens
1073 2109 1112 2170 et
1128 2096 1209 2169 diu-

129 2212 259 2280 turnus
284 2230 329 2279 eo
346 2230 465 2305 usque
488 2207 719 2305 ingravescit,
742 2215 787 2281 ut
803 2207 875 2280 cibi
892 2232 1022 2304 parum
1040 2207 1100 2278 vel
1117 2205 1210 2279 nihil

127 2317 260 2392 mutati
277 2342 491 2416 percorpus
508 2330 716 2392 transeant:
744 2319 847 2416 quod
860 2318 946 2390 mali
964 2342 1082 2415 genus
1095 2316 1210 2391 Licu-

129 2428 220 2504 teria
237 2441 401 2504 vocatur.
453 2431 748 2527 Nonnunquam,
765 2428 936 2527 quamvis
953 2453 1044 2516 raro,
1061 2454 1083 2500 a
1099 2429 1210 2502 simili

128 2560 240 2629 causa,
262 2540 322 2614 vel
341 2543 387 2616 ab
402 2542 598 2617 obstructis
617 2539 818 2641 glandulis
840 2540 1088 2619 nacsentcricis
1117 2540 1209 2615 aliis·

125 2674 194 2751 que
210 2653 282 2727 viis
299 2654 435 2752 quibus
462 2655 501 2727 in
532 2655 751 2754 sanguinem
769 2654 855 2740 itur,
883 2652 1013 2752 odylus
1038 2655 1127 2751 ipse,
1152 2655 1207 2726 in-

126 2774 195 2839 star
222 2764 338 2852 lactis,
366 2790 451 2840 cum
482 2777 638 2842 stercore
667 2767 888 2841 excernitur.
954 2766 1101 2841 Malum
1139 2766 1209 2840 hoc

97 2878 103 2893 '
124 2872 248 2952 fluxus
267 2877 447 2954 &linctu
465 2890 628 2954 vocatur.

173 3009 368 3065 nenxv111.
397 2991 552 3066 Morbus
569 3001 626 3067 cst
650 2993 711 3067 cui
727 3017 862 3067 nomen
886 2992 1122 3091 Dyccuterc'a
1139 2993 1207 3065 im-

125 3099 286 3197 ponitur,
311 3101 376 3176 ubi
393 3101 445 3175 im
452 3104 569 3176 mania
586 3105 742 3178 tormina
759 3106 897 3180 ventris
914 3123 1059 3203 urgent,
1085 3117 1124 3177 et
1140 3105 1208 3175 fre-

125 3234 241 3309 quens
264 3212 455 3288 desidendi
481 3215 662 3314 cupiditas
686 3217 799 3305 adest,
837 3227 876 3291 et
900 3226 1052 3289 conatus
1082 3217 1208 3289 inanes

123 3320 230 3411 fiunt,
254 3327 321 3423 qui
338 3324 431 3398 nihil
449 3325 523 3399 fere
541 3338 672 3426 praeter
688 3331 945 3404 intestinorum
966 3352 1130 3412 mucum,
1147 3327 1208 3402 vel

123 3435 331 3532 pauxillum
362 3439 560 3537 sanguinis,
588 3452 812 3528 excernunt;
843 3444 979 3538 magna
1007 3439 1207 3526 debilitate,

124 3556 158 3619 et
173 3573 273 3647 saepe
301 3550 509 3646 putredine,
536 3561 575 3625 et
603 3551 702 3625 febre
725 3553 995 3627 comitantibus,
1051 3550 1208 3624 Videtur

124 3661 204 3734 oriri
223 3686 245 3734 a
262 3663 458 3736 constricta
487 3674 590 3760 parte
618 3664 890 3750 intestinorum,
913 3675 951 3738 ct
967 3663 1207 3762 quodammo-

126 3769 169 3844 do
196 3771 438 3861 inflammata,
467 3774 657 3861 inferiore;
691 3800 768 3873 quo
792 3775 837 3849 fit
854 3787 897 3850 ut
914 3776 1006 3863 haec,
1036 3774 1207 3873 quamvis

127 3883 286 3957 multum
304 3886 454 3971 irritata,
472 3886 565 3959 nibil
582 3887 656 3961 fere
672 3889 867 3963 demittere
883 3891 1032 3987 possint.
1074 3887 1208 3980 Neque

130 3990 225 4068 bcile
251 3997 354 4094 prius
381 3997 537 4073 solvitur
554 4000 714 4088 morbus,
741 4026 854 4098 quam
885 4000 1027 4074 idoneis
1051 3995 1206 4070 medica·

132 4110 259 4180 mentis
276 4109 380 4182 alvus
398 4110 510 4206 probe
527 4122 684 4210 purgata
699 4112 819 4187 suerit.

176 4238 334 4295 ncnxnu
360 4222 566 4298 Tenesmus
591 4233 744 4303 vocatur
759 4225 942 4323 frequens,
965 4212 1207 4316 inexplebilis,
