2678 4794
210 397 287 465 332·
629 402 884 463 consessurus
1081 403 1293 459 ennxxvr.

209 585 423 662 substantiis
438 581 724 683 astringentibus
749 578 959 655 eommunis
975 589 1014 654 et
1030 589 1201 655 constans
1225 588 1295 667 est,

209 698 274 774 sed
290 699 430 774 facilius
445 704 485 770 et
499 696 634 771 certius
649 692 781 782 adhue,
809 693 917 793 nigro
933 690 1062 779 oolore,
1079 693 1147 790 qui
1163 693 1296 767 statim

208 810 283 886 fere
312 810 407 885 effici
434 806 536 895 solet,
562 815 608 882 ut
634 805 758 882 herba*
771 807 861 906 ipsa,
886 803 947 879 -vel
976 802 1112 879 infusio
1137 812 1296 878 tantum

207 923 297 1021 ejus,
313 921 503 998 commista
517 919 632 996 fuerit
646 943 735 995 aum
761 915 935 1020 sulpkote
958 914 1042 989 ferri
1059 915 1098 990 in
1120 939 1217 1013 aqua
1235 940 1297 989 so-

208 1035 299 1110 luto.

255 1166 380 1220 arxnv.
398 1143 537 1220 Omnia
564 1145 834 1220 medicamenta
861 1139 1101 1241 astringentis
1127 1163 1214 1237 quae
1243 1163 1291 1215 ex

204 1255 375 1356 frugibus
400 1258 654 1334 desumuntur
678 1258 770 1332 adeo
795 1256 903 1331 mitia
932 1266 970 1329 et
999 1263 1082 1327 tuta
1113 1261 1214 1337 sunt,
1246 1260 1290 1325 ut

203 1368 320 1456 facile,
346 1381 387 1447 et
414 1371 494 1446 sine
522 1369 696 1470 periculo,
723 1368 784 1443 vel
808 1367 945 1466 largius
973 1364 1032 1438 vel
1055 1364 1210 1463 parcius,
1237 1387 1287 1438 sa-

204 1481 373 1557 cundum
390 1482 555 1581 ipsorum
566 1481 765 1568 facultates,
782 1480 830 1554 ab
842 1479 949 1579 aegris
962 1476 1127 1551 devorari
1137 1476 1287 1575 possint,

204 1615 413 1694 eorumque
431 1600 520 1670 usus
535 1593 602 1668 diu
618 1591 835 1667 continuari.

254 1728 402 1782 saxum.
427 1707 491 1781 Ex
516 1705 699 1781 fossilibus
722 1728 873 1803 quoqne
890 1704 998 1777 rebus
1021 1701 1182 1800 plurima
1196 1700 1282 1776 deri·

204 1831 342 1894 vantur
365 1819 634 1895 medicamenta
657 1817 906 1914 astringentis
968 1815 1064 1889 Haeo
1088 1838 1178 1890 vero
1201 1822 1285 1889 sunt

203 1929 262 2003 vel
288 1939 404 2016 teme,
430 1930 489 2004 vel
514 1929 672 2017 metalla,
698 1928 758 2006 vel
782 1930 936 2003 demum
962 1928 1063 2014 sales,
1090 1928 1170 2002 sive
1192 1926 1282 2026 puri,

200 2039 279 2113 sive
295 2041 414 2128 terrei,
432 2044 510 2116 sive
526 2041 709 2116 metallici.
1025 2027 1031 2039 ⁵

250 2173 417 2228 mxnvn.
441 2154 506 2228 Ex
521 2154 627 2229 terris
644 2154 757 2252 puris,
780 2153 952 2253 quamvis
969 2151 1099 2228 multae
1114 2152 1203 2228 olim
1217 2177 1280 2252 pro

200 2264 488 2363 astringentibus
512 2266 685 2341 remediis
708 2276 895 2365 usurpatae
918 2266 1066 2352 fuerint,
1093 2275 1133 2340 et
1150 2290 1172 2340 a
1192 2287 1279 2339 non·

199 2375 311 2451 nullis
328 2377 429 2453 haud
446 2403 577 2478 parum
593 2379 763 2466 laudstoe,
781 2387 904 2453 tamen
921 2378 1043 2452 adhuc
1056 2376 1164 2451 valde
1178 2376 1278 2451 dnbi-

200 2514 265 2565 um
292 2501 347 2566 est
373 2515 465 2567 num
492 2491 579 2567 ullae
593 2515 721 2567 earum
746 2491 857 2567 talem
875 2493 953 2565 vim
971 2491 1141 2564 habeant.
1190 2488 1278 2574 Boli,

199 2613 244 2678 ut
260 2604 383 2679 vocari
400 2605 574 2694 solebant,
600 2629 676 2679 non
701 2615 792 2679 sunt
815 2605 1065 2703 astringentes,
1095 2603 1168 2677 nisi
1192 2601 1278 2676 forte

197 2725 350 2812 propter
374 2717 579 2792 mixturam
605 2716 790 2816 quandam
815 2717 967 2791 aliarum
992 2737 1127 2789 rerum.
1192 2710 1278 2789 Calx

198 2846 286 2896 vero
296 2825 438 2923 aliquid
455 2828 665 2903 istiusmodi
678 2829 737 2902 vis
746 2829 931 2926 possidere
943 2829 1102 2914 videtur,
1119 2849 1280 2927 quocun·

198 2957 273 3030 que
289 2934 442 3010 demum
459 2941 574 3012 inodo
590 2939 807 3036 explioanda
823 2940 892 3025 sit;
919 2941 1096 3038 quoniam
1113 2964 1191 3014 non
1206 2962 1284 3015 mo-

198 3044 247 3118 do
271 3046 309 3118 in
337 3047 425 3121 vivo
449 3073 600 3146 corpore
624 3049 802 3124 effectum
830 3049 992 3149 aliquem
1017 3053 1285 3152 astringentem

195 3167 355 3256 praestat,
372 3157 492 3233 veluti
510 3162 548 3233 in
555 3160 686 3262 fluore
702 3158 795 3249 albo,
810 3161 849 3235 in
867 3188 943 3261 quo
955 3165 1085 3238 morbo
1101 3189 1200 3263 aqua
1214 3162 1282 3240 oal-

196 3270 248 3345 cis
272 3270 443 3371 prodesse
466 3271 545 3346 visa
569 3281 625 3347 est
651 3272 771 3372 (cujus
795 3273 945 3350 fortasse
969 3278 1021 3350 rei
1049 3277 1120 3350 alia
1136 3300 1279 3376 prorsus

195 3384 289 3457 ratio
305 3384 410 3459 reddi
426 3383 566 3483 possit),
583 3409 714 3459 verum
732 3386 844 3461 etiam
861 3389 907 3462 ad
925 3389 1157 3487 depsendurn
1174 3401 1215 3464 et
1228 3390 1280 3465 in·

194 3491 407 3569 durandum
431 3494 571 3570 oorium
597 3499 764 3596 apprime
780 3499 882 3575 utilis
906 3511 983 3588 est3
1010 3501 1081 3576 nisi
1104 3501 1176 3576 hoc
1191 3524 1287 3602 quo·

189 3605 333 3703 quoad
349 3607 526 3682 effectum
541 3608 623 3709 ejus
633 3611 685 3684 ‘in
703 3614 836 3688 cortice
852 3638 994 3713 querno
1010 3623 1131 3689 totum
1149 3615 1280 3690 mans

191 3716 341 3815 plaoeat.
1087 3755 1090 3759 ·

241 3851 423 3906 saxuvm.
462 3833 527 3908 Ex
564 3835 721 3911 metallis
746 3847 916 3935 quatuor,
949 3863 1108 3938 eupmm
1133 3839 1279 3927 seilicet,¹

190 3940 403 4041 plumbum,
421 3944 577 4035 rismum,
602 3957 642 4023 et
665 3948 814 4038 semum,
837 3975 904 4050 pro
920 3952 1211 4054 astringentibus
1225 3974 1278 4026 rs·

189 4054 322 4131 mediis
347 4069 594 4156 usurpantur;
621 4087 781 4161 quorum
797 4064 918 4161 priora
934 4064 1012 4139 duo
1026 4065 1120 4139 adeo
1135 4065 1277 4165 perion-

187 4167 263 4244 losa
279 4178 318 4244 et
334 4168 410 4243 fere
427 4183 608 4248 venenata
622 4175 801 4263 existunt,
827 4185 871 4250 ut
895 4199 1089 4276 nunquam
1107 4178 1155 4253 ab
1171 4177 1276 4279 aegris

188 4281 357 4361 devorari
392 4282 561 4373 debeant,
598 4287 671 4363 nisi
707 4288 957 4367 minutissima
982 4291 1206 4390 quantitate,
1239 4294 1276 4364 et
