2678 4794
152 392 240 448 CAP.
257 391 403 448 XXXIX.
454 391 674 448 MEDICINAE
692 392 979 450 THEORETICAE·
1060 348 1070 367 ο
1123 376 1223 448 ·533
1335 379 1338 384 ’

147 573 357 669 posteriore,
377 565 501 670 'primo
517 572 705 670 inceperit,
726 580 849 646 tamen
868 571 947 668 ipse
962 566 1144 642 mensium
1162 567 1222 640 de·

145 681 264 758 fectus
280 682 435 759 altemm
452 683 554 758 haud
570 708 650 757 raro
666 682 812 770 efficiet,
841 682 942 757 unde
967 680 1116 755 morbus
1140 703 1219 779 gra·

145 794 236 882 vior,
262 795 482 883 diuturnior,
508 806 635 869 sanatu
653 794 843 870 diffieilior.

194 928 322 982 nrnxn.
355 908 405 995 Si,
434 917 585 1005 propter
600 931 748 1005 pravam
765 908 862 982 uteri
878 905 938 980 vel
954 905 1098 1004 vaginae
1113 903 1220 980 fabri·

139 1041 232 1113 oam,
248 1020 365 1101 siveu
381 1029 513 1092 natura
529 1019 740 1108 derivatam,
759 1020 837 1095 sive
852 1018 982 1095 morbo
998 1027 1218 1116 corruptam,

139 1131 289 1228 sanguis
306 1128 365 1202 vel
382 1130 422 1202 in
438 1128 546 1205 illum
563 1130 722 1229 exprimi
738 1130 798 1206 vel
822 1142 889 1232 per
913 1130 1007 1205 banc
1033 1129 1127 1204 elabi
1156 1152 1222 1202 ne-

77 1298 78 1302 *
138 1250 264 1340 queat,
299 1241 507 1339 cujusmodi
534 1241 636 1341 apud
664 1241 815 1316 idoneos
840 1254 1005 1318 auctores
1029 1239 1217 1328 nonnulla,

113 1398 118 1407 ι
137 1351 309 1450 quamvis
325 1353 515 1441 rarissima,
539 1362 671 1428 extant
686 1353 867 1455 exempla,
892 1356 1124 1454 perspicuum
1150 1362 1217 1441 est,

138 1461 212 1536 tale
227 1464 540 1563 impedimentum
557 1464 615 1540 vel
632 1465 709 1540 sola
738 1466 921 1565 chirurgia
951 1489 1027 1540 esse
1055 1489 1218 1540 summo·

137 1575 314 1663 vendum,
339 1575 400 1650 vel
428 1577 599 1652 morbum
628 1578 783 1652 omnino
810 1575 1050 1652 insanabilem
1065 1576 1153 1664 fore,
1177 1586 1217 1651 et

134 1687 261 1761 omnia
277 1688 463 1764 duntaxat
474 1690 740 1767 medicamenta
751 1691 798 1765 ad
811 1688 1063 1790 provooandos
1076 1712 1216 1764 menses

135 1797 272 1874 frustra
287 1800 499 1876 adhibitum
515 1802 571 1876 iri.

186 1932 332 1986 nunni.
358 1914 472 2000 Quod
494 1915 524 1987 si
551 1937 691 1989 menses
709 1915 769 2007 (ut
785 1937 881 2012 saepe
898 1911 1042 2011 solent),
1067 1923 1216 2014 propter

134 2022 443 2120 impedimentum
457 2024 580 2098 multo
596 2025 725 2110 levius,
742 2034 781 2100 et
797 2023 945 2100 sublatu
962 2023 1114 2114 facilius,
1131 2025 1215 2099 sub

134 2132 308 2222 stiterint,
333 2132 451 2208 veluti
466 2133 579 2209 nimis
595 2144 730 2210 aretam
747 2160 919 2210 vasorum
936 2147 975 2209 et
991 2138 1214 2212 foraminum

134 2244 232 2318 uteri
249 2246 548 2333 oontraotionem,
566 2269 630 2320 seu
645 2266 844 2345 spasmum
868 2245 1013 2344 frigore,
1028 2246 1096 2325 tut
1110 2250 1214 2347 gravi

132 2357 249 2432 animi
265 2357 412 2447 affeetu,
428 2365 495 2433 aut
510 2356 621 2448 febre,
637 2359 701 2432 &o
718 2354 916 2432 inductum
930 2385 940 2443 ς
965 2356 1025 2431 vel
1042 2358 1083 2445 si,
1104 2383 1214 2457 pmp-
1285 2402 1289 2410 ι

132 2477 190 2542 ter
215 2469 424 2569 generalem
457 2471 616 2570 oorporis
649 2468 916 2556 infirmitatem,
949 2471 1214 2568 sanguinisque

133 2581 315 2680 imprimis
332 2593 479 2656 motum
505 2583 615 2656 nimis
642 2580 875 2681 languidum,
904 2603 1047 2655 menses
1074 2580 1212 2655 defeoe-

132 2691 227 2777 n'nt;
264 2693 324 2767 vel
353 2695 393 2781 si,
431 2704 581 2795 propter
602 2694 793 2768 abnormes
822 2691 908 2766 alias
937 2701 1058 2791 partes
1086 2717 1213 2768 versus

132 2804 320 2903 sanguinis
348 2805 603 2894 derivationes,
627 2805 689 2879 bio
716 2805 859 2879 minore
883 2829 995 2903 quam
1024 2831 1091 2904 par
1117 2816 1211 2880 esset
1252 2853 1256 2862 ·

130 2913 278 3014 impetu
305 2926 344 2992 et
367 2919 578 3016 quantitate
593 2917 640 2991 ad
656 2927 808 2992 uterum
824 2915 935 2992 fuerit
960 2915 1125 3004 delatus3
1149 2916 1210 3019 vel

131 3028 172 3114 si,
196 3052 263 3127 per
290 3029 513 3105 diuturnum
542 3029 728 3104 mensium
758 3028 960 3116 defectum,
983 3053 1070 3103 vasa
1096 3024 1211 3129 atque

129 3139 306 3215 foramina
321 3142 417 3215 uteri
434 3140 612 3240 paulatim
644 3151 823 3217 coarctata
851 3150 891 3216 et
917 3165 1013 3240 pene
1041 3142 1211 3237 oonolusa

128 3251 289 3339 fuerint3
314 3252 375 3327 vel
391 3253 555 3342 demum,
573 3256 614 3342 si,
630 3253 735 3328 nullo
750 3254 839 3328 dato
854 3277 920 3352 per
936 3263 1085 3328 uterum
1102 3253 1209 3327 exitu

129 3366 301 3463 sanguini
318 3363 370 3437 illi
388 3364 453 3463 qui
470 3365 656 3439 debuisset
672 3365 826 3453 effundi,
852 3374 933 3440 toto
948 3376 1098 3464 corpote
1115 3363 1209 3438 mul-

128 3487 213 3550 tum
231 3477 420 3550 turbatum
439 3475 561 3564 suerit,
587 3487 626 3551 et
653 3479 791 3552 nimius
819 3477 1002 3576 imprimis
1019 3476 1208 3576 sanguinis

127 3589 302 3686 impetus,
319 3588 561 3686 ejusdemque
571 3588 847 3663 distributiones
858 3589 1048 3679 morbosae,
1061 3586 1207 3664 lumbo-

127 3724 299 3798 rumque,
316 3709 355 3772 et
367 3700 516 3786 ventris,
534 3709 572 3772 et
589 3700 716 3796 eapitis
733 3699 886 3787 dolores,
902 3711 941 3775 et
952 3692 1206 3779 odnulsiones

127 3811 334 3908 hystoricae,
354 3815 415 3884 &o
434 3810 642 3897 acciderint,
659 3823 866 3909 cunctaque
883 3812 1031 3886 tandem
1046 3810 1206 3908 corporis

126 3947 283 3996 munera
298 3923 478 4023 impedita
494 3921 554 3997 vel
579 3921 663 3996 laesa
684 3921 846 4008 fuerint3
872 3932 955 3998 tum
972 3922 1081 4022 plane
1097 3920 1206 3996 variis

123 4035 372 4110 remediorum
383 4035 578 4136 generibus
592 4035 662 4110 erit
673 4033 785 4125 loeus,
794 4033 913 4110 veluti
924 4030 1205 4121 emollientibus,

123 4147 407 4235 infirmantibus,
444 4146 730 4236 stimulantibus,
766 4147 988 4234 sedantibus,
1013 4142 1203 4244 anodynis,

123 4257 457 4359 antispaarnodiois,
474 4261 659 4360 variisque
676 4260 829 4348 demum
847 4253 1118 4345 evacuantibus.
