2678 4794
162 371 235 448 368
576 358 836 434 consracrus
1057 373 1156 429 car.
1175 374 1271 432 xm.

169 589 253 667 pars
269 562 331 639 eui
344 556 607 636 armannum
622 553 828 654 imponitur
850 558 959 627 antea
987 549 1119 650 aliquo
1147 552 1267 628 modo

125 750 127 754 ,
171 701 262 753 caesa
278 674 409 760 suerat,
434 671 552 746 veluti
580 692 668 744 cum
697 674 782 766 post
810 664 1059 740 cucurbitulas
1075 676 1266 754 cruentas,

173 798 241 864 aut
257 788 368 887 capiti
385 809 505 884 nuper
520 808 599 857 raso
615 791 655 857 et
671 778 852 855 novacula
868 777 1105 879 aliquantum
1134 779 1266 856 lanera-

175 910 228 988 to,
254 897 474 977 vericatnrr'a
491 898 747 995 imponuntur.
798 892 866 967 Fit
889 916 1040 992 quoque
1066 891 1263 967 interdum

175 1013 393 1112 stranguria,
431 1018 517 1084 cute
545 1007 648 1105 prius
675 1005 873 1093 sanissima,
898 1015 1049 1105 propter
1077 1029 1123 1079 ea
1151 1005 1262 1081 nimis

174 1125 243 1201 diu
260 1148 370 1223 super
385 1121 486 1196 illam
503 1118 639 1205 relicta,
664 1119 856 1216 ipsamque
879 1141 975 1217 pene
998 1117 1258 1192 exulcerantia

150 1291 153 1299 -
175 1236 424 1334 Quapropter,¹
439 1232 504 1308 ubi
521 1230 601 1306 fieri
619 1240 750 1329 potest,
775 1240 887 1329 eaput
916 1229 1036 1329 pridie
1052 1229 1272 1312 radendum

173 1358 231 1422 est
247 1371 360 1444 quam
378 1342 638 1422 vesicatmiam
665 1343 699 1416 ei
725 1342 950 1442 imponatur,
974 1350 1015 1416 et
1029 1342 1257 1430 cimtriculae,

173 1459 288 1557 siquae
305 1459 390 1546 sint,
415 1470 454 1532 et
471 1455 624 1531 vulnera
640 1452 893 1553 scalpellorum
918 1455 958 1528 in
986 1452 1067 1529 aliis
1093 1455 1256 1554 partibus

173 1572 311 1669 quibus
328 1569 569 1647 cucurbitulae
585 1577 747 1643 cruentae
764 1568 865 1665 prius
883 1567 1042 1642 admotae
1057 1576 1182 1654 erunt,
1205 1589 1255 1640 se·

174 1683 265 1758 dulo
278 1683 437 1783 tegenda
446 1693 545 1770 sunt,
561 1692 606 1756 ut
617 1706 640 1755 a
651 1678 764 1756 neela&
772 1677 990 1756 varicatoria
999 1678 1254 1753 defendantur.

110 1800 114 1807 '
173 1794 260 1882 Prae
271 1796 445 1872 omnibus
458 1820 542 1870 vero
552 1795 756 1869 curandum
770 1801 815 1865 ut
828 1791 1050 1890 tempestive
1061 1816 1255 1866 amovean-

173 1916 258 1992 tur;
283 1909 504 2005 plerumque
520 1907 621 1979 enim
638 1903 826 1978 maximus
842 1928 972 1983 eorum
998 1929 1091 1980 usus
1114 1905 1254 1979 obtine·

172 2017 283 2103 bitur,
308 2020 338 2091 si
356 2017 468 2090 modo
485 2014 815 2090 inflammationem
833 2017 1033 2105 effecerint,
1059 2025 1100 2092 et
1115 2019 1253 2092 cuticu-

46 2219 47 2223 ,
171 2127 245 2205 lam
263 2126 498 2227 aliquantum
508 2129 753 2214 elevaverint;
780 2139 819 2205 et
835 2129 956 2204 omnis
971 2154 1058 2229 quae
1075 2154 1185 2230 supra
1201 2136 1254 2204 est

171 2240 338 2330 irritatio,
355 2251 473 2318 nocet.
524 2242 661 2340 Neque
671 2242 824 2316 demum
842 2241 975 2316 inutile
991 2252 1047 2317 est
1065 2244 1172 2318 tenui
1188 2243 1253 2316 lin·

170 2354 270 2431 reolo
286 2354 527 2452 emplastrum
545 2355 668 2452 ipsum
681 2363 815 2452 tegere.
865 2353 1023 2429 Prodest
1040 2379 1191 2456 quoque
1205 2354 1251 2431 ad

169 2467 412 2541 minuendam
430 2467 686 2566 stranguriam,
710 2465 771 2541 vel
787 2467 904 2565 ipsam
921 2491 1018 2566 saepe
1032 2470 1185 2568 penitus
1200 2492 1251 2541 ar-

170 2589 240 2666 uet,
264 2579 324 2654 vel
334 2578 412 2677 jam
430 2589 649 2678 praesentem
679 2590 900 2681 summovet,
925 2590 1060 2680 potum
1091 2581 1250 2680 aliquem

72 2775 76 2781 ¹
169 2688 292 2765 lenem
310 2701 349 2766 et
365 2691 571 2766 diluentem
589 2692 733 2779 bibere;
758 2717 882 2792 neque
894 2718 980 2769 sane
990 2693 1098 2770 valde
1109 2694 1250 2793 eopiosa

168 2802 320 2900 potione
336 2803 558 2903 plerumque
569 2829 663 2902 opus
676 2816 741 2880 est.
779 2806 876 2881 Sunt
885 2806 1024 2905 quibus
1035 2829 1245 2907 persuasum

167 2922 234 3002 est,
251 2913 399 2993 laurum
415 2917 662 3017 rumphaeam,
678 2928 745 2992 aut
753 2916 950 3016 emplastro
960 2919 1162 3004 admistam,
1177 2926 1244 2990 aut

167 3028 305 3123 exigua
320 3029 474 3102 omnino
490 3030 699 3125 quantitate
715 3027 939 3118 devoratam,
963 3056 1079 3131 aegrns
1093 3056 1115 3104 a
1129 3040 1242 3104 stran-

134 3187 138 3192 -
166 3137 273 3237 guria
303 3162 416 3237 quarn
448 3137 561 3215 nene
587 3129 830 3217 vericatarius
857 3143 1024 3243 alioquin
1051 3143 1245 3218 effecturus

166 3261 260 3327 esset
288 3253 429 3352 optime
462 3250 667 3336 defendere.
728 3253 903 3331 Cuticula
930 3281 998 3356 per
1028 3254 1246 3333 vesieatorr'a

164 3361 305 3437 elevata
330 3365 484 3439 minime
512 3363 737 3439 detrahenda
752 3376 819 3455 est,
844 3368 908 3443 sed
924 3369 1167 3469 relinquenda
1182 3367 1244 3441 do-

163 3495 232 3546 nec
247 3485 384 3548 areanat
411 3485 450 3549 et
478 3483 610 3574 sponte
626 3476 782 3568 decidat,
807 3504 904 3556 nova
932 3483 1086 3556 interim
1116 3481 1243 3556 subtus

163 3595 367 3671 crescente3
394 3613 469 3686 quo
485 3587 607 3664 minor
635 3590 702 3665 fiat
729 3594 896 3692 pruritus
913 3594 1093 3683 molestia,
1117 3592 1243 3669 multis

161 3696 324 3796 alioquin
343 3723 439 3797 pene
454 3700 693 3779 intolerabilis
709 3703 836 3782 flaturi.

212 3833 422 3890 srnrxvur.
448 3815 515 3890 Ab
532 3814 602 3892 hoe
617 3816 856 3896 incommodo
884 3826 1037 3918 prorsua'
1060 3817 1244 3894 inmunia

160 3931 250 3997 sarnt
265 3925 523 4025 cataplasmata
538 3953 588 4005 ex
605 3929 723 4029 sinapi
747 3929 830 4005 alba
845 3931 1052 4030 multisque
1067 3931 1149 4006 aliis
1165 3930 1243 4005 her·

159 4032 216 4109 bis
231 4037 385 4126 aeribus,
405 4063 491 4138 quae
507 4041 655 4116 eosdem
672 4042 748 4117 fere
765 4041 938 4118 salutares
954 4043 1111 4119 effeetus
1127 4069 1170 4119 ae
1186 4065 1243 4120 ve·

158 4145 335 4227 elratoria
353 4154 497 4250 (praeter
513 4153 820 4255 exinanitionem)
851 4155 995 4232 efficere
1023 4157 1156 4245 solent,
1185 4157 1244 4231 iis-

157 4262 301 4363 quein
328 4265 459 4346 multia
474 4266 616 4346 nasibus
644 4269 756 4373 longe
784 4279 972 4373 prestant»
995 4279 1132 4375 utP⁰t0
1160 4292 1246 4372 ‘1¹¹⁶
