2678 4794
79 368 168 426 CAP.
187 368 262 421 XX.
341 367 563 422 MEDICINAE
582 366 870 420 THEORETICAE.
945 429 949 440 ¹
1013 443 1014 446 Ἴ
1087 358 1158 432 209
1223 442 1224 445 ¹

72 547 210 623 humor
224 543 440 645 glutinosus,
470 545 537 643 qui
554 543 654 618 varia
681 543 840 642 corporis
856 566 945 616 cava
960 541 1158 632 humectat,

73 662 153 735 sine
170 654 371 758 glandulis
388 667 640 731 secernuntur.
692 655 749 730 Hi
779 655 894 754 igitur
919 656 1089 729 humores
1106 656 1158 728 vi·

72 773 210 846 dentur
233 794 301 869 per
324 770 488 865 minutas
514 769 671 854 arterias,
709 767 769 842 vel
803 768 843 840 in
869 791 957 840 cava
991 769 1159 865 corporis,

72 885 129 960 vel
145 885 188 958 in
203 882 438 982 pulmonem,
462 881 523 955 vel
552 881 591 955 in
609 892 736 955 cutem
766 880 919 967 hiantes,
944 882 1161 979 asanguine

72 995 259 1083 decedere,
285 1005 325 1070 et
340 994 490 1068 sortasse
506 996 654 1081 mutari,
679 993 740 1066 vel
756 995 909 1068 omnino
937 995 1095 1080 formari,
1122 993 1161 1066 vi

71 1109 241 1182 nondum
258 1108 346 1182 satis
362 1106 559 1206 explorata.
610 1106 743 1203 Adeps
773 1106 870 1178 enim
898 1107 1057 1181 sincerus
1082 1107 1159 1193 vix,

67 1242 112 1295 ac
127 1244 179 1294 ne
195 1219 263 1294 vix
279 1220 445 1318 quidem,
472 1220 510 1292 in
528 1220 707 1320 sanguine
724 1220 905 1294 cernitur:
933 1243 1056 1318 neque
1072 1244 1160 1294 cum

68 1355 130 1419 eo,
147 1341 217 1406 aut
230 1332 348 1406 halitu
365 1331 554 1430 glutinoso
571 1355 744 1405 navorum
756 1333 924 1429 corporis,
942 1342 1007 1407 aut
1023 1357 1161 1430 aquoso

66 1445 176 1520 cutis
200 1442 327 1532 halitu,
350 1453 417 1517 aut
441 1444 595 1517 demum
622 1444 763 1529 sudore,
789 1442 850 1529 sal,
886 1445 953 1542 qui
978 1443 1160 1542 plurimus

66 1554 251 1654 anguini
266 1556 370 1644 inest,
388 1558 637 1644 tenuissimus,
661 1565 700 1629 et
716 1555 829 1654 probe
846 1555 998 1644 solutus,
1015 1556 1054 1629 in
1072 1580 1160 1633 sanc

63 1691 230 1767 comore
245 1691 412 1766 unquam
429 1670 615 1742 miscetur.

119 1802 265 1855 neom.
294 1781 373 1855 Nec
399 1779 778 1880 meliusintelligitur
794 1779 981 1878 quomodo
1009 1780 1048 1852 in
1066 1779 1160 1853 veris

50 1889 270 1992 glandulis
285 1894 434 1991 sanguis
448 1893 648 1992 subigatur,
675 1905 850 1980 mutetur,
876 1902 913 1966 et
930 1893 968 1965 in
986 1891 1076 1966 alios
1093 1892 1160 1965 hu-

56 2025 198 2080 mores
212 2015 399 2090 certatum
426 2005 485 2077 vel
502 2006 691 2103 quomodo
707 2005 746 2079 hi
776 2028 887 2079 exeo
916 2013 1161 2093 secernantur,

56 2126 108 2192 et
125 2115 217 2216 puri
232 2116 385 2190 demum
404 2118 592 2214 prodeant.

116 2250 259 2304 neem.
296 2228 427 2302 Varias
462 2230 651 2328 sanguinis
688 2229 735 2301 ad
769 2237 867 2302 certa
889 2251 1025 2328 organa
1049 2231 1161 2306 delati

59 2343 189 2430 dotes,
206 2342 399 2440 variasque
414 2342 674 2441 particularum
693 2340 980 2438 magnitudines,
1004 2352 1041 2415 et
1066 2341 1161 2438 figu-

59 2474 138 2542 ras,
155 2463 198 2528 et
215 2454 425 2541 densitates,
443 2453 634 2527 finxerunt
650 2451 1044 2533 Intro-mctlaemntici5
1073 2453 1162 2524 vari·

57 2588 187 2666 osque
205 2591 293 2664 quae
309 2565 366 2640 his
382 2566 646 2665 responderent
663 2588 883 2663 organorum
897 2576 936 2638 et
948 2550 1161 2637 arteriarum

58 2677 284 2766 densitates,
310 2681 554 2765 attractiones,
593 2688 790 2776 aperturas,
827 2675 973 2774 figuras,
1011 2651 1162 2774 ipsique

59 2813 221 2892 organa,
247 2790 412 2865 colorum
439 2792 562 2877 instar,
597 2790 734 2887 quibus
758 2785 805 2862 ad
830 2788 1032 2887 purganda,
1057 2788 1117 2861 vel
1141 2814 1162 2860 n
1284 2872 1287 2877 ,

62 2924 107 2978 se
133 2903 300 2977 invicem
326 2903 533 3001 separanda,
571 2901 693 2976 multa
727 2900 843 2975 fluida
872 2902 1024 2988 utimur,
1063 2912 1162 2974 certo

61 3009 234 3090 humore
249 3014 404 3101 imbuta,
430 3016 482 3087 ita
499 3026 542 3088 ut
568 3026 688 3113 partes
714 3014 889 3112 quasdam
919 3015 958 3086 in
984 3014 1162 3112 sanguine

53 3121 146 3218 jam
174 3127 374 3200 existentes
400 3127 545 3201 trahant
570 3128 617 3200 ad
641 3152 690 3214 se,
716 3137 754 3201 et
771 3123 849 3202 aliis
874 3137 987 3224 atque
1003 3125 1081 3201 aliis
1106 3150 1162 3198 or-

58 3238 184 3338 ganis
200 3236 258 3312 rel
286 3239 537 3312 transmittant
555 3240 615 3313 vel
631 3240 833 3341 detineant.
884 3238 1048 3312 Lubrico
1075 3260 1162 3309 vero

59 3353 262 3437 nituntur,
280 3352 311 3423 si
327 3350 404 3424 ullo
420 3351 673 3439 fundamento,
691 3350 902 3450 hujusmodi
921 3349 1161 3446 conjecturae;

59 3478 199 3562 neque
214 3463 315 3535 enim
347 3475 488 3537 constat
504 3463 690 3537 diversum
709 3464 788 3538 ullo
805 3463 917 3537 modo
943 3462 1161 3560 sauguinem

63 3577 114 3650 ad
132 3575 282 3648 diversa
299 3600 436 3672 organa
452 3575 595 3663 deferri,
622 3576 692 3649 nisi
717 3576 765 3648 nd
786 3576 904 3672 jecur,
929 3576 989 3648 eui
1014 3575 1162 3672 sanguis

64 3704 90 3756 a
106 3687 218 3760 venis
233 3687 357 3773 datur,
383 3710 505 3785 neque
529 3712 615 3760 sane
640 3689 822 3762 variorum
850 3688 1051 3762 humorum
1082 3712 1160 3784 par-

69 3797 202 3872 ticulas
227 3799 332 3896 prius
357 3799 395 3871 in
423 3800 602 3898 sanguine
626 3801 784 3873 existere
801 3825 914 3897 quam
939 3822 1161 3897 organorum

75 3911 348 3983 seoementium
366 3912 546 3984 actionem
565 3911 781 3999 subiverint,
806 3935 929 4009 neque
946 3913 1062 3984 avarius
1087 3932 1164 3982 esse

79 4023 339 4111 particularum
360 4021 493 4121 figuras
511 4047 758 4120 vasorumque
788 4035 1001 4130 aperturas3
1029 4043 1163 4118 neque,

86 4127 187 4207 sitta
211 4134 269 4207 hae
293 4157 350 4207 res
375 4158 414 4208 se
439 4135 661 4222 habuissent,
687 4134 784 4209 ullus
800 4137 981 4235 potuisset
997 4154 1164 4230 unquam

10 4240 30 4392 ι
92 4256 194 4332 purus
230 4246 368 4327 secerni
404 4246 557 4337 humum
602 4248 779 4345 quoniam
813 4247 998 4324 tenuiores
1023 4261 1166 4337 semper
1202 4285 1235 4319 ,ι
