2678 4794
76 345 164 401 cnr.
181 312 329 402 xxxrir.
348 330 351 338 ‘
379 343 601 400 maurorum
620 343 910 401 rnuonnrrcn.
1083 316 1175 409 465'

68 521 188 621 Cujus
205 521 352 597 forsitan
370 524 421 596 rei
439 545 515 595 non
531 520 603 595 alia
617 521 712 597 ratio
729 533 795 608 est,
812 545 925 618 quam
942 519 1044 620 quod
1060 531 1154 598 stru·

70 636 165 708 mosi
182 661 329 735 corpora
345 635 419 708 laxi
448 644 487 708 et
512 633 655 709 flaccidi
684 644 724 708 et
748 633 887 708 debiles
913 637 1091 722 existunt,
1115 646 1155 710 et

70 747 232 820 remedia
261 748 377 847 igitur
393 745 501 822 valde
530 745 709 822 solventia
738 756 778 820 et
802 747 1033 822 debilitantia
1056 746 1155 822 male

69 858 237 934 tolerant.
282 868 285 872 ’

119 990 348 1047 sreccnvm.
384 969 565 1046 Plurimae
590 962 753 1071 denique
784 996 852 1060 res,
889 982 1022 1073 praeter
1050 974 1156 1071 signa

69 1085 266 1183 praesentia
290 1083 420 1169 morbi,
445 1082 485 1156 in
512 1083 623 1157 variis
649 1085 756 1183 aegris
785 1086 1032 1174 observande,
1057 1109 1154 1185 saepe

68 1196 274 1271 ostendunt
290 1196 467 1294 quasdam
482 1195 751 1270 exinanitiones
761 1221 890 1294 parurn
903 1198 1053 1273 idoneas
1065 1221 1153 1287 esse,
1169 1263 1171 1267 .

69 1309 252 1406 quasdam
269 1308 388 1406 magis
404 1308 611 1396 convenire,
636 1318 675 1383 et
697 1310 836 1383 caeteris
852 1313 1025 1387 omnibus
1049 1310 1154 1385 facile

67 1443 149 1494 esse
175 1419 458 1519 anteponendas.
508 1421 602 1496 Huc
625 1421 813 1519 pertinent
837 1431 935 1509 aetas,
967 1433 1006 1496 et
1034 1423 1153 1522 magis

66 1531 192 1606 adbuc
216 1531 406 1630 peculiaris
428 1533 656 1620 oonstitutio,
681 1531 872 1607 interdum
898 1533 1011 1608 etiam
1036 1534 1155 1609 forma

66 1645 239 1743 torporis,
264 1646 405 1744 aegroti,
430 1643 568 1720 ooelum
593 1645 664 1719 sub
688 1668 768 1744 quo
789 1645 898 1730 vivit,
922 1646 1012 1720 vitae
1034 1669 1154 1744 genus

67 1756 173 1854 quod
189 1756 303 1856 degit,
329 1766 368 1830 et
393 1756 548 1832 demum
578 1756 759 1858 generalis
785 1768 919 1834 natura
942 1757 1063 1832 morbi
1086 1758 1154 1856 qui

66 1867 179 1943 adest
1266 1866 1269 1872 ’

119 2001 310 2056 ucccmx.
337 1982 398 2057 Sic
413 1982 518 2080 pueri
535 1981 801 2059 detramionem
830 1983 1004 2058 tenuium
1020 1980 1154 2057 humo·

67 2115 155 2167 rum
172 2115 237 2191 per
251 2091 326 2167 alvi
342 2094 613 2193 purgationem,
638 2106 705 2168 aut
725 2093 953 2193 epispaatica
969 2096 1153 2194 imposita,

68 2205 209 2278 mirum
238 2206 278 2278 in
315 2207 472 2281 modum
500 2204 654 2279 tolerare
687 2204 817 2290 solent,
847 2207 1037 2304 sanguinis
1065 2230 1153 2280 vero

63 2315 260 2416 jacturam,
289 2318 443 2417 aegrius;
481 2316 601 2393 adulti
629 2325 756 2391 autem
774 2315 869 2390 hauc
883 2316 1029 2403 melius,
1052 2316 1153 2390 illam
1258 2354 1260 2359 ·

67 2429 266 2504 difficilius.

107 2563 299 2633 necem.
326 2540 423 2615 Sunt
439 2540 508 2639 qui
534 2538 659 2614 talem¹
673 2538 832 2638 eorporis
848 2538 1152 2613 oonstitutionem

65 2653 216 2738 habent,
241 2650 360 2750 qualis
377 2652 425 2725 ad
441 2652 653 2728 sudandum
670 2652 737 2724 vix
758 2649 843 2725 ullis
859 2651 943 2750 cogi
959 2651 1074 2748 possit
1098 2675 1152 2725 re·

66 2766 222 2848 mediis;
248 2774 338 2839 sunt
352 2776 479 2840 oontra
495 2765 563 2864 qui
590 2763 760 2838 facillime
775 2763 923 2851 sudant,
947 2773 986 2837 et
1003 2788 1069 2862 per
1093 2789 1151 2839 su-

67 2875 196 2950 dorem
214 2900 236 2949 a
252 2876 379 2951 multis
404 2877 603 2952 levioribus
630 2876 778 2963 morbis,
802 2875 1076 2974 gmvedinibus
1100 2875 1152 2950 se·

67 2988 229 3076 briculis,
258 2990 322 3063 &a
346 2990 598 3064 convalescere
630 2988 760 3064 solent
822 2989 930 3077 Sunt,
955 3000 1000 3064 ut
1023 2989 1153 3078 fertur,

68 3103 135 3199 qui
151 3124 300 3174 vomere
316 3113 530 3200 nequeunt3
554 3111 594 3177 et
618 3101 731 3177 multi
752 3111 852 3176 certe
875 3125 1069 3201 nunquam
1086 3127 1152 3176 vo·

64 3236 169 3287 mere
187 3226 343 3312 possunt
360 3216 438 3289 sine
456 3240 593 3315 magno
613 3214 739 3290 dolore
755 3225 795 3288 et
811 3215 965 3290 immani
981 3215 1086 3301 nixu,
1112 3221 1151 3286 et

65 3325 144 3400 iere
159 3327 398 3401 convulsione
416 3329 600 3426 generali,
624 3329 719 3402 dum
735 3326 798 3401 alii
814 3327 909 3400 bene
924 3324 1036 3399 multi
1052 3322 1151 3397 facil-

66 3437 168 3525 lime,
185 3449 225 3513 et
240 3440 315 3513 sere
328 3439 373 3513 ad
387 3440 580 3516 arbitrium
598 3465 721 3528 suum,
737 3451 777 3513 et
786 3440 866 3514 sine
880 3437 1152 3513 medicamento

66 3561 238 3626 vomunt.
272 3598 278 3606 ·
305 3551 499 3639 Nonnulli,
532 3552 696 3650 alioquin
730 3551 808 3625 sani
842 3561 881 3625 et
913 3549 998 3625 satis
1024 3547 1150 3638 validi,

66 3662 177 3737 valde
205 3665 350 3739 minuta
375 3664 564 3762 sanguinis
588 3663 732 3762 jactura
756 3663 882 3736 animo
906 3661 1150 3761 linquuntur;

65 3775 160 3849 dum
177 3774 239 3849 alii
256 3775 507 3849 incredibilem
523 3775 600 3849 vim
619 3775 808 3876 sanguinis
824 3773 929 3848 facile
943 3783 984 3849 et
999 3773 1079 3850 sine
1094 3774 1150 3846 in-

66 3887 265 3962 commodo
281 3889 472 3963 amittunt.

117 4023 312 4076 mcccnxr.
340 4001 418 4076 Sub
443 4001 537 4077 eoelo
562 4000 706 4077 fervido
721 3999 789 4099 qui
805 3998 944 4074 vivunt
959 3995 1150 4092 sanguinis

67 4111 336 4189 detractionem
368 4139 466 4215 aegre
499 4115 684 4200 tolerant3
726 4113 963 4214 ptugationes
994 4107 1155 4193 melius:
