2678 4794
199 363 246 438 90
476 381 481 421 ι
597 375 848 432 conseacrus
909 416 912 420 .
1108 358 1215 432 'can
1232 373 1269 430 s:⁴

199 551 300 627 furor
315 554 452 627 insania
468 550 690 649 appellatur;
719 553 905 627 dementia
920 575 1007 624 vero
1025 551 1146 626 minus
1163 575 1271 649 gene·

198 663 292 752 ralis,
317 663 449 738 scilicet
474 663 583 736 dere
620 687 695 737 una
718 663 886 750 alterave,
922 685 1007 735 sana
1028 661 1076 734 de
1100 664 1272 737 omnibus

198 777 277 850 aliis
303 783 430 859 mente,
457 772 690 848 melancholia
718 786 890 850 vocatur:
929 775 1081 872 quicum
1115 774 1273 872 insignis

198 885 392 986 aliquando
421 886 567 989 tristitia
592 888 840 986 conjungitur.
892 885 1028 961 Nullus
1056 894 1179 958 tamen
1206 908 1273 956 ex-

198 998 275 1072 istit
291 998 393 1071 limes
409 1009 597 1074 accuratus
622 1001 721 1097 inter,
733 1023 857 1073 sanam
886 1009 1051 1072 mentem
1077 1008 1116 1069 et
1132 996 1274 1069 vesani·

198 1134 267 1182 am.
322 1109 456 1183 Omnis
485 1125 617 1209 praeter
647 1112 796 1186 solitum
825 1111 985 1185 hilaritas
1013 1108 1060 1181 ad
1093 1108 1273 1181 insaniam

197 1221 341 1318 vergit,
379 1233 416 1295 et
447 1235 602 1297 moestus
629 1237 666 1298 et
696 1223 932 1298 meticulosus
956 1221 1101 1295 animus
1125 1220 1173 1292 ad
1198 1243 1272 1294 me·

196 1330 413 1408 lancholiam
430 1337 711 1434 appropinquat.

245 1466 411 1521 ccxcru.
441 1446 628 1521 Delirium
645 1449 736 1524 varii
751 1447 894 1547 generis
910 1445 1026 1519 febres
1048 1444 1267 1519 comitatur:

195 1553 393 1654 aliquando
403 1557 495 1644 leve,
512 1557 614 1632 facile
625 1560 878 1643 discessurum,
890 1565 930 1631 et
941 1557 1006 1630 vix
1020 1555 1107 1628 mali
1116 1555 1265 1628 ominis:

196 1691 293 1766 sepe
308 1679 433 1744 tamen
449 1695 570 1770 grave,
586 1680 624 1744 et
636 1667 783 1769 pessimi
795 1667 939 1754 ominis,
957 1690 1125 1766 magnam
1144 1690 1270 1781 curam

197 1788 236 1853 et
252 1783 492 1856 attentionem
511 1781 682 1882 postulat

199 1942 204 1952 -
248 1915 407 1968 ccxcnr.
426 1895 607 1968 Delirium
621 1896 725 1968 ferox
740 1904 796 1968 est
812 1891 873 1967 vel
888 1892 989 1966 mite.
1040 1890 1165 1964 Ferox
1182 1915 1271 1991 prae·

198 2002 335 2077 aedunt
359 2015 398 2078 et
421 2006 654 2093 comitantur,
691 2004 821 2080 vultus
845 2005 966 2091 rubor,
1004 2004 1132 2101 capitis
1160 2003 1272 2091 dolor,

197 2113 329 2212 iugens
343 2118 556 2192 arteriarum
574 2118 715 2218 pulsus,
741 2118 888 2192 aurium
906 2118 1074 2202 tinnitus,
1103 2115 1201 2190 oculi
1216 2140 1275 2191 ru.

199 2224 265 2314 bri,
282 2227 511 2317 inflammati,
526 2241 668 2317 truces,
697 2230 885 2316 micantes,
912 2228 1003 2302 lucis
1031 2227 1274 2325 impatientes,

200 2348 240 2412 et
255 2339 314 2412 vel
330 2341 455 2416 nullus
471 2366 632 2430 somnus,
659 2342 723 2416 vel·
746 2341 825 2415 dira
839 2341 944 2440 quies
970 2337 1159 2413 horrendis
1181 2364 1274 2414 som-

199 2451 271 2526 niis
286 2453 405 2551 rupto,
422 2480 542 2530 mores
559 2456 656 2531 soliti
666 2456 784 2542 exuti,
796 2454 885 2530 novi
900 2452 1034 2540 induti,
1046 2476 1114 2550 pm
1123 2453 1275 2528 mitibus
1304 2459 1307 2463 “
1329 2463 1331 2468 ’

199 2566 333 2640 morosi
358 2576 396 2641 et
420 2568 667 2655 immansueti,
704 2567 909 2651 iracundia;
947 2566 1061 2638 animi
1095 2563 1274 2650 alienatio,

199 2677 317 2772 primo
333 2678 430 2751 inter
446 2704 619 2754 somnum
647 2686 686 2750 et
702 2677 868 2775 vigiliam
888 2673 1121 2757 observanda,
1147 2676 1277 2776 imagi·

198 2788 339 2859 nationi
355 2785 445 2861 fides
461 2788 556 2875 data,
581 2787 829 2886 perceptiones
846 2807 894 2857 ex
925 2782 1089 2856 sensibus
1112 2789 1279 2862 externis

198 2893 310 2967 nullae
336 2894 396 2967 vel
419 2898 607 2994 neglecte,
640 2896 941 2993 etcogitationes
978 2893 1167 2967 memorie
1197 2898 1278 2972 sine

198 3005 326 3078 ordine
342 3003 500 3101 prolatae,
515 3005 617 3082 furor
632 3005 797 3091 demum,
814 3015 853 3078 et
869 3026 1135 3101 nonnunquam
1152 3007 1276 3082 insoli-

200 3127 237 3189 ta
253 3127 290 3191 et
319 3116 538 3192 incredibilis
555 3117 611 3191 vis
627 3129 787 3203 artuum,
816 3117 869 3191 ita
886 3127 930 3190 ut
956 3115 1079 3217 plures
1108 3117 1276 3195 homines

198 3249 318 3302 unum
333 3239 573 3328 egrotantem
590 3230 656 3304 vix
672 3228 812 3328 possint
828 3253 1064 3328 compescere.

247 3364 386 3416 ccxcv,
413 3342 521 3429 Mite,
560 3351 696 3426 contra,
721 3339 905 3428 delirium,
930 3366 1016 3415 cum
1042 3341 1154 3439 pulsu
1180 3368 1276 3444 soepe

198 3450 320 3538 debili,
339 3453 444 3529 vultu
463 3453 609 3552 pallido,
627 3450 793 3551 collapso,
818 3453 999 3551 vertigine
1015 3477 1037 3526 a
1053 3453 1127 3527 situ
1145 3467 1276 3542 erect0,

197 3565 384 3660 prostratis
408 3567 561 3653 viribus,
597 3589 694 3663 saepe
717 3565 940 3640 observatur.
1003 3563 1124 3638 Dolor
1147 3569 1277 3665 capitis

197 3698 347 3773 quoque
382 3677 496 3765 adest,
532 3678 595 3752 sed
632 3679 757 3753 minus
793 3688 923 3751 acutus
947 3701 1061 3774 quam
1086 3678 1125 3749 in
1159 3677 1276 3753 altero

196 3810 352 3884 genere3
380 3814 459 3864 raro
474 3791 672 3877 iracundia,
689 3813 785 3886 saepe
803 3799 939 3886 stupor,
967 3788 1164 3887 aliquando
1182 3813 1275 3864 moe-

196 3900 427 3999 ror'insignis
443 3911 481 3974 et
498 3912 640 3977 metus:
658 3904 697 3975 in
708 3901 915 3974 semisomni
928 3902 1047 3998 primo
1056 3900 1274 3978 ,obsenatur

196 4012 331 4085 mentis
347 4011 527 4099 alienatio,
544 4014 699 4087 admissa
715 4012 808 4097 luce,
836 4012 1108 4108 alloquentibus
1136 4014 1276 4100 amicis,

197 4146 263 4223 pro
287 4134 453 4222 tempore
476 4124 674 4221 aliquando
691 4123 880 4222 pellenda;
909 4147 1008 4221 aeger
1023 4122 1187 4212 multum
1206 4126 1274 4200 sibi

197 4237 376 4352 mussitat,
402 4260 497 4334 quae.
509 4236 645 4329 circum
681 4235 779 4313 fiunt
803 4259 934 4337 parurn
959 4246 1085 4322 curat;
1121 4238 1272 4312 tandem
