2678 4794
140 403 214 475 428
546 408 799 467 consrncrns
998 405 1097 461 car.
1116 407 1233 463 xxxa

142 591 264 679 modo,
289 591 353 666 sed
369 587 596 666 stimulantia
621 611 725 684 saepe,
750 595 790 658 et
813 581 1035 667 roborantia,
1062 592 1107 658 et
1124 585 1232 659 varia

141 705 419 788 exinanitiones,
445 712 483 774 et
500 699 658 774 remedia
676 698 773 771 baud
791 722 870 770 raro
887 718 1052 795 quorum
1070 695 1228 772 effecto

54 864 58 879 ·
141 819 182 897 iu
199 842 347 918 corpore
363 815 525 892 humano
541 812 705 911 alioquin
723 810 829 884 valde
858 809 1003 883 obscuri
1028 818 1148 907 atque
1172 811 1227 884 in·

141 933 232 1009 certi
248 939 344 1006 sunt

191 1067 391 1121 mcccxxv.
418 1040 481 1115 De
491 1039 599 1113 variis
615 1047 739 1111 autem
754 1033 924 1110 remediis
936 1031 1224 1133 antispasmodr‘.

140 1155 193 1232 ria
219 1156 295 1232 hoec
323 1157 399 1231 fere
423 1151 648 1229 observanda
675 1162 784 1233 sunt,
820 1145 1039 1221 beneficium
1059 1148 1221 1221 maxime

138 1278 282 1344 certum
298 1283 412 1366 atque
428 1265 594 1341 durabile
610 1263 767 1338 obtineri
783 1261 829 1334 ab
841 1261 885 1332 iis
896 1284 979 1357 quae
996 1284 1120 1334 causae
1136 1257 1218 1332 mali

138 1378 281 1455 fortiter
296 1389 515 1462 occurrunt;
541 1376 663 1476 qualia
679 1385 766 1448 sunt
782 1372 998 1458 roborantia,
1025 1384 1065 1446 et
1091 1372 1217 1446 idonea

137 1491 259 1580 diaeta,
272 1501 311 1566 et
323 1515 590 1589 nonnunquam
604 1487 772 1588 quaedam
787 1484 1078 1570 exinanitionem
1096 1509 1215 1583 quam·

137 1604 194 1678 vis
211 1605 373 1678 remedia
389 1627 488 1679 mere
504 1602 680 1690 sedentia,
705 1599 822 1674 veluti
844 1596 1047 1684 narcotico,
1074 1597 1137 1672 vel
1160 1597 1216 1671 sti·

137 1715 318 1791 mulantia
333 1717 457 1804 etiam,
474 1716 642 1815 quaedam
658 1734 889 1812 speratorum
905 1732 1041 1807 genera
1056 1709 1215 1809 aliquan·

138 1828 187 1903 do
204 1830 353 1926 penitus
371 1836 638 1902 summoveant

187 1960 407 2012 uecnxxru.
433 1936 642 2012 Narcotr'ca
660 1960 748 2009 vero
769 1935 943 2021 remedia,
968 1943 1007 2008 et
1026 1933 1211 2009 stimulan-

134 2049 188 2122 tia
216 2072 375 2146 quoque,
400 2048 447 2122 ad
473 2048 670 2146 perfectam
696 2057 736 2122 et
758 2048 964 2122 durabilem
988 2049 1211 2122 sanationem

135 2157 341 2235 multorum
358 2185 590 2261 spots-mortam
602 2161 703 2237 haud
719 2186 848 2259 parum
867 2159 1075 2249 conferunt,
1092 2163 1212 2236 sisten-

134 2272 194 2360 do,
219 2282 256 2347 et
274 2274 378 2373 quasi
395 2275 651 2372 abrumpendo
678 2299 827 2373 pravam
854 2272 952 2346 illam
980 2273 1210 2349 cousuetudi-

133 2409 218 2463 nem
252 2412 327 2487 qua
360 2412 488 2463 omnes
520 2387 595 2462 fere
627 2385 765 2488 sposmi
806 2386 942 2460 mirum
978 2386 1019 2461 in
1061 2387 1209 2461 modum

103 2514 108 2523 '
134 2500 387 2600 (ccccxxxvr)
412 2502 695 2587 inveterascunt,
720 2501 772 2574 ita
791 2499 913 2596 utqui
932 2509 1067 2573 natura
1083 2510 1123 2574 et
1147 2499 1209 2573 ori·

132 2613 220 2711 gine
236 2613 411 2688 levissimi
427 2613 583 2700 fuerant,
609 2637 704 2713 saepe
725 2612 871 2710 repetiti
887 2612 1097 2710 gravissimi
1114 2612 1210 2696 liant,

132 2734 170 2800 et
188 2725 252 2797 vix
270 2749 344 2800 non
363 2725 658 2801 immedicabiles.

181 2856 419 2937 raccnrrxvrr.
446 2837 545 2915 Cum
571 2838 732 2913 remedia
748 2835 1070 2937 antispasmodioo,
1086 2835 1208 2909 sedan-

131 2945 182 3021 tia
199 2947 333 3043 pariter
349 2973 391 3022 ac
407 2948 647 3035 stimulantia,
672 2950 743 3024 hoc
767 2949 917 3024 consilio
932 2961 1023 3025 sunt
1037 2946 1206 3021 adhiben-

130 3055 187 3141 da,
212 3067 359 3155 oportet
375 3060 536 3132 instante
547 3058 625 3155 jam
644 3061 752 3148 malo,
777 3063 837 3136 vel
861 3062 1075 3137 brevissimo
1097 3059 1207 3133 inter-

129 3167 226 3242 vallo
241 3180 328 3243 ante
344 3169 424 3267 ejus
440 3193 625 3245 accessum
650 3173 846 3271 (siquando
861 3173 1003 3250 reditus
1019 3171 1106 3248 mali
1120 3196 1206 3271 prm

128 3283 228 3356 nosci
255 3283 394 3380 possit),
420 3294 635 3370 sumantur3
674 3285 726 3360 sic
752 3287 868 3374 enim,
896 3297 938 3361 ut
965 3286 1088 3361 multa
1103 3306 1205 3383 expe·

127 3394 258 3467 rientia
275 3397 360 3468 satis
374 3394 511 3481 docuit,
528 3398 690 3471 maxime
701 3412 863 3497 prosunt.
907 3400 1024 3488 Quod
1041 3397 1205 3475 sieadem

127 3504 394 3580 medicamenta
411 3507 476 3580 diu
495 3517 581 3581 ante
599 3512 716 3585 morbi
741 3535 925 3586 accessum
955 3511 1043 3586 data
1059 3510 1203 3594 fuerint,

125 3636 264 3715 perque
282 3617 436 3716 longum
456 3629 604 3720 tempus
620 3625 844 3711 continuata,
870 3633 1019 3698 tantum
1037 3623 1142 3698 abest
1162 3627 1203 3694 ut

126 3728 295 3803 morbum
313 3732 447 3806 certius
464 3744 503 3808 et
519 3733 659 3810 facilius
681 3736 877 3835 depellant,
903 3746 949 3810 ut
965 3736 1129 3810 eundem
1147 3756 1202 3806 sae·

124 3867 182 3941 pe,
207 3841 392 3918 infirmato
409 3858 448 3921 et
464 3847 639 3923 debiliore
655 3848 751 3924 facto
768 3872 926 3948 corpore,
952 3847 1054 3923 haud
1077 3866 1200 3947 parum

124 3964 295 4052 augeant,
322 3965 365 4029 ut
383 3958 493 4033 multi
508 3961 594 4034 satis
612 3985 795 4060 superque
811 3970 900 4036 sunt
916 3961 1073 4060 experti.

174 4089 434 4145 Mccnxxvrrr.
461 4071 690 4148 Roborantia
706 4099 804 4162 vero,
821 4099 907 4173 quae
923 4083 1023 4149 certe
1040 4069 1200 4148 efficacis

123 4180 215 4255 sima
232 4180 392 4254 remedia
407 4182 719 4284 antuposruudica
744 4187 990 4286 reperiuntur,
1017 4184 1130 4284 longe
1144 4180 1200 4255 ali·

123 4304 179 4367 ter
195 4304 283 4370 sunt
299 4293 515 4387 adhibenda,
539 4321 606 4399 per
621 4297 779 4400 longum
802 4322 939 4400 nempe
955 4308 1112 4402 ternpus
1128 4314 1202 4372 coa·
