2678 4794
127 294 217 352 cur.
234 291 352 349 xxm.
413 288 635 347 usmetum
653 291 939 350 resousrrcm.
1119 290 1120 294 ‘
1140 283 1214 353 335

119 473 377 575 ‚er'apropten
405 470 517 544 etiam
533 493 621 546 cum
637 469 802 570 partibus
825 471 987 546 externis
1011 471 1211 550 admoven-

128 598 204 674 tur,
220 581 415 683 prudentia
430 580 554 680 aliqua
568 582 608 655 in
625 606 755 656 eorum
771 605 842 657 usu
859 606 936 657 non
952 584 1098 659 inutilis
1115 587 1196 660 erit.

180 716 280 771 nstv.
306 692 421 781 Quod
438 693 527 768 sales
544 694 694 768 demum
712 717 761 767 ex
777 717 893 792 cupm
907 707 1051 792 paratos
1066 699 1212 785 attinet,

125 808 298 908 princeps
327 828 376 878 ex
409 805 453 878 iis
485 803 640 906 scalptus
670 808 774 905 cupri
803 816 843 880 et
870 805 1216 904 periculosissimum

125 929 195 1006 est,
223 925 375 1017 propter
402 925 574 992 naturam
602 941 706 999 suam
728 928 959 1005 venenatam,
987 930 1026 993 et
1044 919 1213 996 adhibitu

125 1029 403 1114 difficillimum,
434 1040 585 1127 propter
602 1028 787 1128 insignem
804 1054 879 1128 qua
894 1030 1009 1129 pollet
1023 1033 1214 1106 acrimoni-

126 1166 201 1229 am,
230 1141 283 1216 ita
299 1150 344 1214 ut
360 1163 408 1214 ne
423 1141 577 1238 quidem
595 1141 761 1240 partibus
778 1142 940 1216 externis
957 1141 1060 1216 sacile
1089 1144 1214 1218 admo-

126 1254 219 1340 veri,
248 1250 370 1327 multo
399 1252 524 1326 minus
552 1254 591 1326 in
621 1253 868 1330 ventriculum
895 1264 980 1328 tuto
996 1255 1119 1354 recipi,
1147 1278 1217 1354 pro

128 1365 292 1440 remedio
307 1363 535 1463 astringente
551 1375 673 1462 queat.
712 1365 830 1462 Cupri
846 1366 998 1463 quidem
1015 1367 1215 1445 ammonia·

129 1485 255 1553 retum
278 1499 326 1550 ex
355 1475 425 1549 hoc
455 1486 700 1574 praeparatum
728 1475 851 1551 multo
866 1477 995 1555 mitius
1011 1479 1216 1555 remedium

129 1597 199 1676 est,
230 1587 295 1662 sed
319 1609 396 1661 non
412 1585 505 1661 adeo
532 1597 577 1662 ut
604 1586 704 1686 large
729 1587 895 1663 devorari
919 1589 1043 1688 possit,
1067 1600 1217 1690 propter

127 1722 306 1776 nauseam
329 1708 367 1772 et
385 1699 571 1773 vomitum
588 1722 701 1797 quem
730 1699 824 1775 solet
850 1702 1030 1788 excitare;
1054 1714 1093 1778 et
1109 1726 1216 1802 parca

127 1820 235 1920 copia
249 1828 484 1918 assumptum
499 1843 632 1918 parum
648 1817 779 1894 efficax
796 1820 955 1896 videtur.

136 1983 145 1996 ·
181 1953 301 2008 satvr.
327 1930 391 2005 Ex
409 1931 538 2006 iisdem
554 1955 664 2032 porro
679 1931 838 2007 metallis
854 1932 1030 2007 tincturus
1045 1933 1215 2032 quaedam

130 2053 321 2144 parantur,
342 2068 390 2117 ex
417 2043 512 2118 ferro
536 2043 729 2143 imprimis,
756 2068 826 2142 ope
845 2043 946 2121 acidi
961 2044 1160 2133 messatici,
1176 2056 1217 2121 et
1322 2077 1325 2085 ¹

130 2181 181 2232 ex
195 2153 362 2256 plumbo,
389 2180 459 2254 ope
475 2155 576 2231 acidi
604 2155 748 2243 acensi,
778 2165 817 2230 et
833 2154 1030 2241 abstolis:
1056 2181 1213 2256 quarum

128 2268 316 2368 pleraeque
331 2268 476 2342 easdem
494 2269 590 2342 vires
607 2267 812 2365 eademque
828 2267 1061 2343 incommoda
1077 2268 1215 2343 hubent

129 2405 174 2456 ac
184 2378 333 2457 metalla
342 2380 431 2478 ipsa,
448 2389 513 2455 aut
527 2379 616 2454 sales
632 2377 816 2465 metallici,
834 2379 1029 2469 (mxnvur,
1045 2388 1085 2453 et
1100 2388 1216 2478 seqq.)

130 2491 234 2567 unde
257 2501 441 2591 parantur.
507 2490 698 2566 Tinctum
726 2488 902 2564 muriani
916 2488 1027 2590 sem'
1052 2513 1149 2577 sane,
1177 2502 1217 2563 et

133 2603 221 2676 satis
236 2601 364 2677 efficax
381 2602 589 2676 remedium
605 2610 675 2691 est,
707 2609 746 2675 et
762 2599 969 2676 ventriculo
984 2600 1125 2699 gratius
1150 2611 1217 2675 aut

132 2713 360 2790 tolerabilius·
385 2739 500 2814 quam
529 2723 596 2789 aut
623 2714 746 2813 ipsum
776 2713 915 2787 ferrum
943 2727 1009 2788 aut
1037 2711 1089 2787 sal
1114 2712 1214 2810 ejus;

130 2825 283 2903 fortune
296 2827 409 2902 etiam
425 2827 545 2925 magis
571 2825 746 2901 idoneum
766 2835 811 2900 ut
825 2827 866 2899 in
883 2825 1103 2925 sanguinem
1128 2826 1216 2899 reci-

130 2937 270 3038 piatur,
283 2952 349 3038 per
364 2934 901 3037 totumcorpusdeferendum.
956 2935 1216 3013 Tinclurusa-

131 3049 294 3125 tumim
305 3050 364 3142 (ut
379 3050 469 3126 olim
481 3051 601 3126 vocari
614 3050 766 3149 solebat)
777 3074 857 3124 raro
867 3058 906 3124 et
917 3072 1025 3149 perce
1038 3050 1217 3126 sorbenda

132 3159 253 3251 danu,
281 3173 433 3262 propter
460 3173 677 3239 venenatam
707 3162 854 3264 plumbi
881 3174 1050 3237 naturam
1069 3166 1214 3259 (Mnrvt

134 3270 180 3347 In
197 3272 412 3371 hujusmodi
430 3274 616 3361 tincturas,
641 3287 680 3350 et
696 3274 1011 3351 medicamentum
1028 3273 1132 3372 quod
1148 3273 1215 3345 sol-

133 3383 245 3472 uitur,
261 3394 302 3459 et
317 3385 440 3483 liquor
451 3387 529 3484 ipse
540 3387 607 3484 qui
624 3386 662 3459 id
680 3385 800 3473 solvit,
815 3385 988 3485 prodesse
1004 3395 1166 3482 pomurrt.

181 3518 315 3571 MLvn.
347 3499 487 3571 Praeter
515 3521 603 3570 vero
628 3498 754 3572 omnia
775 3498 1061 3582 medicamenta,
1086 3497 1216 3571 autin

132 3630 264 3706 corpus
279 3608 499 3707 recipienda,
517 3617 584 3681 aut
595 3606 717 3682 eidem
730 3606 1215 3696 extrinsecus-admovenda,

133 3728 221 3793 sunt
236 3729 276 3792 et
288 3719 357 3793 alia
367 3717 526 3801 remedia
544 3719 762 3811 (nccccsn,
776 3728 1000 3818 peccetur)
1017 3744 1103 3818 que
1119 3743 1219 3818 srepe

135 3831 505 3931 praestringentibus
522 3853 609 3905 cum
630 3830 768 3929 insigni
785 3830 964 3905 beneficio
978 3831 1216 3931 praescribun-

136 3950 208 4030 tur,
241 3944 433 4018 interdum
466 3930 579 4016 etiam
613 3940 891 4033 medicamentis
917 3943 997 4040 jam
1029 3943 1215 4017 recensitis

138 4052 301 4129 multum
318 4065 493 4153 praestant
506 4083 518 4140 ;-
553 4061 597 4130 ut
623 4077 673 4128 ex
688 4054 805 4128 causis
820 4078 907 4152 quae
921 4078 1072 4153 corpora
1094 4063 1218 4126 nostra

138 4159 263 4239 laxant
287 4168 457 4256 (cxxxii,
482 4177 522 4253 et
538 4173 653 4267 seqq,)
679 4174 717 4242 et
742 4166 853 4245 nimis
877 4163 1028 4240 flaccida
1044 4163 1223 4250 reddunt,
