2678 4794
514 359 764 420 cousruorus
1019 322 1190 418 carin.

124 1155 217 1233 Car.
229 1150 484 1229 v11.-Deol
497 1160 601 1238 actm
626 1153 778 1254 ejusque
791 1150 929 1242 noba,
947 1148 1197 1230 varietatibus

171 1274 207 1342 et
236 1252 358 1343 vitiis:
396 1291 463 1343 nec
479 1292 555 1342 non
579 1265 625 1342 de
649 1275 792 1341 notura
808 1265 970 1356 odorum,
994 1287 1193 1366 eorumque

171 1377 358 1480 &flectibus
374 1379 416 1455 in
431 1402 583 1480 corpore
599 1377 772 1456 lemano.

588 1756 726 1779 ῃ

124 2104 255 2158 ccxw.
285 2026 458 2158 Huuus
483 2105 608 2158 sensus
633 2083 735 2157 sedes
759 2091 816 2155 est
840 2082 876 2154 iu
899 2079 1110 2155 membrana
1134 2079 1196 2156 illa

124 2194 347 2284 mollissima,
372 2195 639 2286 delioatissima,
655 2218 852 2269 nervorum
868 2202 907 2266 et
922 2217 1092 2267 vasorum
1117 2215 1196 2267 san·

48 2326 51 2331 ’
125 2307 280 2405 guinem
297 2308 514 2384 vehentium
528 2308 668 2398 referta
692 2331 778 2408 quae
794 2304 941 2380 naribus
956 2305 1118 2392 internis,
1136 2330 1198 2379 va·

124 2419 263 2519 riisque
281 2422 419 2497 sinibus
436 2434 474 2496 et
490 2423 613 2509 antris,
638 2421 773 2520 quibus
789 2420 860 2492 iter
875 2439 923 2490 ex
939 2415 983 2491 iis
999 2427 1064 2504 est,
1080 2417 1197 2491 obdu·

125 2532 231 2607 citur.
281 2531 443 2610 Acutior
469 2559 594 2609 sensus
616 2536 708 2609 eirea
732 2532 897 2608 medium
922 2541 1079 2628 septum,
1104 2554 1197 2604 ossa-

125 2666 201 2738 que
218 2647 421 2744 spongiosa,
445 2648 581 2743 quibus
597 2646 808 2721 membrana
837 2642 983 2713 crassior
999 2650 1037 2712 et
1053 2640 1213 2715 mollior

124 2753 246 2839 datur,
264 2780 378 2851 quarn
395 2757 432 2828 in
450 2758 563 2829 antris
580 2753 887 2853 profundioribus,
903 2749 968 2822 ubi
984 2751 1199 2826 membrana

124 2863 282 2948 tenuior,
307 2865 431 2937 minus
458 2888 619 2949 nervosa,
644 2874 682 2935 et
697 2862 791 2934 vasis
820 2859 943 2932 minus
971 2859 1101 2933 referta
1117 2877 1197 2939 estz

123 2966 294 3070 quamvis
321 2972 379 3046 hae
395 2997 555 3070 quoque,
580 2982 625 3047 ut
641 2972 801 3062 videtur,
826 2980 945 3070 partes
961 2971 1095 3046 olfactu
1122 2998 1197 3049 non

124 3084 278 3156 omnino
294 3093 449 3159 careant

175 3220 289 3273 ccxv,
313 3198 373 3274 Ut
387 3214 501 3298 gustu
518 3199 565 3272 de
581 3195 744 3297 partibus
762 3219 954 3296 corporum
972 3182 1210 3287 solubilibus

125 3309 176 3383 sio
191 3309 328 3386 olfactu
353 3309 400 3386 de
429 3312 592 3411 partibus
609 3309 828 3397 volatilibus,
853 3335 938 3409 quae
954 3309 1197 3385 subtilissimae

125 3443 191 3517 per
220 3429 300 3496 atra
317 3422 487 3513 volitant,
505 3422 724 3521 judieamus.
775 3423 834 3498 Ut
863 3431 1026 3497 accurate
1055 3422 1197 3497 olfaciat

124 3533 267 3631 aliquis,
291 3536 425 3633 apertis
455 3545 639 3633 quantum
669 3536 783 3633 possit
811 3535 967 3619 naribus,
1004 3532 1198 3632 clausoque

124 3668 200 3733 ore,
224 3653 305 3720 aera
321 3647 464 3722 fortiter
480 3647 630 3734 inhalat,
655 3673 732 3745 quo
758 3645 879 3745 plures
900 3643 1086 3743 particula>
1102 3645 1198 3719 vola·

126 3755 219 3843 tiles,
236 3757 449 3856 majoreque
464 3761 514 3846 vi,
530 3758 683 3833 ollactus
696 3782 833 3858 organo
848 3757 1124 3830 admoveantur.
1188 3842 1196 3857 .

176 3891 307 3943 ccxvr.
345 3870 537 3968 Organum
570 3897 720 3970 quoque
745 3871 908 3954 olfactus,
933 3891 1008 3941 non
1034 3892 1201 3944 securae

126 4004 305 4079 organum
324 3993 467 4079 gustus,
493 4008 569 4081 quo
585 3983 783 4056 acutiorem
798 4005 942 4055 sensum
963 3981 1106 4068 lrabeat,
1123 4005 1197 4054 ma·

127 4093 257 4167 didum
287 4104 471 4178 servatur;
511 4096 642 4191 partim
676 4093 822 4190 proprio
849 4115 967 4178 muco,
992 4092 1127 4190 partim
1152 4091 1201 4164 la·

127 4204 287 4301 ohryrnis
304 4228 389 4302 quae
405 4227 453 4277 ex
469 4198 586 4280 oculis
601 4204 745 4280 assidue
762 4202 955 4280 destillant.
