2678 4794
127 379 210 435 car.
226 379 278 432 xr.
417 375 634 431 arnnrcnxm
653 377 939 434 rnnoasrrcn.
1147 372 1194 445 95

126 582 207 656 quae
222 554 302 629 solis
319 552 422 628 fibris
438 554 688 628 musculorum
706 555 851 653 propria
868 565 934 638 est,
950 555 1023 628 avi
1038 555 1196 631 resilien-

127 670 171 755 di,
194 693 278 766 qua,
303 666 391 766 plus
408 668 577 740 minusve
593 670 761 765 perl'ecta,
786 690 913 739 ornnes
936 666 1062 741 solidae
1077 681 1194 766 partes

125 804 313 879 corporum
332 779 544 853 animalium
563 779 713 877 pollent.

167 916 332 967 cccv111.
358 892 625 965 contractionis
639 891 884 966 musculorum
898 893 1001 979 ratio,
1018 892 1084 965 diu
1101 891 1196 967 mul-

123 1015 276 1101 tumque
294 1004 427 1076 frustra
437 1004 601 1102 quaesita,
618 1003 739 1077 adhuc
754 1003 863 1077 latet:
889 1002 1052 1100 ejusdem
1070 1014 1196 1079 autem

123 1116 179 1190 hic
194 1116 271 1189 fere
287 1114 435 1202 modus,
460 1114 537 1188 haec
553 1115 614 1188 lex
632 1125 696 1202 est3
722 1116 751 1188 si
776 1117 815 1189 in
837 1115 1007 1189 fasciculo
1023 1115 1197 1191 fibrarum

125 1250 308 1324 ecorpore
336 1236 483 1300 exsecto
507 1236 648 1302 attente
673 1238 865 1325 spectetur.
916 1228 1060 1304 Tremit
1085 1240 1198 1317 totus,

127 1337 269 1411 brevior
284 1337 337 1424 fit,
361 1349 399 1411 et
416 1340 577 1427 crassior,
601 1350 640 1412 et
663 1339 798 1424 durior,
824 1349 862 1412 et
877 1365 1042 1437 mgosus,
1064 1353 1106 1414 et
1123 1341 1197 1440 pal-

130 1446 226 1521 lidus
242 1449 433 1536 interdum,
458 1451 549 1524 dum
567 1449 793 1524 contrahitur
809 1452 1018 1528 musculus:
1044 1464 1126 1527 tum
1144 1477 1199 1526 re·

130 1558 280 1649 laxatur,
303 1561 348 1635 fit
375 1561 517 1659 planus,
541 1561 643 1649 levis,
667 1562 799 1649 mollis,
825 1575 864 1636 et
892 1564 1024 1663 longus
1050 1565 1197 1652 iterum,

128 1684 163 1746 et
177 1671 330 1746 demum
348 1697 450 1746 suam
468 1674 753 1748 contractionem
770 1677 939 1772 integrat.

170 1807 305 1859 ccclx.
331 1783 503 1859 Multum
520 1808 607 1858 vero
622 1787 735 1873 abest,
760 1799 805 1860 ut
834 1810 976 1883 semper
991 1787 1031 1859 in
1048 1788 1137 1861 vivo
1160 1798 1199 1862 et

125 1896 268 1996 integro
283 1920 433 1995 corpore
449 1896 578 1970 eodem
598 1898 706 1971 modo
723 1909 835 1996 agant
850 1895 1020 1971 musculi.
1072 1898 1198 1999 Longi

126 2009 221 2082 enim
237 2008 399 2082 musculi
411 2010 533 2083 trunci
544 2011 702 2107 corporis
713 2022 750 2084 et
763 2023 925 2097 artuum,
941 2011 988 2083 ad
1005 2010 1197 2086 arbitrium

126 2119 293 2208 hominis,
317 2143 394 2193 non
416 2121 528 2194 modo
551 2122 831 2209 contrahuntur,
858 2122 922 2195 sed
938 2124 1005 2196 diu
1021 2127 1198 2198 contracti

123 2243 293 2307 manent:
325 2234 494 2330 quamvis
510 2234 673 2332 profecto
699 2235 769 2308 sibi
798 2234 914 2308 relicti
943 2234 1047 2307 brevi
1064 2233 1198 2307 relaxa-

125 2354 257 2421 rentur.
310 2345 437 2432 Porro,
454 2347 533 2420 cavi
551 2345 720 2434 musculi,
742 2345 845 2419 fibrae
860 2343 996 2418 scilicet
1013 2370 1097 2441 quae
1112 2369 1201 2418 mua

128 2459 280 2555 corporis
310 2481 446 2556 organa
474 2458 713 2543 circumdant,
738 2456 998 2530 relaxationem
1017 2480 1121 2527 suam
1145 2480 1200 2529 os-

128 2566 272 2642 tendere
287 2578 501 2667 nequeunt3
526 2568 642 2642 veluti
673 2569 712 2640 in
741 2568 859 2654 corde,
885 2565 1034 2651 arteriis,
1059 2566 1199 2639 intesti-

127 2679 193 2767 nis,
217 2681 356 2755 vesica:
391 2681 561 2779 quamvis
587 2679 717 2754 harum
743 2703 895 2778 quoque
919 2676 1081 2776 partium
1098 2677 1202 2751 limc-

124 2792 249 2880 tiones,
274 2793 371 2866 bene
397 2792 602 2878 intellectae,
627 2790 804 2865 alternam
828 2789 1091 2865 relaxationem
1116 2813 1201 2863 con-

125 2905 294 2979 tractioni
320 2904 524 2993 succedere,
547 2907 809 2980 demonstrent.
872 2904 1076 2990 Postremo,
1101 2927 1201 2976 mus-

125 3014 197 3090 culi
213 3014 268 3089 illi
285 3018 352 3114 qui
363 3017 461 3090 varia
473 3017 609 3115 quibus
621 3027 888 3115 praeponuntur
904 3015 996 3091 ostia
1012 3013 1202 3102 claudunt,

126 3136 166 3200 et
190 3128 418 3229 spha‘ucteres
441 3131 562 3204 vocari
587 3128 716 3217 solent,
741 3152 935 3228 nunquam
960 3127 1000 3201 in
1026 3150 1113 3202 sano
1137 3127 1201 3201 ho

128 3239 235 3327 mine,
257 3250 302 3316 ut
318 3243 478 3330 videtur,
502 3242 652 3341 penitus
667 3239 889 3317 relaxantur.

174 3372 286 3429 cccx,
312 3355 518 3453 Perspectis
546 3355 661 3453 probe
688 3353 914 3428 diversorum
949 3348 1202 3425 musculorum

124 3462 265 3553 fabrica,
281 3474 320 3539 et
337 3467 423 3552 situ,
452 3474 490 3540 et
506 3465 655 3553 finibus,
672 3478 720 3552 et,
737 3489 823 3540 oum
839 3463 919 3539 aliis
937 3461 1101 3561 partibus
1117 3486 1203 3537 con-

121 3575 312 3672 junctione
328 3589 367 3654 et
396 3603 508 3666 nexu,
534 3578 644 3652 variae
671 3576 819 3653 illorum
837 3577 1011 3664 actiones,
1036 3575 1206 3672 variique

126 3689 162 3761 in
190 3715 342 3790 corpore
369 3716 469 3779 usus,
495 3689 669 3765 facillime
696 3688 975 3787 intelligentun
1017 3685 1205 3784 simulque

127 3803 360 3900 perspicuum
392 3804 462 3878 erit
486 3827 615 3877 omnes
639 3801 776 3900 quibus
800 3800 1008 3874 inserviunt
1032 3799 1204 3884 actiones,

128 3915 312 3987 communi
327 3913 475 3989 illorum
492 3925 610 4002 motu,
635 3913 772 3988 sedicet
784 3911 844 3986 vel
861 3911 1026 4009 simplice
1042 3919 1203 3985 contrac-

129 4022 238 4113 tione,
262 4022 324 4097 vel
350 4025 418 4099 hac
443 4050 530 4100 cum
559 4027 697 4100 alterna
729 4023 952 4101 relaxatione
983 4021 1126 4120 juncta,
1163 4025 1203 4089 et

130 4136 290 4233 repetita,
314 4135 464 4212 absolvi.
515 4138 575 4213 Sic
600 4135 734 4236 longus
763 4135 964 4220 musculus,
993 4134 1084 4205 dum
1113 4127 1202 4221 agit,

131 4256 272 4343 oportet
282 4256 403 4346 partas
415 4248 551 4347 quibus
560 4248 768 4327 adnectitur
778 4247 1070 4350 appropinquare
1079 4236 1202 4323 facialt
1251 4246 1253 4251 ’
