2678 4794
138 413 227 471 CAP-
243 409 392 469 xxvm.
447 408 668 466 mumolum
694 408 981 466 THEORETICAE.
1139 401 1214 477 359

138 592 238 679 vido,
250 599 289 665 et
304 588 425 664 multo
440 612 526 665 oum
542 589 685 678 sudore,
698 596 764 663 aut
779 587 1017 687 permittatur
1025 595 1092 662 aut
1100 588 1214 664 etiam

135 703 347 802 imperetur.

184 835 328 889 uoxw.
354 814 557 904 Postremo,
582 839 669 890 eum
685 837 808 914 neque
836 812 1087 888 exercitationi
1111 813 1214 891 locus

130 937 189 1002 est
212 949 336 1027 neque
359 928 566 1028 gestationi,
590 935 675 1003 tum
699 928 746 1001 ad
770 926 973 1002 frictionem
1000 926 1213 1026 ooniirgien·

132 1037 227 1114 dum
250 1049 317 1128 est,
343 1052 508 1138 quaeant
524 1041 626 1129 sinos,
651 1041 828 1116 nimirum
846 1037 988 1138 strigili,
1007 1048 1074 1112 aut
1089 1061 1214 1138 panno

132 1150 252 1242 laneo,
280 1163 348 1228 aut
371 1177 485 1229 manu
502 1153 627 1243 salida
651 1164 718 1230 aut
745 1154 898 1228 demum
916 1175 1003 1226 cum
1019 1151 1118 1239 oleis,
1146 1158 1214 1226 aut

133 1265 330 1363 vaporibus
346 1266 536 1342 medicatis
553 1267 613 1359 (ad
640 1265 933 1340 satisfaciendum
950 1263 1213 1365 aegrotantium

133 1376 292 1476 animis),
323 1379 525 1453 remedium
559 1378 731 1453 roborans
763 1376 864 1451 haud
896 1375 1213 1452 oontemnendum

133 1485 209 1562 fiet.
243 1489 394 1565 Viribus
410 1490 662 1566 musculorum
679 1487 851 1589 opitulari
867 1487 1039 1575 videtum
1063 1498 1102 1565 et
1113 1495 1212 1564 oerte

130 1601 320 1702 sanguinis
335 1628 482 1679 cursum
493 1603 603 1703 juvat
620 1604 1150 1700 (ccccxxv11,occoxxv111)‚
1172 1607 1212 1675 et

128 1712 313 1789 actionem
337 1740 505 1791 vasorum
531 1706 798 1790 resorbentium
827 1711 992 1788 multum
1015 1721 1211 1812 promovet
1299 1783 1303 1789 .

128 1826 437 1928 (ccccxxxvrn),
474 1837 513 1904 et
536 1827 760 1903 exhalationi
784 1851 850 1926 per
873 1837 999 1902 cutem
1022 1824 1134 1914 favet,
1171 1832 1210 1899 et

128 1941 337 2038 generalem
353 1941 438 2016 ideo
454 1943 619 2041 vigorem
632 1941 774 2041 corpori
789 1938 967 2015 oonoiliat

181 2074 309 2128 mcxv,
328 2053 464 2152 Frigus
474 2077 625 2153 quoque
636 2053 734 2128 inter
745 2052 1040 2151 praestantissima
1048 2050 1211 2128 remedia

129 2163 336 2239 roborantia
351 2166 492 2266 optimo
502 2165 588 2264 jure
600 2172 817 2252 recensetur,
830 2165 970 2264 quippe
981 2165 1087 2262 cujus
1102 2164 1210 2239 effec-

129 2287 191 2352 tus
207 2278 295 2352 satis
311 2280 400 2352 oerti
416 2287 456 2352 et
472 2277 655 2352 manifesti
672 2285 770 2363 sunt,
787 2277 955 2374 quamvis
971 2277 1064 2350 ratio
1080 2298 1210 2351 eorum

127 2387 333 2465 admodum
349 2390 501 2466 obscura
518 2390 574 2465 sit.
904 2444 907 2452 -

182 2524 324 2578 mom.
343 2504 543 2603 Imprimis,
567 2511 611 2577 ut
626 2501 786 2590 videtur,
810 2509 988 2597 tanquam
1004 2498 1209 2597 astringens
1237 2544 1241 2553 ·

130 2613 334 2690 remedium
358 2613 529 2691 nonnihil
562 2613 728 2713 proficit;
770 2611 834 2686 sed
868 2609 986 2710 magis
1010 2609 1131 2684 adhuc
1159 2633 1209 2685 ex

129 2725 320 2803 effectibus
336 2729 411 2804 suis
427 2729 467 2802 in
481 2749 625 2827 genere
638 2747 803 2800 nervoso.
852 2723 994 2797 Parum
1010 2733 1107 2797 oerte
1123 2745 1208 2796 oon·

127 2839 281 2928 veniret,
305 2852 568 2940 argumentum
591 2839 684 2912 inire
699 2838 747 2911 de
764 2861 803 2910 re
818 2835 910 2910 adeo
925 2834 1078 2911 obscura
1093 2844 1207 2934 atque

124 2950 279 3041 difficili,
304 2955 467 3027 utactio
491 2951 618 3028 mloris
651 2959 717 3024 aut
742 2947 886 3048 frigoris
909 2955 975 3036 est,
1009 2956 1049 3022 et
1072 2947 1206 3022 modus

123 3086 203 3163 quo
218 3072 277 3139 tot
293 3065 404 3140 miros
430 3075 469 3140 et
494 3088 623 3166 graves
639 3062 793 3139 effectus
821 3061 861 3136 in
877 3083 1027 3159 oorpore
1041 3059 1207 3136 humano

123 3186 310 3274 prestent.
359 3179 495 3278 Neque
510 3177 674 3278 profecto
688 3173 896 3250 istiusmodi
912 3195 1040 3248 moena
1056 3181 1206 3247 tantum

124 3287 172 3363 ad
196 3312 309 3366 usum
334 3291 522 3364 medicum
547 3297 723 3388 spectant,
761 3297 944 3385 quantum
970 3283 1120 3357 seientia
1151 3281 1205 3357 rei

124 3399 230 3475 faotae
245 3411 283 3475 et
300 3426 397 3478 verae
412 3402 460 3476 de
476 3403 563 3501 ipsis
578 3397 847 3475 mutationibus
871 3419 962 3496 quas
990 3394 1030 3468 in
1055 3416 1204 3494 oorpore

123 3509 289 3588 humano
304 3514 481 3590 efficiunt.

171 3647 332 3701 mcxvu.
347 3627 434 3701 Hoc
445 3636 571 3701 autem
582 3634 725 3700 oertum
737 3632 848 3722 atque
860 3619 1033 3696 idoneum
1046 3619 1205 3695 calorem

124 3735 161 3810 in
178 3738 355 3827 sehabet,
373 3762 486 3838 quem
512 3735 731 3836 plerumque
756 3759 887 3835 parum
904 3742 1094 3808 mutatum
1118 3754 1204 3806 oon·
1288 3782 1294 3795 ι

125 3862 253 3938 servat,
286 3851 457 3950 quamvis
494 3848 688 3948 temperies
721 3848 811 3920 aeris
836 3845 979 3919 externi
1007 3843 1203 3919 ambientis

125 3962 225 4059 quod
252 3963 299 4036 ad
325 3962 480 4037 calorem
507 3972 573 4036 aut
600 3959 717 4058 frigus
745 3957 947 4033 admodum
963 3957 1064 4031 varia
1090 3953 1203 4031 suerit

127 4075 325 4172 (nixam).
378 4075 474 4149 Sunt
495 4082 619 4148 tamen
637 4072 726 4146 oerti
751 4069 842 4145 fines
858 4093 952 4169 quos
968 4066 1065 4142 ultra
1080 4086 1204 4164 neque

122 4184 278 4260 olorem
297 4210 418 4285 neque
430 4186 546 4286 frigus
562 4183 666 4260 facile
681 4193 746 4258 aut
756 4184 834 4258 sine
846 4183 981 4257 damno
993 4178 1202 4264 toleremus,

128 4316 248 4398 neque
264 4298 317 4375 ita
332 4300 425 4399 quin
441 4323 591 4400 corpora
605 4308 730 4377 nostra
755 4305 888 4399 preter
902 4290 1053 4370 solitum
1068 4286 1130 4365 vel
1145 4311 1203 4366 ea·
