2694 4792
188 300 212 344 F

213 330 285 403 466
620 338 872 399 cousrscrus
1039 314 1135 395 cir.
1153 336 1317 395 xxxm.

220 523 438 622 frigidarum
463 545 553 596 vero
580 520 776 621 regionum
805 515 987 592 maximas
1016 513 1098 591 fere
1122 516 1320 618 sanguinis

221 635 464 711 detractiones
481 633 649 710 tolerant.

271 771 481 825 Mcccuxu.
507 746 587 835 Qui
603 744 781 819 laboriose
796 752 836 818 et
855 742 998 816 duriter
1013 742 1134 816 vitam
1152 741 1314 842 degunt,

222 862 410 961 sanguinis
429 860 612 959 jacturam
629 859 771 957 optime
788 856 932 942 ferunt;
962 855 1031 953 qui
1055 854 1247 955 ignavam,
1274 865 1314 929 et

221 972 473 1060 sedentariam,
497 982 537 1046 et
566 962 715 1045 mollen'r
743 970 861 1044 vitam
889 977 1019 1068 agunt,
1046 991 1168 1066 neque
1192 966 1311 1055 illam,

221 1108 343 1184 neque
359 1109 446 1161 sane
463 1083 577 1158 ullam
594 1082 755 1158 validam
777 1080 1071 1156 exinanitionem
1094 1079 1192 1153 bene
1215 1079 1309 1154 tole·

162 1276 166 1283 ,
220 1207 313 1285 rant,
339 1208 377 1273 et
400 1220 496 1297 saepe
512 1196 604 1270 dum
621 1202 804 1295 aegrotant
827 1192 982 1268 leniores
998 1192 1244 1291 purgationes
1259 1192 1306 1266 fe·

218 1318 310 1383 runt
324 1321 438 1409 atque
455 1309 662 1408 requirunt.

269 1442 501 1498 Mcccuxrn.
528 1420 650 1495 Variis
667 1418 803 1494 morbis
820 1428 898 1494 tam
915 1419 1060 1494 diversa
1083 1418 1199 1494 facies
1214 1418 1301 1518 pari·

220 1541 278 1607 ter
292 1558 335 1608 ae
351 1544 482 1609 natura
498 1543 565 1621 est,
589 1543 634 1608 ut
661 1532 742 1607 alioe
765 1531 846 1607 aliis
862 1533 983 1631 primo
1006 1531 1141 1606 statim
1157 1539 1299 1630 aspectu

218 1647 488 1723 exinanitiones
506 1647 702 1722 eonvenite
718 1643 924 1720 videantur.
975 1642 1096 1720 sicin
1112 1643 1298 1718 vehemen-

219 1767 258 1834 te
275 1760 385 1849 febre,
402 1770 469 1835 aut
485 1758 605 1834 valida
621 1756 923 1845 inflammatione,
948 1763 1029 1830 toto
1045 1756 1243 1856 sanguine,
1264 1764 1297 1829 et

218 1872 372 1971 quidem
385 1881 466 1947 toto
475 1894 635 1970 corpore,
651 1865 820 1944 fervente
832 1877 870 1944 et
881 1876 1073 1956 aestuante,
1093 1870 1176 1967 ipsa
1185 1867 1296 1942 morbi

216 1983 325 2057 facies
341 1993 381 2057 et
397 1996 527 2057 natura
544 1974 668 2081 usque
684 1983 793 2057 dooet
817 1981 1035 2083 sanguinem
1064 2004 1147 2056 esse
1163 1981 1296 2081 oopiose

215 2093 508 2181 detrahendum
534 2095 679 2170 durnin
696 2094 875 2196 hydrope,
892 2092 1021 2170 vultus
1037 2092 1215 2194 pallidus,
1230 2117 1294 2168 oor·

216 2231 362 2307 pusque
378 2231 577 2308 exsangue,
602 2220 641 2284 et
656 2233 794 2308 aquoso
817 2208 974 2283 humore
997 2205 1196 2295 obrutum,
1220 2206 1293 2280 satis

216 2344 401 2420 superque
416 2330 572 2395 monent
587 2343 664 2396 non
680 2320 746 2395 tali
759 2344 853 2420 opus
865 2343 942 2394 esse
958 2318 1116 2407 auxilio,
1134 2319 1203 2396 sed
1215 2317 1292 2404 aliia

215 2444 255 2509 et
269 2432 381 2534 longe
397 2432 562 2520 diversis,
587 2458 673 2531 quae
687 2432 862 2507 humores
878 2456 1034 2532 aquosos
1051 2431 1259 2506 detrahant

265 2569 488 2622 mcccnx1v.
509 2545 639 2621 Varias
655 2545 925 2620 exinanitiones
937 2545 1078 2643 quibus
1094 2545 1233 2620 medici
1246 2567 1289 2617 so

216 2658 295 2733 lent
311 2659 379 2746 uti,
396 2659 587 2757 scriptores
603 2658 832 2759 distinguere
847 2668 887 2734 et
903 2659 1077 2733 ordinare
1091 2657 1290 2740 voluerunt

213 2770 274 2843 vel
291 2770 497 2846 seeundum
521 2781 690 2846 naturam
715 2771 881 2847 humoris
898 2771 964 2871 qui
988 2770 1212 2858 effunditur,
1235 2769 1290 2844 sei·

214 2879 300 2956 lieet
328 2891 440 2982 prout
465 2883 525 2958 hic
550 2908 688 2960 crassus
712 2883 825 2960 fuerit
850 2908 915 2960 seu
939 2885 1079 2973 tenuis,
1102 2894 1140 2958 et
1163 2885 1214 2956 sie
1235 2903 1292 2954 eas

213 2994 451 3095 distinguunt
459 2997 507 3071 ·in
524 2997 742 3096 sanguineas
759 3007 985 3081 maerores:
1009 2995 1076 3071 vel
1090 2992 1291 3070 secundum

213 3106 291 3180 vias
307 3131 374 3206 per
389 3130 480 3206 quas
497 3107 559 3181 ille
575 3107 793 3197 effunditur,
817 3108 997 3184 nimirum
1021 3120 1138 3208 prout
1150 3106 1211 3182 ba
1234 3129 1290 3180 na

214 3217 349 3295 turales
365 3218 514 3308 fuerint,
531 3244 597 3295 seu
612 3231 691 3296 arte
707 3220 836 3308 faetae3
860 3232 899 3297 et
910 3221 961 3296 sie
977 3220 1027 3295 ad
1044 3245 1169 3298 unum
1182 3242 1289 3322 genus

213 3332 377 3409 referunt
401 3331 606 3420 vomitorio,
630 3334 838 3425 oathmtim,
863 3342 902 3408 et
927 3333 1088 3423 urinam,
1115 3334 1288 3416 sudorem.

214 3443 376 3532 salivam,
393 3466 547 3530 menses,
564 3443 627 3518 &a
645 3446 843 3534 moventia,
869 3455 907 3521 et
924 3444 1156 3521 adulterum
1172 3467 1288 3547 genus,

212 3575 361 3628 omnem
396 3554 585 3655 sanguinis
618 3556 894 3647 detractionem,
927 3568 966 3633 et
998 3560 1287 3635 exinanitionem

211 3666 335 3739 tenuis
351 3664 517 3743 humoris
533 3667 595 3742 vel
609 3671 722 3768 puris,
746 3694 812 3770 per
827 3669 1065 3772 eprspastica,
1095 3671 1164 3748 vel
1176 3668 1287 3774 sonti·

211 3774 322 3865 calon
338 3777 399 3852 vel
416 3781 587 3870 cauteria,
604 3783 668 3858 dre.

259 3912 460 3967 mcccxxv.
486 3892 582 3967 Haec
598 3892 749 3994 quidem
775 3895 867 3970 scire
890 3895 1007 3983 deoet,
1032 3904 1074 3970 et
1102 3898 1201 3972 scitu
1226 3918 1288 3970 oer-

207 4013 246 4077 te
261 4002 417 4078 minime
434 4003 597 4079 difficilia
621 4013 731 4090 sunt;
757 4007 821 4080 sed
845 4007 885 4081 in
910 4006 1068 4107 singulis
1096 4007 1287 4087 tractandis

207 4113 532 4203 exinanitionibus‚
548 4139 624 4191 non
637 4116 730 4192 alius
740 4119 1045 4195 videturordinis
1057 4145 1166 4211 usus,
1183 4143 1286 4223 quam

205 4233 252 4303 ut
266 4225 341 4305 illae
356 4228 525 4330 proxime
540 4230 816 4309 considerentur
832 4257 921 4334 qum
937 4230 1150 4333 plurimum
1168 4231 1287 4311 simili·
