2678 4794
77 365 169 427 ese.
184 363 254 423 vu.
365 362 593 422 nemesus
612 365 900 427 rusossuens.
1104 348 1154 429 65

130 562 277 619 ccxvu.
304 538 366 614 Ut
392 549 525 639 gustus
550 541 622 617 oibi
649 541 787 634 itineri,
813 541 865 619 sio
888 539 1043 619 olfactus
1065 544 1159 627 ostio

81 654 230 741 viarum,
260 676 356 750 quos
383 659 445 727 ser
471 653 595 731 subire
625 655 746 744 debet,
772 664 893 732 custos
920 655 1157 754 praeponitur,

77 767 287 842 moniturus
314 762 473 862 nequid
495 766 611 852 noxii,
636 768 697 844 vis
712 793 797 868 quae
813 791 956 866 semper
980 778 1092 867 putet,
1117 768 1158 847 iu

74 903 203 978 oorpus
232 876 466 953 admittatur.
521 877 650 966 Porro,
675 889 719 954 ut
747 892 890 979 gustus,
916 879 976 955 hic
1004 903 1157 980 quoque

77 1016 197 1067 sensus
212 990 263 1064 ad
280 989 408 1067 cibum
434 988 630 1066 salutarem
653 992 798 1079 invitat,
823 993 974 1068 snoxio
989 1002 1056 1072 aut
1080 1017 1155 1068 σοι·

76 1114 193 1204 rupto,
211 1101 365 1202 putrido
381 1102 563 1201 imprimis
579 1103 643 1179 vei
656 1104 815 1192 rancido,
832 1105 1000 1184 deterret.

120 1237 293 1291 ccxvm.
320 1214 425 1302 Quin
443 1223 482 1289 et
498 1215 626 1291 odores
646 1216 800 1314 quidum
817 1219 954 1317 insign
970 1219 1009 1294 vi
1026 1219 1066 1297 iu
1083 1228 1153 1317 ‘gs-

77 1349 165 1401 nere
193 1349 345 1402 neruoso
372 1324 526 1424 pollent,
550 1338 589 1403 et
606 1329 789 1404 mirandos
806 1353 1075 1431 nonnunquam
1101 1330 1152 1407 ei·

79 1436 197 1515 fectus
211 1438 336 1515 edunt
388 1438 470 1515 Alii
486 1449 592 1556 grate
607 1441 781 1530 excitant,
803 1451 842 1516 et
858 1442 983 1518 animo
998 1442 1074 1519 iere
1088 1441 1152 1519 de-

78 1548 260 1627 iicientem
276 1551 400 1627 statim
417 1563 603 1639 recreant;
628 1553 689 1629 ulii
715 1556 841 1630 animo
863 1555 984 1654 linqui
999 1555 1150 1640 nsunt,

76 1670 111 1735 et
125 1661 332 1761 aliquando,
358 1674 404 1742 ut
419 1664 545 1751 fertur,
569 1666 759 1743 hominem
783 1665 892 1765 plane
907 1668 1148 1769 extinguunt

75 1772 160 1849 Huc
173 1799 328 1874 quoque
340 1776 526 1875 pertinent
536 1802 621 1874 quae
632 1788 811 1852 vocantur
823 1779 1047 1876 antipathiae,
1063 1777 1167 1860 ridi-s

74 1885 159 1960 cuiae
175 1887 354 1987 profecto,
371 1887 435 1961 sed
451 1912 545 1986 saepe
562 1889 663 1963 nulla
678 1891 718 1964 vi
734 1890 849 1963 animi
865 1888 1098 1963 debellandis.
1192 1898 1194 1901 ’

119 2022 258 2074 ccxix.
285 1998 454 2074 Olfactus
482 2000 671 2076 interdum
697 2003 808 2076 nimis
835 2009 964 2076 acutus
984 2001 1038 2089 iit,
1064 2011 1149 2076 tum

74 2122 216 2210 propter
233 2111 330 2185 vitis
345 2111 516 2210 quaedam
533 2113 659 2212 organi
675 2113 802 2212 ipsius,
827 2114 929 2213 quod
946 2115 1059 2188 rarius
1083 2112 1146 2187 ob

72 2235 243 2312 servatur,
261 2234 345 2298 tum
360 2249 510 2322 quoque
526 2234 677 2324 propter
692 2226 907 2298 universum
920 2249 1047 2323 genus
1062 2249 1148 2300 oer-

74 2353 193 2410 vosum
208 2336 321 2409 nimis
338 2336 517 2421 sentiens;
541 2348 586 2410 ut
603 2336 642 2408 in
659 2335 820 2410 febribus
847 2336 1080 2433 quibusdam,
1105 2337 1145 2408 in

73 2445 284 2543 phreniticis,
309 2447 348 2520 in
367 2446 544 2544 hystoria,
569 2446 768 2544 aliquando
782 2446 1005 2519 observatur.

119 2581 239 2634 ccxx
264 2559 497 2634 Obtunditur
514 2557 655 2657 saepius,
677 2569 742 2629 sut
758 2579 780 2628 a
796 2555 896 2629 vitiis
912 2555 1048 2629 cerebri
1064 2577 1144 2629 ner·

73 2690 286 2770 vommque,
312 2671 466 2745 velutin
485 2671 522 2743 vi
539 2668 650 2767 (npiti
666 2667 775 2754 iliata,
799 2666 859 2740 vel
875 2692 898 2740 a
913 2691 1020 2742 causa
1035 2668 1145 2740 inter·

72 2804 123 2870 uo,
147 2783 471 2883 provenientibus;
505 2793 570 2856 sut
596 2780 752 2855 avitio
742 2780 857 2879 ipsius
879 2781 1016 2878 organi,
1041 2780 1144 2868 aridi,

72 2907 230 3025 propter·
243 2896 368 2970 solitos
396 2894 569 2968 humores
593 2916 813 2991 suppressos,
838 2892 898 2966 vei
924 2892 995 2966 alio
1010 2917 1143 2979 versos,

67 3008 125 3079 rel
140 3009 256 3082 nimia
272 3007 374 3080 muci
398 3005 743 3104 lachrymarumque
768 3006 875 3105 oopia
902 2972 1035 3081 obruti.
1087 3006 1142 3081 U-

71 3120 232 3218 triusque
249 3117 465 3217 exemplum
479 3119 585 3192 estin
598 3118 805 3218 gravedine,
824 3119 910 3192 ubi
900 3119 1007 3196 initio
1024 3118 1143 3192 morbi

71 3251 171 3304 nares
185 3243 365 3317 ueseunt,
390 3241 516 3329 postea
532 3253 620 3303 vero
635 3227 696 3302 vel
725 3228 846 3304 multo
861 3228 1042 3303 humore
1032 3253 1140 3302 inun-

70 3342 212 3431 dantur,
235 3343 296 3418 vel
314 3344 479 3442 spissiore
501 3365 612 3416 muco
627 3342 880 3416 obstruuntur.
932 3341 1005 3420 Sed
1020 3341 1060 3414 in
1086 3340 1141 3414 his

69 3453 216 3555 aliisque
230 3456 326 3531 bene
353 3454 481 3529 multis
510 3452 699 3553 exemplis,
724 3453 937 3527 membrana
960 3453 1038 3526 nasi
1063 3455 1141 3553 ipsa

69 3567 221 3643 afficitur
240 3566 542 3652 inflammatione,
567 3565 800 3653 relaxatione,
826 3566 992 3648 tensione
1015 3567 1140 3654 nimia,

71 3704 133 3777 qus
159 3680 240 3755 fieri
268 3703 343 3754 non
369 3688 490 3777 potest
514 3677 607 3776 quin
632 3678 746 3764 nervi,
770 3679 838 3776 qui
862 3701 1036 3776 magnam
1062 3677 1141 3775 ejus

72 3805 201 3888 putem
219 3793 399 3878 efficiunt,
412 3791 601 3864 vitientur.
642 3789 769 3876 Porro,
786 3789 965 3888 quicquid
982 3789 1141 3863 liberum

72 3907 203 3980 istisin
222 3929 327 3979 nares
344 3903 550 3989 introitum,
574 3911 639 3976 aut
656 3900 770 3998 ipsius
786 3925 852 3999 per
868 3925 926 3974 ess
943 3901 1140 3975 transitum

73 4013 228 4116 impedit,
253 4015 406 4117 oifsptui
422 4039 498 4088 non
515 4012 640 4088 obesse
655 4035 730 4085 non
747 4023 878 4111 potest.

111 4153 247 4206 ccxxi.
275 4129 519 4225 Depravatur
534 4148 802 4223 nonnunquam
821 4123 984 4209 olfactus,
1001 4133 1041 4197 et
1056 4119 1142 4195 odo·

72 4259 118 4313 res
141 4243 410 4341 pereipiuntur,
435 4239 502 4314 ubi
532 4236 626 4312 nihil
655 4235 794 4311 odorati
820 4234 906 4322 fuit,
930 4233 991 4306 vel
1015 4229 1143 4307 odores

588 4371 616 4426 E
