2678 4794
144 356 219 423 552
565 355 815 417 contexemus
1072 354 1240 417 eamn,

146 542 302 641 generis,
314 562 402 615 cum
419 536 767 621 intermittentibus,
784 544 870 608 tum
885 528 1106 621 continuis;
1130 535 1236 612 inter.

147 655 241 729 dum
258 656 371 729 etiam
388 653 484 727 idem
503 659 617 725 status
633 650 680 722 ad
698 645 936 747 putredinem
953 647 1095 746 vergit,
1121 648 1233 725 velud

148 767 187 839 in
218 767 380 842 febribus
406 764 641 863 quibusdam,
665 773 733 834 aut
760 756 906 835 variola
921 757 1149 860 wrfiucsw,
1172 774 1232 837 aut

148 880 286 976 angina
302 877 484 976 maligna:
511 877 550 948 in
575 874 632 950 his
657 875 775 973 igitur
803 881 842 945 et
867 870 1053 953 similibus
1082 875 1227 960 ossibus.

148 1001 342 1091 utcunque
359 996 534 1088 urgentes
549 986 756 1072 videantur,
780 985 930 1083 sanguis
946 983 1005 1090 vel
1021 986 1228 1062 oaudssime

148 1102 395 1177 detrahendus
408 1111 474 1186 est,
492 1100 551 1173 vel
561 1098 716 1172 omnino
728 1121 802 1170 non
816 1090 1038 1185 mittendus,
1056 1100 1225 1197 quoniam

148 1213 229 1287 talis
243 1214 456 1298 exinanitio,
473 1237 558 1310 quae
571 1211 698 1309 primis
711 1209 830 1284 morbi
840 1209 973 1284 dicbus
987 1210 1115 1286 minus
1125 1222 1226 1287 cauto

145 1324 292 1398 medico
307 1348 454 1422 prorsus
472 1324 670 1398 necessaria
687 1323 884 1408 videretur,
908 1331 1049 1419 postea,
1066 1346 1133 1422 per
1147 1348 1223 1398 suos

147 1434 302 1509 effeetus
320 1435 559 1524 infirmantes,
576 1458 649 1509 non
667 1435 780 1508 modo
796 1431 950 1521 inutilis,
968 1435 1035 1509 sed
1051 1438 1224 1511 nocentis

146 1547 237 1620 sima
253 1548 475 1646 plerumque
492 1549 595 1621 l'oret.

197 1682 432 1738 mnnxxxrv.
459 1660 706 1760 Quapropter,
731 1683 816 1735 cum
842 1659 1036 1758 sanguinis
1053 1662 1224 1736 detractio

145 1770 237 1845 adeo
254 1797 386 1872 anceps
403 1772 587 1848 auxilium
603 1780 669 1856 est,
687 1772 724 1843 in
743 1771 786 1844 iis
803 1771 917 1845 etiam
928 1771 1069 1847 morbis
1078 1775 1145 1871 qui
1156 1775 1224 1872 pri·

144 1906 209 1957 mo
225 1897 374 1981 aspectu
392 1909 474 1957 eam
492 1884 655 1955 maxime
671 1881 855 1978 requirere
865 1883 1056 1972 videntur,
1072 1894 1223 1984 oportet,

142 1992 182 2064 in
200 1995 342 2067 casibus
359 1993 561 2090 praesertim
578 1991 712 2080 dubiis,
739 1992 875 2069 multas
892 1993 993 2084 alias,
1018 1999 1221 2097 etquidem

141 2101 408 2177 minutissimas
421 2103 610 2178 interdum
623 2128 690 2190 res
708 2118 841 2203 praeter
857 2107 965 2207 signa
983 2110 1222 2185 manifestiora

140 2213 272 2301 morbi,
298 2214 496 2316 diligenter
507 2216 733 2292 considerare
749 2228 862 2316 atque
878 2223 1121 2319 perpendere,
1146 2248 1222 2322 qua

141 2347 376 2402 commonere
392 2329 533 2428 possint
558 2330 652 2403 hanc
668 2330 959 2404 exinanitionem
977 2334 1040 2408 vel
1068 2359 1222 2412 necessa·

140 2439 244 2527 riam,
256 2441 322 2547 ‚vel
335 2441 478 2530 utilem,
495 2442 556 2517 vel
568 2453 689 2517 tutam
701 2442 830 2517 saltem
843 2441 1028 2535 futuram,
1043 2447 1104 2524 vel
1119 2447 1220 2548 plane

55 2592 60 2606 ·
140 2550 314 2627 inutilem
331 2567 370 2627 et
387 2556 637 2653 perniciosam.

191 2686 401 2742 mnnxxxv.
429 2668 521 2743 Huc
537 2669 723 2766 pertinent
741 2669 925 2768 imprimis
937 2673 1052 2749 variar
1066 2673 1217 2775 corporis

138 2775 255 2872 ipsius
266 2778 506 2868 conditiones,
523 2790 758 2870 amasenus,
775 2783 1008 2875 constitutio,
1018 2788 1120 2875 vaes,
1137 2811 1213 2861 con

136 2889 320 2977 suetudo;
345 2901 384 2966 et
401 2885 532 2969 multra
556 2895 668 2970 etiam
686 2919 742 2969 res
759 2906 934 2986 externae,
960 2898 1104 2985 ooelum
1127 2899 1210 2971 anni

136 3005 297 3099 tempus,
322 3005 454 3091 victus,
477 3017 517 3079 et
534 3006 622 3079 vitae
636 3030 755 3105 genus
769 3037 778 3095 ;
802 3018 841 3083 et
856 3008 1012 3088 demum
1027 3009 1141 3085 morbi
1155 3010 1210 3109 ip-

135 3108 211 3182 sius
228 3123 369 3199 natura,
395 3125 509 3212 atque
525 3117 639 3214 origo,
665 3128 705 3194 et
725 3130 886 3220 tempus,
909 3133 953 3199 et
968 3124 1125 3200 remedia
1135 3122 1212 3222 jam

133 3219 309 3311 adhibita,
326 3233 364 3301 et
381 3226 573 3301 molimina
586 3230 723 3307 virium
736 3244 880 3310 naturas
894 3237 1214 3315 conservatricium

133 3341 172 3406 et
189 3333 415 3425 salutarium,
433 3340 497 3412 &c
553 3417 556 3424 ,

182 3466 412 3523 mnnxxxvr.
440 3449 500 3525 Sic
510 3448 679 3548 juvenes,
705 3464 744 3531 et
767 3458 936 3535 homines
952 3462 1157 3538 constantis
1170 3487 1212 3535 m

131 3554 228 3641 tatis,
254 3582 365 3655 quarn
383 3560 542 3639 infantes
565 3576 632 3640 aut
661 3591 774 3658 senes,
800 3571 880 3659 viri,
906 3564 1026 3674 quam
1043 3575 1210 3662 soeminae,

129 3662 237 3753 firmi,
275 3692 389 3766 quam
420 3672 545 3750 molles
566 3688 604 3752 et
631 3678 784 3771 flaccidi,
810 3685 964 3783 graciles
991 3687 1081 3778 sere,
1106 3712 1212 3789 quam

129 3778 241 3866 obesi,
259 3780 411 3873 robusti,
429 3811 541 3885 quam
558 3789 697 3866 infirmi
709 3803 748 3868 et
760 3794 919 3885 delicati,
935 3802 1087 3890 maneti
1103 3824 1211 3901 quam

126 3889 313 3982 inassueti,
330 3903 481 3987 actuosi,
498 3927 609 4000 quam
627 3905 754 4004 ignavi
771 3917 810 3983 et
825 3906 982 4003 desides,
1010 3914 1164 4014 copioso
1177 3921 1212 3986 et

120 4000 262 4094 ualido,
288 4030 398 4107 quarn
417 4036 526 4108 parco
541 4025 581 4090 et
597 4018 701 4092 tenui
719 4019 823 4095 victu
839 4033 1043 4114 vescentes,
1069 4024 1211 4127 frigida-

125 4133 223 4202 rum,
249 4142 362 4216 quam
379 4121 577 4202 calidarum
595 4131 790 4228 regionum
807 4133 949 4223 incola,
975 4135 1211 4215 hamerina

124 4223 307 4309 nitionem
330 4232 561 4336 frequentius
586 4243 784 4342 requirunt
809 4254 849 4323 et
879 4247 1015 4328 melius
1044 4250 1209 4329 tolerant
