2678 4794
68 380 156 438 CAP.
172 380 197 434 1.
349 374 572 432 MEDICINAE
590 374 879 433 THEORETICAE.
1121 370 1144 445 9

71 559 153 634 solis
178 557 454 657 dignoscantur.
509 556 766 655 symptomata
781 554 842 630 vel
867 556 987 631 morbi
1012 557 1146 633 indicia

71 686 152 747 sunt
167 669 327 771 singulm
343 695 431 768 quae
446 670 487 743 in
502 694 601 769 aegro
617 679 749 767 praeter
765 681 937 744 naturam
954 670 1146 745 observan-

68 794 125 859 tor
138 809 217 870 res3
259 784 413 858 illomm
430 807 517 857 vero
533 784 726 882 praecipua,
743 783 1028 871 evidentissima,
1062 804 1147 857 con·

65 898 298 984 stantissima‚
333 896 512 971 morbum
545 896 696 982 faciunt,
730 895 933 981 definiunt;
973 896 1045 970 alia
1075 895 1149 969 alia

67 1009 316 1108 producentia,
334 1010 453 1109 prima
469 1010 516 1082 ab
532 1009 611 1108 ipsa
626 1009 746 1082 morbi
758 1032 865 1084 causa
881 1009 1146 1108 provenientia.

112 1146 247 1199 xxvu.
275 1121 390 1196 Varia
405 1122 568 1221 profecto
584 1133 623 1197 et
640 1145 754 1220 prope
772 1123 968 1197 innumera
982 1123 1024 1196 in
1040 1122 1148 1222 aegu‘s

68 1234 306 1309 observantur
329 1235 544 1309 morborum
570 1235 684 1334 signa,
708 1259 870 1332 quorum
895 1235 1041 1325 notitia,
1062 1244 1147 1310 tum

68 1345 115 1420 ad
148 1348 430 1445 eognoscendos,
470 1357 556 1423 tum
593 1371 745 1446 quoque
778 1348 825 1421 ad
867 1347 1045 1423 sanandos
1085 1345 1148 1422 vel
1228 1334 1231 1339 ’

70 1456 242 1532 levandos
265 1461 421 1548 morbos,
455 1460 680 1536 medicinam
709 1460 928 1536 facientibus
963 1462 1146 1560 imprimis

70 1570 166 1644 utilis
190 1573 269 1647 erit
321 1574 510 1647 Immensa
525 1598 616 1648 vero
632 1574 766 1649 talium
783 1575 974 1674 signorum
990 1575 1147 1649 varietas

65 1680 161 1759 haud
187 1686 314 1784 inepte
336 1686 386 1759 ad
403 1686 472 1760 tria
487 1709 623 1785 genera
646 1710 711 1762 seu
737 1688 859 1786 capita
881 1687 1006 1760 referri
1031 1687 1146 1770 solet;

64 1795 280 1885 functiones,
306 1798 454 1885 scilicet,
490 1796 708 1897 imperbtas3
739 1824 867 1875 sensus
898 1800 976 1874 sive
1000 1822 1148 1898 percep·

65 1910 178 1984 tiones
195 1910 389 1998 molestam
414 1923 453 1986 et
479 1913 637 2011 speciem
653 1913 815 2013 aliasque
845 1913 1005 2012 corporis
1029 1911 1147 2011 quali-

67 2031 155 2096 tates
196 2025 420 2118 manifestas,
461 2026 522 2098 vel
562 2052 648 2125 quae
682 2027 847 2102 sensibus
880 2026 1146 2126 percipiuntur,

65 2147 223 2210 mutatas
253 2146 321 2211 aut
347 2137 691 2213 vitiatas-Omnis
720 2141 899 2214 nimirum
928 2139 1080 2213 morbus
1106 2140 1147 2213 in

67 2245 145 2322 laesa
188 2249 316 2348 aliqua
349 2251 539 2325 iunctione
571 2253 735 2326 maxime
780 2252 946 2326 consistit
988 2251 1147 2346 (xxrv):

68 2358 198 2434 burum
214 2388 302 2437 vero
317 2363 422 2438 nulla
437 2364 512 2438 fere
528 2364 614 2437 laedi
630 2364 690 2436 vel
707 2363 879 2460 impediri
895 2371 1029 2460 potest,
1053 2363 1148 2458 quin

70 2471 171 2544 brevi
187 2474 388 2550 molestiam
407 2477 595 2576 quandam
612 2499 711 2572 aegro
726 2474 887 2558 facessat,
913 2497 989 2568 qua
1005 2473 1094 2544 sciat
1110 2496 1149 2544 se
1219 2552 1222 2559 ,

67 2583 162 2657 male
190 2586 328 2662 babere.
379 2589 460 2664 Nec
478 2589 678 2688 quisquam
707 2586 782 2660 fere
798 2586 865 2659 diu
882 2592 1060 2683 aegrotare
1084 2607 1148 2682 po·

65 2707 148 2788 rest,
177 2701 268 2799 quin
284 2704 422 2801 species
449 2712 489 2776 et
506 2702 624 2778 forma
639 2701 811 2799 corporis,
840 2709 879 2773 et
896 2695 1025 2772 vultus
1049 2697 1149 2772 color

66 2809 201 2898 decens,
233 2839 320 2912 quae
342 2840 524 2914 prosperae
540 2813 747 2889 valetudini
774 2812 990 2912 contingere
1018 2809 1159 2898 solent‚'

66 2925 291 3024 eandemque
320 2939 399 3002 tam
426 2927 579 3028 pulchre
609 2926 810 3024 depingere
840 2924 949 3021 (mx)
967 2924 1051 3023 plus
1079 2925 1149 2999 mi-

66 3055 177 3110 nusve
194 3050 490 3139 corrumpantur.

114 3171 262 3226 xxvrn.
290 3152 454 3240 Medico,
479 3152 730 3250 igiturfinter
745 3150 908 3226 adversar
925 3148 1149 3224 valetudinis

67 3259 192 3336 indicia
216 3264 401 3364 imprimis
426 3264 589 3340 notanda
615 3274 706 3339 sunt
725 3263 896 3338 laesarum
912 3261 1150 3336 functionum

66 3373 275 3450 animalium
313 3378 441 3477 signa3
484 3401 626 3467 sensus,
661 3372 809 3464 scilicet,
847 3383 1048 3472 motusque
1084 3398 1149 3448 vo-

68 3481 208 3561 luntarii
234 3488 333 3563 male
358 3514 397 3567 se
420 3490 640 3565 habentium
666 3487 812 3564 indicia:
878 3485 1023 3586 Singuli
1048 3489 1150 3563 enim

68 3618 185 3673 sensus
200 3603 350 3676 externi
367 3604 476 3678 variis
493 3610 651 3702 possunt
669 3601 793 3675 vitiari
809 3599 940 3688 modis,
970 3608 1010 3673 et
1025 3623 1151 3675 revere

69 3729 154 3808 sepe
169 3714 374 3800 vitiantur;
409 3738 545 3814 nempe
560 3724 629 3790 aut
645 3713 830 3788 deficiunt
846 3726 886 3787 et
901 3722 1062 3812 torpent,
1087 3724 1154 3788 aut

69 3821 167 3898 rimis
189 3828 290 3901 acuti
315 3827 424 3917 fiunt,
451 3852 520 3903 nec
557 3829 636 3902 sine
658 3826 826 3900 molestia
850 3825 1056 3913 exercendi,
1081 3834 1148 3900 aut

69 3931 248 4012 abnormes
274 3938 373 4015 fiunt
397 3951 435 4016 et
470 3941 730 4040 depravantur.
799 3939 935 4014 Sensus
960 3963 1069 4037 porro
1091 3940 1148 4010 in-

68 4050 153 4121 temi
165 4076 296 4150 saepea
311 4054 449 4128 morbis
461 4054 684 4130 afficiuntur.
723 4050 1147 4150 Hujusmodiveroom-

66 4157 164 4234 nium
175 4186 354 4239 sensuum
371 4166 581 4241 affectiones
594 4165 728 4240 medici
745 4164 988 4238 attentionem
1002 4160 1147 4259 optimo

59 4265 139 4360 jure
167 4275 236 4349 sibi
252 4276 454 4369 vindicant,
482 4290 667 4379 quatenus
696 4301 771 4353 non
792 4273 906 4351 modo
935 4276 1023 4373 ipsae
1045 4269 1145 4343 haud
