2678 4794
194 368 268 436 300
613 373 866 431 consancrus
1051 377 1138 433 car.
1156 376 1274 435 xxrv.

240 550 909 651 nccccaxx11.Faeiieigiturexjam
922 551 1029 626 dietis
1041 554 1277 654 intelligetur

190 670 398 745 differentia
413 670 510 742 inter
524 662 767 739 indicationes
783 662 997 738 caram-iar
1013 674 1052 737 et
1076 665 1279 742 indicabo-

189 808 256 860 ηας
278 779 495 884 palliatione
521 789 716 852 auctorum
744 774 997 862 medioonrm3
1023 800 1179 874 quarum
1211 779 1281 851 hae

188 897 229 970 in
245 891 469 994 mitigandis,
484 890 556 965 illae
571 891 612 964 in
628 888 798 963 sanandis
814 887 960 975 morbis,
980 888 1102 963 locum
1119 887 1279 963 habent.

188 1008 304 1082 Ratio
319 1028 471 1102 quoque
487 1003 528 1076 in
544 1003 666 1102 aprioo
683 1003 763 1088 erit,
793 1025 868 1098 qua
892 1002 1086 1099 utriusque
1114 1002 1279 1098 generis,

185 1117 387 1216 praesertim
417 1117 639 1215 posterioris,
667 1112 837 1189 nudandi
863 1111 1030 1200 consilia,
1059 1112 1163 1186 alteri
1188 1138 1278 1212 pro·

183 1227 304 1326 posito
320 1228 509 1303 interdum
526 1229 702 1303 inservire
719 1238 868 1327 queant.
918 1227 1024 1314 Quin
1045 1237 1083 1301 et
1099 1227 1277 1326 exempla

158 1391 161 1403 .
183 1338 295 1413 nimis
312 1340 526 1439 frequenter
541 1351 750 1426 occurrunt,
775 1341 814 1413 in
832 1339 969 1438 quibus
986 1338 1154 1438 perfectae
1170 1363 1274 1414 sana-

183 1450 278 1524 tioni
296 1465 439 1529 nonest
454 1453 567 1541 loono,
584 1455 662 1527 sive
677 1477 745 1526 sna
760 1461 892 1526 natura
901 1452 1052 1526 morbus
1062 1450 1273 1525 insanabilia

183 1564 321 1652 existit,
351 1566 428 1639 sive
457 1575 606 1639 tantum
635 1564 848 1663 imperfecta
882 1563 1075 1638 medicinae
1107 1563 1272 1638 conditio

182 1676 317 1750 idonea
333 1686 372 1751 et
401 1677 558 1751 efficacia
587 1677 760 1750 adversus
788 1700 874 1749 eum
902 1675 1063 1749 remedia
1080 1699 1155 1750 non
1184 1700 1271 1775 sug·

182 1789 289 1888 gerit.
341 1788 396 1863 Et
412 1789 575 1888 profecto
604 1790 643 1861 iu
670 1786 843 1862 omnibus
872 1787 1020 1876 morbis,
1050 1813 1168 1887 quum
1189 1787 1271 1886 jam

182 1901 230 1974 ad
256 1912 423 1974 extrema
440 1910 596 1975 ventum
626 1909 692 1986 est,
721 1910 761 1974 et
789 1901 961 1974 instantis
985 1901 1116 1974 mortis
1134 1900 1270 1974 iudicia

182 2035 285 2109 spem
316 2012 457 2086 nullam
486 2012 684 2087 sanationis
712 2013 941 2112 relinquunt,
975 2014 1116 2114 aliquid
1148 2013 1269 2088 adbuc

182 2121 305 2196 solerti
325 2124 466 2198 medioo
482 2123 692 2199 faciendum
721 2135 910 2224 superest:
936 2126 1005 2199 erit
1033 2127 1134 2201 enim
1152 2126 1267 2226 quod·

181 2233 280 2322 dam,
297 2236 335 2309 in
355 2236 418 2310 tali
436 2237 640 2310 miserrimo
657 2248 696 2312 et
713 2237 909 2336 desperato·
920 2247 1029 2321 statu,
1047 2238 1163 2312 lenire
1174 2237 1266 2314 mala

181 2373 267 2446 quae
283 2373 518 2425 summovere
530 2360 702 2449 nequeat,
720 2360 758 2424 et
775 2355 917 2419 toran-mr
933 2350 1063 2425 saltem
1080 2352 1265 2426 moribun-

181 2459 231 2534 do
250 2461 379 2549 moliri,
397 2458 580 2561 siquidem
592 2464 710 2538 vitam
728 2461 807 2561 ejus
820 2487 942 2563 neque
959 2488 1173 2539 conservare
1188 2488 1264 2566 poa-

180 2573 239 2659 sit,
256 2597 380 2673 neque
397 2576 555 2674 amplius
574 2575 783 2673 producere.

230 2707 506 2762 nccchxxnr.
525 2687 647 2763 Aliud
664 2689 825 2788 denique
841 2713 964 2790 neque
980 2690 1061 2764 leve
1078 2690 1263 2790 nequein

180 2795 273 2867 utile
298 2821 392 2894 opus
418 2799 552 2871 medici
578 2802 760 2898 suscipere
785 2802 993 2889 voluerunt,
1028 2816 1067 2876 et
1095 2815 1176 2878 arte
1203 2825 1265 2878 sua

178 2929 253 2978 non
274 2910 385 2982 modo
402 2912 548 2983 morbos
560 2910 639 3007 jam
657 2922 854 3008 praesentes
872 2939 1006 3000 sanare,
1035 2915 1064 2988 si
1091 2914 1264 2990 sanabiles

177 3017 389 3104 existerent,
415 3020 475 3092 vel
505 3020 619 3092 lenire
637 3021 776 3110 saltem,
806 3026 836 3097 si
853 3051 934 3125 spes
951 3025 1052 3101 nulla
1069 3028 1264 3102 sanationis

177 3128 263 3202 data
287 3140 391 3218 esset,
418 3131 483 3204 sed
507 3133 702 3207 sanitatem
728 3159 879 3235 quoque
906 3140 1013 3226 tueri,
1042 3139 1265 3239 morbosque

176 3243 228 3317 ita
244 3267 375 3330 arcere,
406 3253 450 3317 ut
467 3243 684 3342 quicunque
709 3271 838 3322 eorum
855 3251 1027 3325 instituta
1043 3251 1114 3324 rite
1132 3275 1266 3326 servas·

176 3368 269 3444 sent,
286 3381 482 3457 nunqnam
499 3357 587 3455 aegri
605 3358 736 3448 forent,
760 3362 824 3435 sed
841 3365 918 3436 sani
936 3387 1080 3461 semper
1099 3365 1266 3439 viventes

175 3477 381 3542 extremam
408 3470 496 3544 vitae
529 3468 701 3546 humanae
726 3486 862 3548 metam
888 3474 992 3550 facile
1025 3469 1267 3575 attingerent.

176 3577 302 3652 Multa
319 3605 415 3668 sane,
441 3592 480 3656 et
495 3583 669 3680 quaedam
688 3585 795 3672 bona,
823 3586 870 3660 de
887 3587 943 3661 his
960 3587 1069 3661 rebus
1082 3599 1269 3687 praecepta

87 3693 89 3703 '
173 3691 364 3766 amedicis
389 3693 467 3767 dari
493 3694 621 3785 solent,
647 3724 805 3796 quorum
837 3702 970 3775 notitia
997 3703 1035 3774 in
1059 3701 1193 3776 multis
1209 3725 1269 3776 oc·

172 3804 379 3878 oasionibus
396 3810 545 3907 egregio
563 3835 633 3885 usu
651 3835 725 3885 non
744 3813 892 3900 carebit,
909 3814 1081 3910 quamvis
1098 3812 1267 3888 multum

169 3915 266 3990 absit
292 3927 337 3990 ut
361 3919 609 3996 omnia'bona
633 3924 717 4011 sint,
743 3925 802 3998 vel
821 3938 864 3998 ut
894 3927 1016 4024 ipsum
1035 3925 1083 3999 de
1107 3931 1268 4001 sanitate

172 4029 313 4103 tuenda
330 4032 560 4128 propositum
591 4036 638 4109 sit
655 4036 747 4111 adeo
773 4037 875 4111 facile
891 4063 933 4113 ae
950 4040 1099 4113 sibimet
1115 4063 1266 4138 persua-

169 4143 294 4244 serint.
346 4143 481 4242 Neque
506 4148 670 4245 profecto
687 4149 848 4225 muitum
880 4152 1115 4249 profecerunt
1141 4152 1264 4226 hacte-

168 4277 253 4347 nus,
272 4259 338 4357 qui
355 4259 403 4333 ad
420 4283 587 4335 normam
606 4261 787 4337 medicam
802 4264 955 4339 vivendi
968 4264 1150 4340 rationem
1170 4287 1265 4339 sem·
