<?xml version="1.0" encoding="UTF-8"?>
<!DOCTYPE html PUBLIC "-//W3C//DTD XHTML 1.0 Transitional//EN"
    "http://www.w3.org/TR/xhtml1/DTD/xhtml1-transitional.dtd">
<html xmlns="http://www.w3.org/1999/xhtml" xml:lang="en" lang="en">
 <head>
  <title>
</title>
<meta http-equiv="Content-Type" content="text/html;charset=utf-8" />
  <meta name='ocr-system' content='tesseract 3.04.00' />
  <meta name='ocr-capabilities' content='ocr_page ocr_carea ocr_par ocr_line ocrx_word'/>
</head>
<body>
  <div class='ocr_page' id='page_1' title='image "./conspectusmedic01greggoog_0413.png"; bbox 0 0 2678 4794; ppageno 0'>
   <div class='ocr_carea' id='block_1_1' title="bbox 142 402 1222 476">
    <p class='ocr_par' dir='ltr' id='par_1_1' title="bbox 142 402 1222 476">
     <span class='ocr_line' id='line_1_1' title="bbox 142 402 1222 476; baseline -0.006 0"><span class='ocrx_word' id='word_1_1' title='bbox 142 402 215 476; x_wconf 73' lang='lat'><strong>³62</strong></span> <span class='ocrx_word' id='word_1_2' title='bbox 515 419 767 476; x_wconf 79' lang='lat' dir='ltr'><strong>cousracrus</strong></span> <span class='ocrx_word' id='word_1_3' title='bbox 968 414 1222 473; x_wconf 69' lang='lat' dir='ltr'><strong>cunnum</strong></span> 
     </span>
    </p>
   </div>
   <div class='ocr_carea' id='block_1_2' title="bbox 141 595 1220 1036">
    <p class='ocr_par' dir='ltr' id='par_1_2' title="bbox 141 595 1220 1036">
     <span class='ocr_line' id='line_1_2' title="bbox 143 595 1220 698; baseline -0.001 -27"><span class='ocrx_word' id='word_1_4' title='bbox 143 607 183 671; x_wconf 91' lang='lat' dir='ltr'><strong>et</strong></span> <span class='ocrx_word' id='word_1_5' title='bbox 198 621 326 673; x_wconf 90' lang='lat' dir='ltr'><strong>omnes</strong></span> <span class='ocrx_word' id='word_1_6' title='bbox 342 598 458 698; x_wconf 83' lang='lat' dir='ltr'><strong>igitur</strong></span> <span class='ocrx_word' id='word_1_7' title='bbox 472 597 624 673; x_wconf 84' lang='lat' dir='ltr'><strong>effeetus</strong></span> <span class='ocrx_word' id='word_1_8' title='bbox 640 595 793 696; x_wconf 88' lang='lat' dir='ltr'><strong>frigoris,</strong></span> <span class='ocrx_word' id='word_1_9' title='bbox 810 603 889 668; x_wconf 88' lang='lat' dir='ltr'><strong>tam</strong></span> <span class='ocrx_word' id='word_1_10' title='bbox 907 595 994 669; x_wconf 92' lang='lat' dir='ltr'><strong>boni</strong></span> <span class='ocrx_word' id='word_1_11' title='bbox 1011 619 1129 694; x_wconf 90' lang='lat' dir='ltr'><strong>quam</strong></span> <span class='ocrx_word' id='word_1_12' title='bbox 1146 619 1220 670; x_wconf 89' lang='lat' dir='ltr'><strong>ma·</strong></span> 
     </span>
     <span class='ocr_line' id='line_1_3' title="bbox 142 708 1220 807; baseline 0 -23"><span class='ocrx_word' id='word_1_13' title='bbox 142 710 182 799; x_wconf 96' lang='lat' dir='ltr'><strong>li,</strong></span> <span class='ocrx_word' id='word_1_14' title='bbox 199 712 308 786; x_wconf 88' lang='lat' dir='ltr'><strong>citius</strong></span> <span class='ocrx_word' id='word_1_15' title='bbox 323 720 361 786; x_wconf 92' lang='lat' dir='ltr'><strong>et</strong></span> <span class='ocrx_word' id='word_1_16' title='bbox 375 710 505 785; x_wconf 83' lang='lat' dir='ltr'><strong>fortius</strong></span> <span class='ocrx_word' id='word_1_17' title='bbox 520 710 759 784; x_wconf 88' lang='lat' dir='ltr'><strong>inducuntur.</strong></span> <span class='ocrx_word' id='word_1_18' title='bbox 809 708 1046 807; x_wconf 86' lang='lat' dir='ltr'><strong>Quapropter</strong></span> <span class='ocrx_word' id='word_1_19' title='bbox 1062 709 1102 783; x_wconf 87' lang='lat' dir='ltr'><strong>id</strong></span> <span class='ocrx_word' id='word_1_20' title='bbox 1128 733 1220 784; x_wconf 88' lang='lat' dir='ltr'><strong>sem·</strong></span> 
     </span>
     <span class='ocr_line' id='line_1_4' title="bbox 141 819 1220 923; baseline -0.002 -26"><span class='ocrx_word' id='word_1_21' title='bbox 141 848 208 923; x_wconf 90' lang='lat' dir='ltr'><strong>per</strong></span> <span class='ocrx_word' id='word_1_22' title='bbox 223 823 323 898; x_wconf 91' lang='lat' dir='ltr'><strong>omni</strong></span> <span class='ocrx_word' id='word_1_23' title='bbox 352 847 438 898; x_wconf 90' lang='lat' dir='ltr'><strong>eura</strong></span> <span class='ocrx_word' id='word_1_24' title='bbox 461 821 669 897; x_wconf 85' lang='lat' dir='ltr'><strong>oavendum</strong></span> <span class='ocrx_word' id='word_1_25' title='bbox 686 828 752 908; x_wconf 88' lang='lat' dir='ltr'><strong>est,</strong></span> <span class='ocrx_word' id='word_1_26' title='bbox 769 820 1068 919; x_wconf 86' lang='lat' dir='ltr'>quandocunque</span> <span class='ocrx_word' id='word_1_27' title='bbox 1083 819 1220 896; x_wconf 84' lang='lat' dir='ltr'><strong>lavatio</strong></span> 
     </span>
     <span class='ocr_line' id='line_1_5' title="bbox 141 932 1219 1036; baseline -0.004 -27"><span class='ocrx_word' id='word_1_28' title='bbox 141 935 273 1036; x_wconf 83' lang='lat' dir='ltr'><strong>frigida</strong></span> <span class='ocrx_word' id='word_1_29' title='bbox 288 935 427 1009; x_wconf 86' lang='lat' dir='ltr'><strong>utenda</strong></span> <span class='ocrx_word' id='word_1_30' title='bbox 442 943 507 1023; x_wconf 87' lang='lat' dir='ltr'><strong>est,</strong></span> <span class='ocrx_word' id='word_1_31' title='bbox 524 958 573 1009; x_wconf 93' lang='lat' dir='ltr'><strong>ne</strong></span> <span class='ocrx_word' id='word_1_32' title='bbox 587 935 703 1033; x_wconf 84' lang='lat' dir='ltr'><strong>frigus</strong></span> <span class='ocrx_word' id='word_1_33' title='bbox 719 932 781 1007; x_wconf 93' lang='lat' dir='ltr'><strong>vel</strong></span> <span class='ocrx_word' id='word_1_34' title='bbox 797 932 957 1007; x_wconf 90' lang='lat' dir='ltr'><strong>nimium</strong></span> <span class='ocrx_word' id='word_1_35' title='bbox 969 934 1029 1019; x_wconf 94' lang='lat' dir='ltr'><strong>sit,</strong></span> <span class='ocrx_word' id='word_1_36' title='bbox 1047 932 1108 1007; x_wconf 90' lang='lat' dir='ltr'><strong>vel</strong></span> <span class='ocrx_word' id='word_1_37' title='bbox 1122 957 1219 1033; x_wconf 84' lang='lat' dir='ltr'><strong>aeger</strong></span> 
     </span>
    </p>
   </div>
   <div class='ocr_carea' id='block_1_3' title="bbox 136 1044 1217 1708">
    <p class='ocr_par' dir='ltr' id='par_1_3' title="bbox 136 1044 1217 1708">
     <span class='ocr_line' id='line_1_6' title="bbox 140 1044 1217 1144; baseline -0.003 -21"><span class='ocrx_word' id='word_1_38' title='bbox 140 1049 180 1123; x_wconf 93' lang='lat' dir='ltr'><strong>iu</strong></span> <span class='ocrx_word' id='word_1_39' title='bbox 197 1073 242 1122; x_wconf 89' lang='lat' dir='ltr'><strong>eo</strong></span> <span class='ocrx_word' id='word_1_40' title='bbox 256 1048 368 1122; x_wconf 89' lang='lat' dir='ltr'><strong>nimis</strong></span> <span class='ocrx_word' id='word_1_41' title='bbox 384 1048 450 1122; x_wconf 93' lang='lat' dir='ltr'><strong>diu</strong></span> <span class='ocrx_word' id='word_1_42' title='bbox 467 1056 634 1133; x_wconf 90' lang='lat' dir='ltr'><strong>maneat;</strong></span> <span class='ocrx_word' id='word_1_43' title='bbox 661 1047 718 1121; x_wconf 91' lang='lat' dir='ltr'><strong>sin</strong></span> <span class='ocrx_word' id='word_1_44' title='bbox 730 1046 863 1133; x_wconf 89' lang='lat' dir='ltr'><strong>minus,</strong></span> <span class='ocrx_word' id='word_1_45' title='bbox 880 1071 947 1144; x_wconf 92' lang='lat' dir='ltr'><strong>pro</strong></span> <span class='ocrx_word' id='word_1_46' title='bbox 961 1047 1102 1133; x_wconf 89' lang='lat' dir='ltr'>robore,</span> <span class='ocrx_word' id='word_1_47' title='bbox 1120 1044 1217 1120; x_wconf 86' lang='lat' dir='ltr'><strong>infir·</strong></span> 
     </span>
     <span class='ocr_line' id='line_1_7' title="bbox 139 1158 1216 1259; baseline -0.001 -26"><span class='ocrx_word' id='word_1_48' title='bbox 139 1162 306 1234; x_wconf 87' lang='lat' dir='ltr'><strong>mitatem</strong></span> <span class='ocrx_word' id='word_1_49' title='bbox 332 1159 402 1234; x_wconf 88' lang='lat' dir='ltr'><strong>sibi</strong></span> <span class='ocrx_word' id='word_1_50' title='bbox 426 1159 652 1259; x_wconf 75' lang='lat' dir='ltr'><strong>comparabit</strong></span> <span class='ocrx_word' id='word_1_51' title='bbox 677 1163 885 1257; x_wconf 82' lang='lat' dir='ltr'><strong>(ucxv111);</strong></span> <span class='ocrx_word' id='word_1_52' title='bbox 911 1183 995 1232; x_wconf 92' lang='lat' dir='ltr'><strong>nam</strong></span> <span class='ocrx_word' id='word_1_53' title='bbox 1020 1158 1151 1258; x_wconf 83' lang='lat' dir='ltr'><strong>frigus,</strong></span> <span class='ocrx_word' id='word_1_54' title='bbox 1175 1167 1216 1233; x_wconf 89' lang='lat' dir='ltr'><strong>ut</strong></span> 
     </span>
     <span class='ocr_line' id='line_1_8' title="bbox 139 1269 1214 1372; baseline 0 -28"><span class='ocrx_word' id='word_1_55' title='bbox 139 1272 254 1346; x_wconf 90' lang='lat' dir='ltr'><strong>nimia</strong></span> <span class='ocrx_word' id='word_1_56' title='bbox 278 1272 515 1372; x_wconf 79' lang='lat' dir='ltr'><strong>experientia,</strong></span> <span class='ocrx_word' id='word_1_57' title='bbox 539 1282 579 1346; x_wconf 91' lang='lat' dir='ltr'><strong>et</strong></span> <span class='ocrx_word' id='word_1_58' title='bbox 603 1295 770 1347; x_wconf 89' lang='lat' dir='ltr'><strong>sanorum</strong></span> <span class='ocrx_word' id='word_1_59' title='bbox 792 1278 831 1345; x_wconf 91' lang='lat' dir='ltr'><strong>et</strong></span> <span class='ocrx_word' id='word_1_60' title='bbox 854 1271 1128 1369; x_wconf 83' lang='lat' dir='ltr'><strong>aegrotantium,</strong></span> <span class='ocrx_word' id='word_1_61' title='bbox 1138 1269 1214 1369; x_wconf 85' lang='lat' dir='ltr'><strong>jam</strong></span> 
     </span>
     <span class='ocr_line' id='line_1_9' title="bbox 137 1381 1213 1484; baseline -0.001 -26"><span class='ocrx_word' id='word_1_62' title='bbox 137 1384 252 1482; x_wconf 88' lang='lat' dir='ltr'><strong>probe</strong></span> <span class='ocrx_word' id='word_1_63' title='bbox 281 1394 514 1484; x_wconf 91' lang='lat' dir='ltr'><strong>oompertum</strong></span> <span class='ocrx_word' id='word_1_64' title='bbox 541 1395 607 1472; x_wconf 87' lang='lat' dir='ltr'><strong>est,</strong></span> <span class='ocrx_word' id='word_1_65' title='bbox 632 1385 785 1458; x_wconf 87' lang='lat' dir='ltr'><strong>sivalde</strong></span> <span class='ocrx_word' id='word_1_66' title='bbox 801 1385 988 1458; x_wconf 91' lang='lat' dir='ltr'><strong>intensum</strong></span> <span class='ocrx_word' id='word_1_67' title='bbox 1004 1381 1129 1471; x_wconf 81' lang='lat' dir='ltr'><strong>fuerit,</strong></span> <span class='ocrx_word' id='word_1_68' title='bbox 1158 1381 1213 1457; x_wconf 85' lang='lat' dir='ltr'><strong>vel</strong></span> 
     </span>
     <span class='ocr_line' id='line_1_10' title="bbox 138 1495 1213 1595; baseline 0 -25"><span class='ocrx_word' id='word_1_69' title='bbox 138 1495 203 1570; x_wconf 92' lang='lat' dir='ltr'><strong>diu</strong></span> <span class='ocrx_word' id='word_1_70' title='bbox 222 1498 493 1584; x_wconf 85' lang='lat' dir='ltr'><strong>continuatum,</strong></span> <span class='ocrx_word' id='word_1_71' title='bbox 510 1497 679 1595; x_wconf 89' lang='lat' dir='ltr'><strong>quamvis</strong></span> <span class='ocrx_word' id='word_1_72' title='bbox 695 1495 795 1570; x_wconf 92' lang='lat' dir='ltr'><strong>haud</strong></span> <span class='ocrx_word' id='word_1_73' title='bbox 811 1495 902 1570; x_wconf 89' lang='lat' dir='ltr'><strong>adeo</strong></span> <span class='ocrx_word' id='word_1_74' title='bbox 919 1495 1120 1582; x_wconf 90' lang='lat' dir='ltr'><strong>intensum,</strong></span> <span class='ocrx_word' id='word_1_75' title='bbox 1142 1519 1213 1570; x_wconf 83' lang='lat' dir='ltr'><strong>eor·</strong></span> 
     </span>
     <span class='ocr_line' id='line_1_11' title="bbox 136 1606 1214 1708; baseline 0 -25"><span class='ocrx_word' id='word_1_76' title='bbox 136 1633 208 1708; x_wconf 91' lang='lat' dir='ltr'><strong>pus</strong></span> <span class='ocrx_word' id='word_1_77' title='bbox 225 1611 362 1684; x_wconf 88' lang='lat' dir='ltr'><strong>mirum</strong></span> <span class='ocrx_word' id='word_1_78' title='bbox 378 1610 418 1682; x_wconf 93' lang='lat' dir='ltr'><strong>in</strong></span> <span class='ocrx_word' id='word_1_79' title='bbox 435 1609 591 1699; x_wconf 90' lang='lat' dir='ltr'><strong>modum</strong></span> <span class='ocrx_word' id='word_1_80' title='bbox 607 1606 787 1696; x_wconf 83' lang='lat' dir='ltr'><strong>debilitat,</strong></span> <span class='ocrx_word' id='word_1_81' title='bbox 809 1616 848 1681; x_wconf 92' lang='lat' dir='ltr'><strong>et</strong></span> <span class='ocrx_word' id='word_1_82' title='bbox 864 1631 959 1705; x_wconf 88' lang='lat' dir='ltr'><strong>saepe</strong></span> <span class='ocrx_word' id='word_1_83' title='bbox 975 1616 1163 1696; x_wconf 85' lang='lat' dir='ltr'><strong>tremores,</strong></span> <span class='ocrx_word' id='word_1_84' title='bbox 1178 1617 1214 1683; x_wconf 85' lang='lat' dir='ltr'><strong>et</strong></span> 
     </span>
    </p>
   </div>
   <div class='ocr_carea' id='block_1_4' title="bbox 1 1701 1213 1821">
    <p class='ocr_par' dir='ltr' id='par_1_4' title="bbox 1 1701 1213 1821">
     <span class='ocr_line' id='line_1_12' title="bbox 1 1701 1213 1821; baseline 0.006 -32"><span class='ocrx_word' id='word_1_85' title='bbox 1 1783 3 1789; x_wconf 83' lang='lat'><strong>.</strong></span> <span class='ocrx_word' id='word_1_86' title='bbox 88 1701 91 1705; x_wconf 41' lang='grc'><em>’</em></span> <span class='ocrx_word' id='word_1_87' title='bbox 136 1721 336 1820; x_wconf 88' lang='lat' dir='ltr'><strong>aliquando</strong></span> <span class='ocrx_word' id='word_1_88' title='bbox 345 1721 537 1821; x_wconf 85' lang='lat' dir='ltr'><strong>paralysin,</strong></span> <span class='ocrx_word' id='word_1_89' title='bbox 554 1729 593 1794; x_wconf 90' lang='lat' dir='ltr'><strong>et</strong></span> <span class='ocrx_word' id='word_1_90' title='bbox 602 1742 870 1818; x_wconf 91' lang='lat' dir='ltr'><strong>nonnunquam</strong></span> <span class='ocrx_word' id='word_1_91' title='bbox 881 1719 1036 1793; x_wconf 83' lang='lat' dir='ltr'><strong>demum</strong></span> <span class='ocrx_word' id='word_1_92' title='bbox 1045 1729 1213 1809; x_wconf 86' lang='lat' dir='ltr'><strong>mortem,</strong></span> 
     </span>
    </p>
   </div>
   <div class='ocr_carea' id='block_1_5' title="bbox 90 1822 1213 4064">
    <p class='ocr_par' dir='ltr' id='par_1_5' title="bbox 132 1822 1213 2580">
     <span class='ocr_line' id='line_1_13' title="bbox 136 1822 1213 1918; baseline 0.003 -13"><span class='ocrx_word' id='word_1_93' title='bbox 136 1834 290 1908; x_wconf 85' lang='lat' dir='ltr'><strong>inducit.</strong></span> <span class='ocrx_word' id='word_1_94' title='bbox 340 1835 426 1906; x_wconf 91' lang='lat' dir='ltr'><strong>Pari</strong></span> <span class='ocrx_word' id='word_1_95' title='bbox 442 1834 591 1918; x_wconf 90' lang='lat' dir='ltr'><strong>ratione,</strong></span> <span class='ocrx_word' id='word_1_96' title='bbox 610 1830 709 1904; x_wconf 88' lang='lat' dir='ltr'><strong>idem</strong></span> <span class='ocrx_word' id='word_1_97' title='bbox 726 1830 854 1906; x_wconf 89' lang='lat' dir='ltr'><strong>sedulo</strong></span> <span class='ocrx_word' id='word_1_98' title='bbox 873 1822 1146 1908; x_wconf 82' lang='lat' dir='ltr'><strong>observandum</strong></span> <span class='ocrx_word' id='word_1_99' title='bbox 1161 1842 1213 1908; x_wconf 82' lang='lat' dir='ltr'><strong>est</strong></span> 
     </span>
     <span class='ocr_line' id='line_1_14' title="bbox 135 1942 1213 2044; baseline 0.002 -26"><span class='ocrx_word' id='word_1_100' title='bbox 135 1946 184 2018; x_wconf 91' lang='lat' dir='ltr'><strong>de</strong></span> <span class='ocrx_word' id='word_1_101' title='bbox 207 1947 358 2042; x_wconf 90' lang='lat' dir='ltr'><strong>potione</strong></span> <span class='ocrx_word' id='word_1_102' title='bbox 374 1943 527 2044; x_wconf 63' lang='lat' dir='ltr'><strong>frigidm</strong></span> <span class='ocrx_word' id='word_1_103' title='bbox 556 1967 826 2041; x_wconf 90' lang='lat' dir='ltr'><strong>nonnunquam</strong></span> <span class='ocrx_word' id='word_1_104' title='bbox 844 1944 944 2016; x_wconf 92' lang='lat' dir='ltr'><strong>enim</strong></span> <span class='ocrx_word' id='word_1_105' title='bbox 960 1942 1163 2034; x_wconf 81' lang='lat' dir='ltr'><strong>debilitare,</strong></span> <span class='ocrx_word' id='word_1_106' title='bbox 1177 1961 1213 2019; x_wconf 86' lang='lat' dir='ltr'><strong>et</strong></span> 
     </span>
     <span class='ocr_line' id='line_1_15' title="bbox 135 2054 1213 2157; baseline 0.006 -30"><span class='ocrx_word' id='word_1_107' title='bbox 135 2056 187 2128; x_wconf 88' lang='lat' dir='ltr'><strong>sie</strong></span> <span class='ocrx_word' id='word_1_108' title='bbox 203 2054 302 2128; x_wconf 93' lang='lat' dir='ltr'><strong>haud</strong></span> <span class='ocrx_word' id='word_1_109' title='bbox 313 2079 444 2153; x_wconf 90' lang='lat' dir='ltr'><strong>parum</strong></span> <span class='ocrx_word' id='word_1_110' title='bbox 461 2080 602 2144; x_wconf 86' lang='lat' dir='ltr'><strong>nouere,</strong></span> <span class='ocrx_word' id='word_1_111' title='bbox 618 2055 696 2131; x_wconf 91' lang='lat' dir='ltr'><strong>visa</strong></span> <span class='ocrx_word' id='word_1_112' title='bbox 707 2064 764 2129; x_wconf 88' lang='lat' dir='ltr'><strong>est</strong></span> <span class='ocrx_word' id='word_1_113' title='bbox 774 2056 973 2152; x_wconf 81' lang='lat' dir='ltr'><strong>(mxxv11);</strong></span> <span class='ocrx_word' id='word_1_114' title='bbox 999 2078 1124 2156; x_wconf 88' lang='lat' dir='ltr'><strong>neque</strong></span> <span class='ocrx_word' id='word_1_115' title='bbox 1137 2081 1213 2157; x_wconf 89' lang='lat' dir='ltr'><strong>pro-</strong></span> 
     </span>
     <span class='ocr_line' id='line_1_16' title="bbox 134 2165 1211 2268; baseline 0.005 -28"><span class='ocrx_word' id='word_1_116' title='bbox 134 2165 232 2241; x_wconf 82' lang='lat' dir='ltr'><strong>fecto</strong></span> <span class='ocrx_word' id='word_1_117' title='bbox 260 2167 461 2243; x_wconf 87' lang='lat' dir='ltr'><strong>defuerunt</strong></span> <span class='ocrx_word' id='word_1_118' title='bbox 488 2169 659 2268; x_wconf 86' lang='lat' dir='ltr'><strong>exempla</strong></span> <span class='ocrx_word' id='word_1_119' title='bbox 691 2168 900 2256; x_wconf 91' lang='lat' dir='ltr'><strong>bominum,</strong></span> <span class='ocrx_word' id='word_1_120' title='bbox 933 2169 1011 2267; x_wconf 92' lang='lat' dir='ltr'><strong>qui,</strong></span> <span class='ocrx_word' id='word_1_121' title='bbox 1045 2171 1211 2268; x_wconf 86' lang='lat' dir='ltr'><strong>quamvis</strong></span> 
     </span>
     <span class='ocr_line' id='line_1_17' title="bbox 135 2279 1211 2383; baseline 0.004 -29"><span class='ocrx_word' id='word_1_122' title='bbox 135 2279 224 2368; x_wconf 86' lang='lat' dir='ltr'><strong>sani,</strong></span> <span class='ocrx_word' id='word_1_123' title='bbox 253 2288 293 2354; x_wconf 90' lang='lat' dir='ltr'><strong>et</strong></span> <span class='ocrx_word' id='word_1_124' title='bbox 320 2280 474 2379; x_wconf 92' lang='lat' dir='ltr'><strong>quidem</strong></span> <span class='ocrx_word' id='word_1_125' title='bbox 501 2281 654 2369; x_wconf 89' lang='lat' dir='ltr'><strong>robusti,</strong></span> <span class='ocrx_word' id='word_1_126' title='bbox 687 2280 899 2356; x_wconf 89' lang='lat' dir='ltr'><strong>brevissimo</strong></span> <span class='ocrx_word' id='word_1_127' title='bbox 931 2287 1101 2380; x_wconf 89' lang='lat' dir='ltr'><strong>tempore</strong></span> <span class='ocrx_word' id='word_1_128' title='bbox 1131 2291 1211 2383; x_wconf 88' lang='lat' dir='ltr'><strong>post</strong></span> 
     </span>
     <span class='ocr_line' id='line_1_18' title="bbox 134 2392 1210 2494; baseline 0.004 -28"><span class='ocrx_word' id='word_1_129' title='bbox 134 2392 302 2467; x_wconf 86' lang='lat' dir='ltr'><strong>haustam</strong></span> <span class='ocrx_word' id='word_1_130' title='bbox 334 2393 488 2469; x_wconf 86' lang='lat' dir='ltr'><strong>multam</strong></span> <span class='ocrx_word' id='word_1_131' title='bbox 514 2394 689 2494; x_wconf 81' lang='lat' dir='ltr'><strong>frigidam</strong></span> <span class='ocrx_word' id='word_1_132' title='bbox 719 2394 841 2470; x_wconf 90' lang='lat' dir='ltr'><strong>subito</strong></span> <span class='ocrx_word' id='word_1_133' title='bbox 870 2394 1057 2469; x_wconf 88' lang='lat' dir='ltr'><strong>exanimes</strong></span> <span class='ocrx_word' id='word_1_134' title='bbox 1072 2419 1210 2470; x_wconf 81' lang='lat' dir='ltr'><strong>eonne-</strong></span> 
     </span>
     <span class='ocr_line' id='line_1_19' title="bbox 132 2505 217 2580; baseline 0.024 -2"><span class='ocrx_word' id='word_1_135' title='bbox 132 2505 217 2580; x_wconf 90' lang='lat' dir='ltr'><strong>rint.</strong></span> 
     </span>
    </p>

    <p class='ocr_par' dir='ltr' id='par_1_6' title="bbox 127 2618 1210 3390">
     <span class='ocr_line' id='line_1_20' title="bbox 184 2618 1210 2722; baseline 0.004 -30"><span class='ocrx_word' id='word_1_136' title='bbox 184 2641 353 2694; x_wconf 80' lang='lat' dir='ltr'><strong>Mcxxlv.</strong></span> <span class='ocrx_word' id='word_1_137' title='bbox 383 2618 543 2695; x_wconf 87' lang='lat' dir='ltr'><strong>Nullum</strong></span> <span class='ocrx_word' id='word_1_138' title='bbox 562 2642 648 2694; x_wconf 89' lang='lat' dir='ltr'><strong>vero</strong></span> <span class='ocrx_word' id='word_1_139' title='bbox 664 2618 806 2720; x_wconf 87' lang='lat' dir='ltr'><strong>frigoris</strong></span> <span class='ocrx_word' id='word_1_140' title='bbox 831 2629 1014 2718; x_wconf 86' lang='lat' dir='ltr'><strong>punctum</strong></span> <span class='ocrx_word' id='word_1_141' title='bbox 1031 2622 1210 2722; x_wconf 81' lang='lat' dir='ltr'><strong>gradusve</strong></span> 
     </span>
     <span class='ocr_line' id='line_1_21' title="bbox 132 2730 1208 2833; baseline 0.007 -32"><span class='ocrx_word' id='word_1_142' title='bbox 132 2730 277 2803; x_wconf 87' lang='lat' dir='ltr'><strong>definiri</strong></span> <span class='ocrx_word' id='word_1_143' title='bbox 302 2742 434 2828; x_wconf 83' lang='lat' dir='ltr'><strong>potest,</strong></span> <span class='ocrx_word' id='word_1_144' title='bbox 460 2732 562 2829; x_wconf 93' lang='lat' dir='ltr'><strong>quod</strong></span> <span class='ocrx_word' id='word_1_145' title='bbox 586 2733 758 2807; x_wconf 89' lang='lat' dir='ltr'><strong>omnibus</strong></span> <span class='ocrx_word' id='word_1_146' title='bbox 782 2734 889 2830; x_wconf 84' lang='lat' dir='ltr'><strong>aegris</strong></span> <span class='ocrx_word' id='word_1_147' title='bbox 916 2742 1050 2830; x_wconf 92' lang='lat' dir='ltr'><strong>aptum</strong></span> <span class='ocrx_word' id='word_1_148' title='bbox 1074 2735 1123 2809; x_wconf 92' lang='lat' dir='ltr'><strong>sit</strong></span> <span class='ocrx_word' id='word_1_149' title='bbox 1144 2734 1208 2833; x_wconf 93' lang='lat' dir='ltr'><strong>qui</strong></span> 
     </span>
     <span class='ocr_line' id='line_1_22' title="bbox 130 2838 1205 2944; baseline 0.007 -33"><span class='ocrx_word' id='word_1_150' title='bbox 130 2838 313 2914; x_wconf 88' lang='lat' dir='ltr'><strong>lavatione</strong></span> <span class='ocrx_word' id='word_1_151' title='bbox 337 2844 376 2915; x_wconf 91' lang='lat' dir='ltr'><strong>in</strong></span> <span class='ocrx_word' id='word_1_152' title='bbox 394 2867 489 2941; x_wconf 90' lang='lat' dir='ltr'><strong>aqua</strong></span> <span class='ocrx_word' id='word_1_153' title='bbox 504 2843 637 2942; x_wconf 88' lang='lat' dir='ltr'><strong>frigida</strong></span> <span class='ocrx_word' id='word_1_154' title='bbox 659 2844 717 2917; x_wconf 91' lang='lat' dir='ltr'><strong>uti</strong></span> <span class='ocrx_word' id='word_1_155' title='bbox 733 2844 890 2929; x_wconf 88' lang='lat' dir='ltr'><strong>debent;</strong></span> <span class='ocrx_word' id='word_1_156' title='bbox 916 2845 1089 2939; x_wconf 82' lang='lat' dir='ltr'><strong>nimirum</strong></span> <span class='ocrx_word' id='word_1_157' title='bbox 1106 2845 1205 2944; x_wconf 91' lang='lat' dir='ltr'><strong>quod</strong></span> 
     </span>
     <span class='ocr_line' id='line_1_23' title="bbox 131 2950 1204 3044; baseline 0.007 -21"><span class='ocrx_word' id='word_1_158' title='bbox 131 2950 295 3025; x_wconf 93' lang='lat' dir='ltr'><strong>multum</strong></span> <span class='ocrx_word' id='word_1_159' title='bbox 322 2954 438 3028; x_wconf 90' lang='lat' dir='ltr'><strong>variat</strong></span> <span class='ocrx_word' id='word_1_160' title='bbox 462 2956 502 3031; x_wconf 89' lang='lat' dir='ltr'><strong>in</strong></span> <span class='ocrx_word' id='word_1_161' title='bbox 527 2955 678 3029; x_wconf 88' lang='lat' dir='ltr'><strong>diversis</strong></span> <span class='ocrx_word' id='word_1_162' title='bbox 701 2953 923 3043; x_wconf 89' lang='lat' dir='ltr'><strong>hominibus,</strong></span> <span class='ocrx_word' id='word_1_163' title='bbox 949 2957 1043 3033; x_wconf 89' lang='lat' dir='ltr'><strong>etin</strong></span> <span class='ocrx_word' id='word_1_164' title='bbox 1065 2957 1204 3044; x_wconf 87' lang='lat' dir='ltr'><strong>iisdem,</strong></span> 
     </span>
     <span class='ocr_line' id='line_1_24' title="bbox 130 3062 1206 3164; baseline 0.007 -30"><span class='ocrx_word' id='word_1_165' title='bbox 130 3062 282 3138; x_wconf 90' lang='lat' dir='ltr'><strong>diversis</strong></span> <span class='ocrx_word' id='word_1_166' title='bbox 299 3065 548 3163; x_wconf 89' lang='lat' dir='ltr'><strong>temporibus;</strong></span> <span class='ocrx_word' id='word_1_167' title='bbox 573 3065 750 3164; x_wconf 87' lang='lat' dir='ltr'><strong>quodque</strong></span> <span class='ocrx_word' id='word_1_168' title='bbox 763 3066 932 3163; x_wconf 88' lang='lat' dir='ltr'><strong>pendeta</strong></span> <span class='ocrx_word' id='word_1_169' title='bbox 946 3068 1206 3145; x_wconf 85' lang='lat' dir='ltr'><strong>eonstitutione</strong></span> 
     </span>
     <span class='ocr_line' id='line_1_25' title="bbox 129 3175 1205 3278; baseline 0.005 -28"><span class='ocrx_word' id='word_1_170' title='bbox 129 3175 299 3276; x_wconf 83' lang='lat' dir='ltr'><strong>eorporis,</strong></span> <span class='ocrx_word' id='word_1_171' title='bbox 329 3186 368 3251; x_wconf 91' lang='lat' dir='ltr'><strong>et</strong></span> <span class='ocrx_word' id='word_1_172' title='bbox 383 3186 515 3251; x_wconf 88' lang='lat' dir='ltr'><strong>natura</strong></span> <span class='ocrx_word' id='word_1_173' title='bbox 538 3177 669 3265; x_wconf 89' lang='lat' dir='ltr'><strong>morbi,</strong></span> <span class='ocrx_word' id='word_1_174' title='bbox 695 3186 733 3251; x_wconf 89' lang='lat' dir='ltr'><strong>et</strong></span> <span class='ocrx_word' id='word_1_175' title='bbox 759 3189 857 3253; x_wconf 90' lang='lat' dir='ltr'><strong>statu</strong></span> <span class='ocrx_word' id='word_1_176' title='bbox 875 3193 1066 3278; x_wconf 79' lang='lat' dir='ltr'><strong>prasente,</strong></span> <span class='ocrx_word' id='word_1_177' title='bbox 1093 3191 1133 3256; x_wconf 88' lang='lat' dir='ltr'><strong>et</strong></span> <span class='ocrx_word' id='word_1_178' title='bbox 1147 3182 1205 3255; x_wconf 90' lang='lat' dir='ltr'><strong>de·</strong></span> 
     </span>
     <span class='ocr_line' id='line_1_26' title="bbox 127 3289 1082 3390; baseline 0.007 -27"><span class='ocrx_word' id='word_1_179' title='bbox 127 3313 233 3365; x_wconf 92' lang='lat' dir='ltr'><strong>mum</strong></span> <span class='ocrx_word' id='word_1_180' title='bbox 250 3316 272 3363; x_wconf 93' lang='lat' dir='ltr'><strong>a</strong></span> <span class='ocrx_word' id='word_1_181' title='bbox 288 3291 554 3365; x_wconf 85' lang='lat' dir='ltr'><strong>consuetudine</strong></span> <span class='ocrx_word' id='word_1_182' title='bbox 566 3289 796 3390; x_wconf 86' lang='lat' dir='ltr'><strong>singulorum</strong></span> <span class='ocrx_word' id='word_1_183' title='bbox 810 3295 1082 3390; x_wconf 80' lang='lat' dir='ltr'><strong>aegrotantium.</strong></span> 
     </span>
    </p>

    <p class='ocr_par' dir='ltr' id='par_1_7' title="bbox 90 3404 1203 4064">
     <span class='ocr_line' id='line_1_27' title="bbox 177 3404 1203 3504; baseline 0.004 -28"><span class='ocrx_word' id='word_1_184' title='bbox 177 3423 330 3478; x_wconf 82' lang='lat' dir='ltr'><strong>mcxxv.</strong></span> <span class='ocrx_word' id='word_1_185' title='bbox 359 3404 457 3479; x_wconf 86' lang='lat' dir='ltr'><strong>Scire</strong></span> <span class='ocrx_word' id='word_1_186' title='bbox 482 3416 606 3478; x_wconf 87' lang='lat' dir='ltr'><strong>tamen</strong></span> <span class='ocrx_word' id='word_1_187' title='bbox 628 3405 749 3502; x_wconf 93' lang='lat' dir='ltr'><strong>juvat,</strong></span> <span class='ocrx_word' id='word_1_188' title='bbox 766 3404 805 3477; x_wconf 94' lang='lat' dir='ltr'><strong>id</strong></span> <span class='ocrx_word' id='word_1_189' title='bbox 822 3404 937 3504; x_wconf 87' lang='lat' dir='ltr'><strong>frigus</strong></span> <span class='ocrx_word' id='word_1_190' title='bbox 954 3430 1029 3481; x_wconf 91' lang='lat' dir='ltr'><strong>non</strong></span> <span class='ocrx_word' id='word_1_191' title='bbox 1047 3407 1203 3482; x_wconf 89' lang='lat' dir='ltr'><strong>nimium</strong></span> 
     </span>
     <span class='ocr_line' id='line_1_28' title="bbox 124 3515 1203 3615; baseline 0.011 -32"><span class='ocrx_word' id='word_1_192' title='bbox 124 3534 215 3600; x_wconf 82' lang='lat' dir='ltr'><strong>esse,</strong></span> <span class='ocrx_word' id='word_1_193' title='bbox 232 3538 356 3612; x_wconf 89' lang='lat' dir='ltr'><strong>neque</strong></span> <span class='ocrx_word' id='word_1_194' title='bbox 372 3515 483 3590; x_wconf 91' lang='lat' dir='ltr'><strong>nimis</strong></span> <span class='ocrx_word' id='word_1_195' title='bbox 494 3515 560 3590; x_wconf 94' lang='lat' dir='ltr'><strong>diu</strong></span> <span class='ocrx_word' id='word_1_196' title='bbox 573 3517 842 3604; x_wconf 86' lang='lat' dir='ltr'><strong>continuatum,</strong></span> <span class='ocrx_word' id='word_1_197' title='bbox 853 3518 954 3615; x_wconf 93' lang='lat' dir='ltr'><strong>quod</strong></span> <span class='ocrx_word' id='word_1_198' title='bbox 971 3518 1203 3594; x_wconf 86' lang='lat' dir='ltr'><strong>brevissimus</strong></span> 
     </span>
     <span class='ocr_line' id='line_1_29' title="bbox 124 3628 1202 3730; baseline 0.009 -34"><span class='ocrx_word' id='word_1_199' title='bbox 124 3632 272 3697; x_wconf 89' lang='lat' dir='ltr'><strong>tantum</strong></span> <span class='ocrx_word' id='word_1_200' title='bbox 311 3637 460 3700; x_wconf 91' lang='lat' dir='ltr'><strong>artuum</strong></span> <span class='ocrx_word' id='word_1_201' title='bbox 486 3637 633 3716; x_wconf 88' lang='lat' dir='ltr'><strong>tremor,</strong></span> <span class='ocrx_word' id='word_1_202' title='bbox 671 3639 709 3703; x_wconf 91' lang='lat' dir='ltr'><strong>et</strong></span> <span class='ocrx_word' id='word_1_203' title='bbox 733 3628 836 3703; x_wconf 87' lang='lat' dir='ltr'><strong>brevi</strong></span> <span class='ocrx_word' id='word_1_204' title='bbox 860 3631 981 3717; x_wconf 88' lang='lat' dir='ltr'><strong>rubor,</strong></span> <span class='ocrx_word' id='word_1_205' title='bbox 1017 3644 1056 3705; x_wconf 86' lang='lat' dir='ltr'><strong>et</strong></span> <span class='ocrx_word' id='word_1_206' title='bbox 1080 3646 1202 3730; x_wconf 84' lang='lat' dir='ltr'><strong>postea</strong></span> 
     </span>
     <span class='ocr_line' id='line_1_30' title="bbox 124 3733 1202 3844; baseline 0.005 -34"><span class='ocrx_word' id='word_1_207' title='bbox 124 3733 231 3823; x_wconf 83' lang='lat' dir='ltr'><strong>ualor,</strong></span> <span class='ocrx_word' id='word_1_208' title='bbox 256 3746 295 3834; x_wconf 79' lang='lat' dir='ltr'><strong>et</strong></span> <span class='ocrx_word' id='word_1_209' title='bbox 311 3736 456 3827; x_wconf 91' lang='lat' dir='ltr'><strong>humor,</strong></span> <span class='ocrx_word' id='word_1_210' title='bbox 481 3749 546 3815; x_wconf 92' lang='lat' dir='ltr'><strong>aut</strong></span> <span class='ocrx_word' id='word_1_211' title='bbox 562 3740 735 3816; x_wconf 89' lang='lat' dir='ltr'><strong>mollities</strong></span> <span class='ocrx_word' id='word_1_212' title='bbox 751 3740 890 3829; x_wconf 91' lang='lat' dir='ltr'><strong>saltem,</strong></span> <span class='ocrx_word' id='word_1_213' title='bbox 915 3743 1021 3830; x_wconf 87' lang='lat' dir='ltr'><strong>cutis,</strong></span> <span class='ocrx_word' id='word_1_214' title='bbox 1044 3756 1084 3818; x_wconf 89' lang='lat' dir='ltr'><strong>et</strong></span> <span class='ocrx_word' id='word_1_215' title='bbox 1100 3745 1202 3844; x_wconf 82' lang='lat' dir='ltr'><strong>vigor</strong></span> 
     </span>
     <span class='ocr_line' id='line_1_31' title="bbox 90 3848 1200 3954; baseline 0.009 -34"><span class='ocrx_word' id='word_1_216' title='bbox 90 3871 91 3874; x_wconf 65' lang='grc'>’</span> <span class='ocrx_word' id='word_1_217' title='bbox 124 3848 388 3936; x_wconf 87' lang='lat' dir='ltr'><strong>musculorum,</strong></span> <span class='ocrx_word' id='word_1_218' title='bbox 414 3862 452 3926; x_wconf 89' lang='lat' dir='ltr'><strong>et</strong></span> <span class='ocrx_word' id='word_1_219' title='bbox 477 3852 595 3927; x_wconf 90' lang='lat' dir='ltr'><strong>bonus</strong></span> <span class='ocrx_word' id='word_1_220' title='bbox 616 3853 687 3928; x_wconf 89' lang='lat' dir='ltr'><strong>cibi</strong></span> <span class='ocrx_word' id='word_1_221' title='bbox 712 3855 908 3953; x_wconf 86' lang='lat' dir='ltr'><strong>appetitus,</strong></span> <span class='ocrx_word' id='word_1_222' title='bbox 933 3854 1106 3954; x_wconf 89' lang='lat' dir='ltr'><strong>bonaque</strong></span> <span class='ocrx_word' id='word_1_223' title='bbox 1122 3878 1200 3930; x_wconf 90' lang='lat' dir='ltr'><strong>oon·</strong></span> 
     </span>
     <span class='ocr_line' id='line_1_32' title="bbox 123 3962 1199 4064; baseline 0.004 -29"><span class='ocrx_word' id='word_1_224' title='bbox 123 3962 250 4048; x_wconf 85' lang='lat' dir='ltr'><strong>eoetio,</strong></span> <span class='ocrx_word' id='word_1_225' title='bbox 267 3963 437 4053; x_wconf 85' lang='lat' dir='ltr'><strong>etanimi</strong></span> <span class='ocrx_word' id='word_1_226' title='bbox 453 3965 626 4054; x_wconf 88' lang='lat' dir='ltr'><strong>hilaritas,</strong></span> <span class='ocrx_word' id='word_1_227' title='bbox 652 3966 866 4064; x_wconf 82' lang='lat' dir='ltr'><strong>excipiunt;</strong></span> <span class='ocrx_word' id='word_1_228' title='bbox 891 3976 1027 4053; x_wconf 88' lang='lat' dir='ltr'><strong>oontra,</strong></span> <span class='ocrx_word' id='word_1_229' title='bbox 1044 3968 1199 4041; x_wconf 87' lang='lat' dir='ltr'><strong>nimium</strong></span> 
     </span>
    </p>
   </div>
   <div class='ocr_carea' id='block_1_6' title="bbox 13 4072 1199 4179">
    <p class='ocr_par' dir='ltr' id='par_1_8' title="bbox 13 4072 1199 4179">
     <span class='ocr_line' id='line_1_33' title="bbox 13 4072 1199 4179; baseline 0.006 -34"><span class='ocrx_word' id='word_1_230' title='bbox 13 4097 19 4111; x_wconf 88' lang='lat'><strong>·</strong></span> <span class='ocrx_word' id='word_1_231' title='bbox 123 4096 200 4146; x_wconf 87' lang='lat' dir='ltr'><strong>esse</strong></span> <span class='ocrx_word' id='word_1_232' title='bbox 224 4072 351 4173; x_wconf 85' lang='lat' dir='ltr'><strong>frigus,</strong></span> <span class='ocrx_word' id='word_1_233' title='bbox 389 4075 451 4147; x_wconf 89' lang='lat' dir='ltr'><strong>vel</strong></span> <span class='ocrx_word' id='word_1_234' title='bbox 476 4076 605 4151; x_wconf 87' lang='lat' dir='ltr'><strong>saltem</strong></span> <span class='ocrx_word' id='word_1_235' title='bbox 630 4077 741 4151; x_wconf 89' lang='lat' dir='ltr'><strong>nimis</strong></span> <span class='ocrx_word' id='word_1_236' title='bbox 765 4076 829 4150; x_wconf 93' lang='lat' dir='ltr'><strong>diu</strong></span> <span class='ocrx_word' id='word_1_237' title='bbox 855 4077 1077 4167; x_wconf 89' lang='lat' dir='ltr'><strong>adhibitum,</strong></span> <span class='ocrx_word' id='word_1_238' title='bbox 1103 4074 1199 4179; x_wconf 93' lang='lat' dir='ltr'><strong>quod</strong></span> 
     </span>
    </p>
   </div>
   <div class='ocr_carea' id='block_1_7' title="bbox 121 4187 1199 4401">
    <p class='ocr_par' dir='ltr' id='par_1_9' title="bbox 121 4187 1199 4401">
     <span class='ocr_line' id='line_1_34' title="bbox 123 4187 1199 4286; baseline -0.001 -27"><span class='ocrx_word' id='word_1_239' title='bbox 123 4209 282 4286; x_wconf 79' lang='lat' dir='ltr'><strong>magnus</strong></span> <span class='ocrx_word' id='word_1_240' title='bbox 299 4199 337 4260; x_wconf 93' lang='lat' dir='ltr'><strong>et</strong></span> <span class='ocrx_word' id='word_1_241' title='bbox 354 4187 554 4263; x_wconf 86' lang='lat' dir='ltr'><strong>diuturnus</strong></span> <span class='ocrx_word' id='word_1_242' title='bbox 570 4189 816 4264; x_wconf 88' lang='lat' dir='ltr'><strong>membrorum</strong></span> <span class='ocrx_word' id='word_1_243' title='bbox 843 4198 991 4276; x_wconf 91' lang='lat' dir='ltr'><strong>tremor,</strong></span> <span class='ocrx_word' id='word_1_244' title='bbox 1021 4199 1060 4264; x_wconf 90' lang='lat' dir='ltr'><strong>et</strong></span> <span class='ocrx_word' id='word_1_245' title='bbox 1077 4189 1199 4265; x_wconf 86' lang='lat' dir='ltr'><strong>vultus</strong></span> 
     </span>
     <span class='ocr_line' id='line_1_35' title="bbox 121 4298 1199 4401; baseline 0.006 -32"><span class='ocrx_word' id='word_1_246' title='bbox 121 4309 160 4372; x_wconf 85' lang='lat' dir='ltr'><strong>et</strong></span> <span class='ocrx_word' id='word_1_247' title='bbox 176 4299 272 4376; x_wconf 84' lang='lat' dir='ltr'><strong>eutis</strong></span> <span class='ocrx_word' id='word_1_248' title='bbox 300 4298 425 4400; x_wconf 87' lang='lat' dir='ltr'><strong>pallor,</strong></span> <span class='ocrx_word' id='word_1_249' title='bbox 452 4311 492 4377; x_wconf 90' lang='lat' dir='ltr'><strong>et</strong></span> <span class='ocrx_word' id='word_1_250' title='bbox 507 4300 635 4401; x_wconf 82' lang='lat' dir='ltr'><strong>frigus,</strong></span> <span class='ocrx_word' id='word_1_251' title='bbox 663 4310 702 4377; x_wconf 86' lang='lat' dir='ltr'><strong>et</strong></span> <span class='ocrx_word' id='word_1_252' title='bbox 718 4300 870 4390; x_wconf 78' lang='lat' dir='ltr'><strong>sinaitas,</strong></span> <span class='ocrx_word' id='word_1_253' title='bbox 895 4312 935 4378; x_wconf 83' lang='lat' dir='ltr'><strong>et</strong></span> <span class='ocrx_word' id='word_1_254' title='bbox 958 4311 1111 4378; x_wconf 89' lang='lat' dir='ltr'><strong>artuum</strong></span> <span class='ocrx_word' id='word_1_255' title='bbox 1137 4303 1199 4376; x_wconf 84' lang='lat' dir='ltr'><strong>im·</strong></span> 
     </span>
    </p>
   </div>
   <div class='ocr_carea' id='block_1_8' title="bbox 0 0 1344 4794">
    <p class='ocr_par' dir='ltr' id='par_1_10' title="bbox 0 0 1344 4794">
     <span class='ocr_line' id='line_1_36' title="bbox 0 0 1344 4794; baseline 0 6"><span class='ocrx_word' id='word_1_256' title='bbox 0 0 1344 4794; x_wconf 95' lang='lat' dir='ltr'><strong> </strong></span> 
     </span>
    </p>
   </div>
  </div>
 </body>
</html>
