2678 4794
129 382 203 456 360
526 402 774 460 corruamus
820 400 823 405 ’
950 406 1036 459 car.
1054 403 1204 461 xxvru.

130 577 232 657 leant
260 580 320 655 rel
347 579 548 677 frigescant
597 575 683 648 Erit
708 574 823 673 igitur
850 572 984 672 gradus
1008 597 1071 649 seu
1089 603 1210 674 punc·

129 702 215 770 tum
233 693 416 794 quoddam
434 688 558 761 caloris
575 687 731 772 externi,
760 686 916 760 internae
933 698 1064 761 nostra
1079 690 1216 765 caloris

129 807 308 909 gignendi
326 805 500 897 (nnxxu)
518 798 685 897 facultati
703 799 755 874 ita
770 799 994 898 respondens
1016 811 1053 872 et
1067 823 1213 873 accom-

128 922 331 1001 modatum,
360 931 401 986 ut
426 912 491 986 illo
520 911 716 1001 existente,
743 912 821 987 haec
847 912 894 986 ad
910 911 1035 987 caloris
1049 912 1213 1010 corporis

122 1033 303 1131 jacturam
331 1025 571 1124 reparandam
600 1050 715 1125 quam
745 1025 1013 1100 accuratissime
1042 1023 1214 1111 sufficiat,

129 1166 250 1240 neque
265 1139 336 1221 hoc
351 1138 436 1213 ideo
452 1149 521 1214 aut
546 1138 700 1215 calidius
725 1148 791 1214 aut
812 1137 981 1236 frigidius
996 1136 1074 1210 fiat.
1121 1136 1215 1210 Per·

125 1255 292 1352 spicuam
322 1275 475 1352 quoque
492 1261 559 1341 est,
588 1252 747 1352 gradum
765 1253 877 1326 istum
894 1273 969 1324 non
998 1251 1052 1323 ita
1067 1259 1213 1323 certum

123 1371 188 1438 aut
214 1360 336 1438 fixum
368 1365 457 1454 fore,
487 1367 582 1464 quin
599 1365 714 1449 variet
746 1364 978 1463 aliquantum
1007 1362 1215 1439 secundum

123 1474 284 1551 bominis
314 1481 505 1566 vestitum,
537 1487 605 1552 aut
637 1477 935 1552 exercitationem
970 1499 1046 1574 qua
1069 1473 1214 1558 utitur;

123 1610 207 1661 nam
226 1589 304 1664 haec
333 1589 544 1665 facultatem
563 1589 742 1690 gignendi
770 1588 896 1663 caloris
913 1586 1021 1687 plane
1049 1585 1214 1660 intendit

123 1708 162 1772 ct
178 1712 303 1802 auget,
320 1716 358 1778 et
375 1703 447 1791 ille,
474 1703 560 1777 lieet
576 1693 717 1778 nullam
736 1702 867 1800 gignat
892 1700 1059 1787 calorem,
1086 1709 1215 1773 tamen

123 1811 233 1886 illurn
260 1817 328 1914 qui
356 1817 506 1915 genitus
532 1824 587 1888 est
621 1823 812 1888 conservat
840 1823 879 1886 et
912 1813 1058 1898 retinet,
1092 1833 1215 1910 neque

124 1948 212 2000 eum
230 1952 295 2025 per
310 1935 402 2013 aera,
431 1937 508 1999 tam
524 1924 629 1999 facile
645 1931 690 2000 ut
706 1925 812 1999 aliter
827 1925 943 2011 fieret,
973 1923 1142 2020 dissipari
1168 1923 1213 1999 si·

125 2038 193 2113 nit.
220 2106 224 2116 .
244 2040 372 2126 Porro,
400 2038 599 2113 verisimile
624 2047 681 2113 est
698 2037 1015 2122 consuetudinem,
1040 2036 1149 2134 cnjus
1174 2036 1213 2109 in

125 2148 205 2224 aliis
222 2151 331 2227 rebus
349 2160 453 2227 tanta
468 2152 524 2226 vis
541 2161 608 2238 est,
625 2152 665 2225 in
681 2151 749 2227 hac
760 2152 871 2225 etiam
884 2148 1055 2225 nonnihil
1071 2148 1214 2235 valeret

126 2260 372 2364 hominesque
389 2265 440 2340 sic
454 2266 564 2339 variis
591 2264 718 2340 caloris
734 2265 908 2365 gradibus
933 2265 985 2338 ita
1001 2284 1214 2350 assuescam,

129 2384 169 2449 et
185 2379 290 2476 quasi
307 2378 584 2465 accommodari,
602 2388 647 2453 ut
663 2378 724 2452 alii
742 2377 829 2452 alios
846 2376 949 2451 facile
961 2374 1131 2463 tolerent,
1148 2372 1214 2473 qui

128 2488 255 2567 minus
271 2500 433 2567 assuetos
450 2500 515 2566 aut
543 2492 655 2566 nimis
676 2489 911 2566 calefacerent
935 2498 1001 2564 aut
1030 2488 1214 2589 refrigera·

130 2613 224 2676 rent.
423 2622 426 2627 ·

180 2734 353 2790 mcxmu.
381 2717 608 2814 Quicunque
624 2740 712 2791 vero
728 2717 863 2816 gradus
881 2715 943 2789 ille
959 2715 1085 2790 caloris
1102 2715 1212 2791 fuerit

128 2821 195 2917 qui
220 2822 433 2899 hominibus
458 2826 589 2902 leviter
616 2830 754 2902 vestitis
794 2837 833 2901 et
857 2829 1131 2926 quiescentibus
1161 2829 1211 2901 ita

128 2936 425 3009 accommodatus
460 2949 526 3023 est,
562 2949 607 3012 ut
644 2963 732 3013 suus
766 2940 907 3035 corpori
938 2940 1034 3015 calor
1060 2948 1211 3026 constet,

130 3054 373 3138 augmentum
404 3045 465 3120 vel
481 3048 710 3131 ,imminutio
733 3047 813 3146 ejus
840 3049 910 3124 hoc
939 3055 1048 3127 variis
1073 3067 1112 3128 et
1140 3052 1212 3129 fere

131 3155 320 3229 contrariis
348 3157 471 3231 modis
493 3159 616 3234 afficit.
667 3159 791 3257 Major
819 3162 920 3236 euim
947 3165 1043 3239 calor
1067 3186 1210 3241 sermm

131 3275 172 3340 et
203 3267 446 3344 mobilitatem
477 3283 601 3370 auget,
634 3271 698 3346 aad
730 3272 897 3373 vigorem
932 3277 1044 3352 simul
1076 3277 1210 3353 minuit

133 3378 341 3470 (ccccxxr,
358 3393 397 3456 et
413 3389 550 3480 seqq.);
574 3383 626 3458 ita
642 3394 687 3460 ut
699 3386 849 3461 tandem
860 3391 1075 3464 exercitatio
1084 3390 1209 3476 omnis,

131 3489 191 3563 vel
221 3491 412 3581 lenissima,
447 3494 604 3585 difficilis
634 3506 673 3599 et
697 3498 873 3575 laboriosa
901 3501 976 3589 fiat,
1003 3513 1042 3576 et
1075 3504 1209 3579 laboret

131 3624 259 3700 graves
278 3605 462 3703 (quamvis
489 3607 558 3682 sub
574 3607 709 3707 frigido
725 3613 821 3686 Jove
838 3613 1030 3712 tolerandi)
1047 3615 1123 3691 fere
1146 3618 1207 3691 irn-

132 3714 330 3812 possibiles,
346 3717 405 3791 vel
424 3720 453 3794 si
471 3724 604 3796 tentati
620 3723 768 3811 fuerint,
793 3725 831 3799 in
850 3751 1029 3801 summam
1048 3729 1208 3804 debilita-

132 3835 222 3916 tem,
251 3838 289 3902 et
305 3831 418 3904 animi
435 3833 690 3923 defectionem,
720 3835 780 3910 vel
804 3835 921 3910 forsan
940 3838 1101 3916 subitam
1119 3864 1208 3916 mor·

132 3948 223 4026 tem,
247 3940 410 4017 desituri.
461 3946 597 4045 Neque
622 3958 724 4022 tanta
745 3947 938 4025 infirmitas
957 3953 1133 4028 musculis
1150 3976 1207 4028 vo·

130 4049 280 4128 luntarii
297 4066 421 4131 motus
438 4058 522 4133 solis
539 4061 733 4147 incumbit,
762 4060 826 4134 aed
843 4087 971 4137 omnes
988 4063 1096 4139 fibras
1114 4088 1207 4141 mus·

130 4165 269 4244 culosaa
296 4167 405 4268 plane
432 4172 611 4271 pervadit.
662 4172 799 4270 Frigus
816 4197 915 4262 vero,
945 4174 1015 4250 hoc
1044 4189 1101 4252 est
1117 4177 1209 4252 calor

130 4279 262 4376 minor,
288 4283 429 4387 corpori
450 4284 657 4378 admotum,
684 4284 783 4361 intra
808 4295 938 4379 certos,
963 4312 1102 4390 eosque
1126 4286 1207 4368 satia
