2678 4794
123 291 211 349 cnr.
229 286 380 344 xxvur.
432 285 652 349 MEDICINAE
671 286 957 348 rusouurrcu.
1065 324 1072 337 .
1143 277 1214 354 365

124 479 308 554 tenemus,
332 463 371 538 id
395 488 513 563 genus
537 465 658 540 victus
683 488 815 566 corpus
844 470 1004 542 maxime
1027 467 1205 564 roborare,

123 582 230 682 quod
247 576 355 654 simul
379 588 499 676 partes
528 578 607 675 ejus
624 577 766 667 solidas,
796 580 1055 680 musculosque
1079 585 1204 684 impri-

125 694 209 779 mis,
239 691 379 788 optime
405 691 525 764 nutrit
542 700 581 764 et
596 689 730 779 firmat,
759 701 797 766 et
815 718 899 768 vasa
916 696 1132 793 sanguinem
1150 722 1211 772 ve-

126 804 253 880 hentia
271 803 370 877 bono
385 812 424 874 ct
441 801 555 876 denso
571 827 698 876 cruore
714 803 856 902 implet.

177 937 341 991 mcxxx.
368 914 454 986 Pari
478 915 552 988 fere
580 916 721 989 ratione
750 941 792 992 ac
818 918 937 993 bonus
965 918 1097 1007 victus,
1123 922 1209 997 satis

126 1027 226 1127 large
243 1037 466 1124 assumptus
483 1037 521 1099 et
537 1026 632 1100 bene
645 1039 850 1117 concoctus,
867 1032 914 1103 ad
930 1034 1088 1130 corporis
1105 1035 1208 1134 vigo-

127 1165 207 1216 rem
224 1149 263 1214 et
279 1139 392 1212 robur
408 1139 593 1226 conducit,
618 1139 698 1214 aliae
718 1141 888 1240 quaedam
906 1143 985 1240 ejus
1001 1142 1208 1221 functiones

127 1253 238 1329 variis
257 1252 374 1325 modis
392 1251 439 1324 ad
456 1252 614 1325 eundem
630 1252 806 1328 effectum
819 1255 1021 1329 conducere
1032 1268 1211 1353 possunt;

128 1365 307 1439 nimirum
335 1388 494 1461 quarum
522 1363 634 1438 nullae
663 1387 738 1439 uon
769 1365 814 1439 ad
843 1367 1046 1454 sanitatem,
1072 1376 1110 1442 et
1127 1368 1213 1442 ideo

128 1475 179 1550 ad
195 1477 371 1576 vigorem,
390 1477 450 1550 vel
467 1478 674 1551 necessariae
687 1477 746 1551 vel
764 1477 891 1552 saltem
911 1478 1020 1552 utiles
1036 1480 1208 1567 existant,

127 1585 317 1685 nullaeque
333 1588 407 1661 fere
424 1587 508 1661 laedi
534 1596 600 1662 aut
623 1589 801 1687 impedire
818 1590 969 1688 possint,
994 1591 1088 1688 quin
1105 1591 1210 1666 brevi

128 1700 400 1799 vires'corporis
426 1700 510 1799 plus
533 1701 657 1775 minus
687 1700 924 1776 collabantur.
975 1702 1054 1776 Hic
1082 1711 1210 1778 autem

127 1821 184 1887 sat
200 1811 314 1886 fuerit
327 1835 441 1886 unam
459 1835 506 1886 ex
523 1812 567 1886 iis
582 1813 779 1910 (siquidem
792 1813 936 1888 functio
948 1814 1068 1888 vocari
1081 1817 1209 1913 possit)

126 1948 340 2010 memorare,
366 1949 450 2022 quae
466 1925 635 2023 proxime
650 1936 735 2024 post
761 1926 967 2001 subsidium
994 1927 1118 2001 idonei
1147 1926 1210 1999 ali-

126 2037 246 2110 menti
259 2036 305 2109 ad
317 2037 429 2109 robur
439 2037 598 2135 corporis
616 2040 776 2111 maxime
792 2041 990 2114 necessaria
1006 2051 1072 2128 est,
1090 2039 1208 2113 forsan

127 2148 242 2223 etiam
259 2149 326 2222 vix
343 2148 466 2222 minus
484 2149 681 2223 necessaria
710 2174 824 2246 quam
851 2152 1125 2226 nutrimentum
1154 2153 1209 2250 ip·
1296 2200 1298 2205 ,

127 2285 224 2349 sum,
250 2285 409 2360 quaeque
436 2263 465 2334 si
491 2261 604 2335 fuerit
620 2261 810 2360 impedita,
835 2263 930 2335 vires
955 2262 1209 2338 musculorum

126 2373 266 2448 mirum
284 2374 323 2446 in
338 2374 492 2447 modum
506 2383 696 2458 attenuat;
723 2396 895 2447 somnum
909 2372 1055 2459 scilicet,
1071 2375 1210 2472 vigiliae

122 2483 228 2583 justa
259 2509 324 2585 per
357 2486 550 2560 intervalla
579 2485 846 2559 succedentem.
909 2485 1014 2557 Inter
1042 2484 1208 2583 vigiliam

129 2597 244 2685 enirn,
269 2600 437 2696 quamvis
455 2623 586 2696 parum
603 2607 752 2672 actuosa
768 2598 846 2669 vita
862 2594 986 2684 fuerit,
1011 2597 1108 2669 vires
1124 2597 1209 2685 satis

129 2708 255 2782 subito
270 2709 551 2797 exhauriuntur,
576 2720 621 2784 ut
639 2710 817 2785 sanissimi
842 2720 881 2783 et
912 2708 1152 2782 robustissimi
1169 2708 1209 2781 in

129 2843 169 2893 se
185 2822 273 2919 ipsis
289 2823 402 2920 probe
418 2832 574 2920 possunt
590 2823 765 2921 experiri3
792 2822 939 2920 aegrotis
956 2845 1054 2907 vero,
1079 2830 1117 2894 et
1128 2820 1208 2918 jam

127 2932 329 3021 imbecillis,
346 2933 456 3034 longa
469 2936 596 3036 vigilia
612 2936 664 3009 ita
680 2943 802 3023 nocet,
819 2942 858 3007 et
875 2956 1024 3032 corpora
1039 2933 1091 3007 ita
1107 2932 1207 3007 debi-

127 3043 221 3133 litat,
246 3057 292 3119 ut
308 3047 402 3120 nihil
418 3049 555 3147 magis3
582 3047 805 3144 eosdemque
822 3069 918 3144 saepe
935 3068 1095 3132 somnus,
1119 3071 1208 3144 prae·

127 3164 185 3230 ter
200 3180 353 3232 omnem
366 3184 469 3258 spem
487 3169 526 3233 et
542 3160 666 3247 fidem,
683 3160 753 3233 nisi
768 3159 922 3233 minime
937 3184 1014 3233 rara
1031 3182 1087 3232 res
1104 3168 1208 3244 esset,

128 3265 246 3342 reficit
263 3270 492 3370 roboratque.
544 3272 816 3371 Reputandum
842 3295 993 3371 quoque
1010 3279 1075 3356 est,
1101 3272 1207 3355 vires,

128 3376 248 3453 forsan
272 3390 379 3456 antea
405 3381 608 3470 labefactas,
633 3408 699 3483 per
715 3408 888 3459 somnum
911 3382 1088 3468 renovari,
1113 3390 1152 3454 et
1168 3382 1207 3455 in

128 3492 224 3565 sanis
242 3495 347 3590 quasi
364 3494 560 3593 integrari;
586 3505 624 3568 et
641 3496 749 3570 etiam
765 3520 942 3597 magnum
955 3493 1048 3568 illud
1062 3495 1207 3593 dispen-

127 3601 233 3678 dium
252 3605 356 3702 quod
372 3604 482 3706 longa
496 3606 623 3706 vigilia
639 3607 817 3683 effecisset
832 3632 908 3682 non
926 3608 1096 3695 accidere,
1115 3632 1207 3681 som-

127 3735 299 3814 numque
328 3719 444 3817 im'tur
461 3717 654 3794 in‘morbis
683 3720 830 3820 duplice
858 3723 999 3796 ratione
1028 3721 1208 3820 prodesse,

128 3833 166 3900 et
181 3830 433 3904 conservando
449 3831 551 3930 quod
567 3834 704 3906 virium
723 3842 935 3934 superesset,
953 3844 991 3908 et
1007 3833 1210 3934 reparando

130 3939 231 4036 quod
248 3940 414 4015 defuerat
431 3954 544 4041 atque
565 3944 775 4019 decesserat.
827 3946 1063 4046 Quapropter
1079 3971 1123 4019 eo
1140 3946 1208 4018 mi-

131 4070 199 4128 uus
216 4052 355 4126 mirum
373 4054 453 4142 erit,
470 4056 569 4129 varia
586 4057 747 4130 remedia
757 4082 841 4155 quae
854 4082 1026 4150 somnum
1043 4058 1083 4131 in
1100 4058 1208 4131 variis

129 4162 265 4238 morbis
281 4164 352 4238 alis
368 4175 481 4263 atque
497 4166 566 4241 alia
590 4169 731 4242 ratione
758 4170 920 4252 invitant
948 4181 1062 4268 atque
1091 4167 1208 4242 conci-
