2678 4794
102 320 191 377 CAP.
209 320 327 375 XLIII.
377 316 603 379 MEDICINB
621 316 913 389 THBORE'IICAE·
1117 317 1192 394 593

104 498 297 575 sincerum.
357 496 629 599 Sulpimioum
656 509 785 578 sutem
818 500 914 577 forte
940 501 1123 580 calculum
1150 506 1192 583 in

102 612 326 710 quibusdam
364 612 628 711 experimentis
670 614 737 689 vix
779 622 932 714 tangere
965 618 1090 693 visum
1111 628 1193 707 est,

102 723 275 823 quamvis
291 723 451 822 plurima
476 748 572 821 aqus
593 723 760 801 dilutum
788 749 876 801 eum
905 728 991 804 satis
1017 739 1192 829 prompte

100 835 323 910 dissolveret
376 833 476 910 Cum
494 833 581 909 talia
597 838 761 913 remedia
789 838 899 913 fortia
928 850 968 915 et
996 866 1089 940 pura
1114 860 1192 917 non

100 949 242 1046 possint
258 945 436 1033 adhiberi,
462 958 500 1020 et
517 945 694 1025 uitricum
723 961 762 1026 et
790 950 1033 1028 muriatioum
1062 956 1193 1039 tenuis

99 1058 197 1135 fucta
222 1082 355 1157 parum
373 1056 531 1147 valeant,
555 1072 723 1161 superest
752 1072 899 1140 tantum
928 1063 1192 1167 suprimimus

100 1168 260 1269 dignum
277 1169 383 1270 quod
398 1166 609 1271 periculum
625 1170 706 1271 ejus
721 1172 788 1249 list
802 1177 843 1253 in
859 1175 1057 1257 calculosis.
1108 1178 1191 1254 Ex-

98 1280 308 1359 istimatum
349 1291 406 1359 est
441 1282 552 1361 ulium
581 1282 631 1359 ob
657 1309 804 1361 causum
833 1284 1068 1387 aptissimum
1101 1314 1193 1381 esse,

99 1394 277 1472 nimirum
295 1397 399 1497 quod
415 1398 542 1473 minus
551 1421 618 1503 per
629 1398 906 1477 concoctionem
919 1401 1081 1505 aliumue
1093 1401 1191 1477 vires

97 1511 258 1607 corporis
273 1534 388 1609 quam
404 1509 548 1611 reliqua
558 1512 796 1605 immutetur,
811 1520 851 1589 et
860 1514 1071 1613 quantitate
1087 1510 1192 1593 haud

98 1620 237 1720 exiguo
252 1631 339 1699 tuto
355 1624 455 1701 sumi
472 1623 598 1725 possit.

146 1755 371 1813 uncsxvn.
394 1735 461 1813 Ex
477 1737 627 1817 nestris
641 1748 770 1815 sutem
788 1736 935 1825 solibus.
956 1736 1012 1812 illi
1028 1736 1096 1836 qui
1112 1760 1190 1825 onr-

96 1843 256 1921 mutam
270 1870 360 1923 cum
374 1848 485 1925 acido
499 1842 726 1949 sulphureo
741 1848 804 1927 vel
818 1856 963 1929 acetoso
983 1849 1191 1935 continent,

98 1977 195 2051 squs
220 1954 343 2040 diluti,
380 1966 487 2029 extro
514 1982 648 2057 corpus
672 1958 861 2037 cultillum
891 1958 1089 2037 dissolvere
1118 1958 1190 2037 visi

98 2075 207 2141 sunt:
232 2075 419 2164 quantum
436 2090 526 2141 vero
542 2066 640 2141 intre
654 2092 788 2169 corpus
804 2070 963 2162 valeant,
993 2086 1033 2149 et
1049 2096 1189 2173 quous·

97 2201 174 2276 que
189 2175 255 2265 illi,
284 2176 498 2277 etquidem
514 2176 638 2277 ipsum
655 2176 806 2255 aeidum
820 2178 1093 2277 sulprlrmicom,
1118 2186 1192 2263 im.

99 2299 295 2365 mutentur
310 2300 512 2390 antequam
529 2288 577 2363 sd
593 2289 753 2366 vesicam
777 2290 1009 2389 perveniant,
1033 2292 1188 2371 ulterior

98 2402 327 2501 experientia
342 2402 482 2477 doceat.
533 2400 766 2476 Remedium
777 2423 952 2474 arcanum
964 2422 1085 2499 nuper
1094 2402 1187 2479 cele·

96 2512 246 2588 brutum
263 2523 442 2614 tanquam
460 2513 702 2590 utilissimum
725 2511 900 2587 adversus
925 2511 1092 2601 calculos,
1122 2539 1186 2615 ps·

98 2648 180 2700 rum
199 2626 458 2702 medicamenti
475 2626 638 2724 cujusvis
662 2635 798 2724 praeter
821 2621 1001 2699 nitrotenr
1021 2633 1185 2725 potassoe

99 2737 288 2813 continere
299 2738 459 2813 videtur.
510 2736 611 2811 Cum
624 2760 712 2811 vero
722 2743 781 2809 tot
790 2735 930 2811 incerta
938 2747 978 2812 et
987 2737 1183 2815 incredibi-

96 2848 146 2923 lis
162 2848 362 2924 truduntur
378 2850 426 2922 de
441 2848 614 2924 remediis
639 2847 856 2946 hujusmodi
873 2874 1032 2949 quorum
1050 2861 1183 2927 natura

97 2971 136 3035 et
152 2962 371 3063 compositio
387 2960 559 3037 omnibus
575 2972 676 3035 notre
692 2972 791 3049 sunt,
808 2958 948 3037 fabulas
965 2986 1048 3060 quae
1064 2963 1112 3036 de
1127 2987 1182 3037 ar·

97 3096 199 3162 euno,
224 3085 418 3173 utcunque
442 3073 604 3162 laudato,
628 3098 651 3147 s
674 3072 869 3148 venditore
885 3085 950 3149 sut
968 3074 1084 3173 vulgo
1100 3098 1180 3151 nar·

97 3195 236 3272 rantur,
260 3187 486 3284 perpendere
502 3195 568 3261 aut
584 3187 804 3287 perscrutari
827 3187 937 3263 inane
953 3199 993 3263 et
1008 3212 1179 3288 superva-

97 3319 255 3371 caneum
272 3296 376 3372 foret.
