<?xml version="1.0" encoding="UTF-8"?>
<!DOCTYPE html PUBLIC "-//W3C//DTD XHTML 1.0 Transitional//EN"
    "http://www.w3.org/TR/xhtml1/DTD/xhtml1-transitional.dtd">
<html xmlns="http://www.w3.org/1999/xhtml" xml:lang="en" lang="en">
 <head>
  <title>
</title>
<meta http-equiv="Content-Type" content="text/html;charset=utf-8" />
  <meta name='ocr-system' content='tesseract 3.04.00' />
  <meta name='ocr-capabilities' content='ocr_page ocr_carea ocr_par ocr_line ocrx_word'/>
</head>
<body>
  <div class='ocr_page' id='page_1' title='image "./conspectusmedic01greggoog_0471.png"; bbox 0 0 2678 4794; ppageno 0'>
   <div class='ocr_carea' id='block_1_1' title="bbox 117 405 1199 473">
    <p class='ocr_par' dir='ltr' id='par_1_1' title="bbox 117 405 1199 473">
     <span class='ocr_line' id='line_1_1' title="bbox 117 405 1199 473; baseline -0.006 0"><span class='ocrx_word' id='word_1_1' title='bbox 117 405 189 473; x_wconf 70' lang='lat'>422</span> <span class='ocrx_word' id='word_1_2' title='bbox 521 413 771 473; x_wconf 74' lang='lat' dir='ltr'>contarenus</span> <span class='ocrx_word' id='word_1_3' title='bbox 854 409 856 413; x_wconf 88' lang='grc'><em>·</em></span> <span class='ocrx_word' id='word_1_4' title='bbox 972 408 1062 466; x_wconf 75' lang='lat' dir='ltr'>car.</span> <span class='ocrx_word' id='word_1_5' title='bbox 1078 408 1199 467; x_wconf 79' lang='lat' dir='ltr'>xxxi:</span> 
     </span>
    </p>
   </div>
   <div class='ocr_carea' id='block_1_2' title="bbox 61 581 1201 3927">
    <p class='ocr_par' dir='ltr' id='par_1_2' title="bbox 123 581 1201 785">
     <span class='ocr_line' id='line_1_2' title="bbox 124 581 1201 691; baseline -0.008 -21"><span class='ocrx_word' id='word_1_6' title='bbox 124 606 190 671; x_wconf 90' lang='lat' dir='ltr'>aut</span> <span class='ocrx_word' id='word_1_7' title='bbox 207 598 363 684; x_wconf 90' lang='lat' dir='ltr'>duriore,</span> <span class='ocrx_word' id='word_1_8' title='bbox 388 581 453 674; x_wconf 83' lang='lat' dir='ltr'>aut</span> <span class='ocrx_word' id='word_1_9' title='bbox 469 593 564 668; x_wconf 90' lang='lat' dir='ltr'>male</span> <span class='ocrx_word' id='word_1_10' title='bbox 580 603 702 681; x_wconf 87' lang='lat' dir='ltr'>strato,</span> <span class='ocrx_word' id='word_1_11' title='bbox 720 613 806 691; x_wconf 83' lang='lat' dir='ltr'>quae</span> <span class='ocrx_word' id='word_1_12' title='bbox 819 612 966 664; x_wconf 90' lang='lat' dir='ltr'>sensum</span> <span class='ocrx_word' id='word_1_13' title='bbox 984 596 1109 662; x_wconf 76' lang='lat' dir='ltr'>taetras</span> <span class='ocrx_word' id='word_1_14' title='bbox 1125 586 1201 662; x_wconf 84' lang='lat' dir='ltr'>affi-</span> 
     </span>
     <span class='ocr_line' id='line_1_3' title="bbox 123 721 230 785; baseline -0.009 0"><span class='ocrx_word' id='word_1_15' title='bbox 123 721 230 785; x_wconf 89' lang='lat' dir='ltr'>ceret.</span> 
     </span>
    </p>

    <p class='ocr_par' dir='ltr' id='par_1_3' title="bbox 120 811 1199 2258">
     <span class='ocr_line' id='line_1_4' title="bbox 174 811 1199 915; baseline -0.009 -19"><span class='ocrx_word' id='word_1_16' title='bbox 174 845 327 896; x_wconf 79' lang='lat' dir='ltr'>mecnx.</span> <span class='ocrx_word' id='word_1_17' title='bbox 346 820 562 895; x_wconf 86' lang='lat' dir='ltr'>Cavendum</span> <span class='ocrx_word' id='word_1_18' title='bbox 580 841 731 915; x_wconf 90' lang='lat' dir='ltr'>quoque</span> <span class='ocrx_word' id='word_1_19' title='bbox 747 816 793 888; x_wconf 90' lang='lat' dir='ltr'>ab</span> <span class='ocrx_word' id='word_1_20' title='bbox 809 814 1011 887; x_wconf 80' lang='lat' dir='ltr'>irritatione</span> <span class='ocrx_word' id='word_1_21' title='bbox 1023 811 1087 885; x_wconf 92' lang='lat' dir='ltr'>illa</span> <span class='ocrx_word' id='word_1_22' title='bbox 1101 813 1199 911; x_wconf 79' lang='lat' dir='ltr'>(quaa</span> 
     </span>
     <span class='ocr_line' id='line_1_5' title="bbox 125 921 1198 1029; baseline -0.009 -22"><span class='ocrx_word' id='word_1_23' title='bbox 125 945 223 1007; x_wconf 92' lang='lat' dir='ltr'>certe</span> <span class='ocrx_word' id='word_1_24' title='bbox 240 933 335 1006; x_wconf 90' lang='lat' dir='ltr'>haud</span> <span class='ocrx_word' id='word_1_25' title='bbox 354 933 490 1029; x_wconf 85' lang='lat' dir='ltr'>exigua</span> <span class='ocrx_word' id='word_1_26' title='bbox 505 938 574 1026; x_wconf 89' lang='lat' dir='ltr'>est)</span> <span class='ocrx_word' id='word_1_27' title='bbox 604 953 715 1027; x_wconf 90' lang='lat' dir='ltr'>quam</span> <span class='ocrx_word' id='word_1_28' title='bbox 746 935 807 1000; x_wconf 73' lang='lat' dir='ltr'>aer</span> <span class='ocrx_word' id='word_1_29' title='bbox 832 926 956 998; x_wconf 86' lang='lat' dir='ltr'>minus</span> <span class='ocrx_word' id='word_1_30' title='bbox 986 949 1115 1021; x_wconf 84' lang='lat' dir='ltr'>purus,</span> <span class='ocrx_word' id='word_1_31' title='bbox 1140 921 1198 998; x_wconf 87' lang='lat' dir='ltr'>vel</span> 
     </span>
     <span class='ocr_line' id='line_1_6' title="bbox 125 1035 1197 1144; baseline -0.01 -24"><span class='ocrx_word' id='word_1_32' title='bbox 125 1047 359 1144; x_wconf 85' lang='lat' dir='ltr'>respiratione</span> <span class='ocrx_word' id='word_1_33' title='bbox 376 1043 435 1116; x_wconf 91' lang='lat' dir='ltr'>vel</span> <span class='ocrx_word' id='word_1_34' title='bbox 451 1041 682 1115; x_wconf 86' lang='lat' dir='ltr'>exhalatione</span> <span class='ocrx_word' id='word_1_35' title='bbox 709 1062 774 1136; x_wconf 91' lang='lat' dir='ltr'>per</span> <span class='ocrx_word' id='word_1_36' title='bbox 798 1046 922 1111; x_wconf 90' lang='lat' dir='ltr'>cutem</span> <span class='ocrx_word' id='word_1_37' title='bbox 945 1035 1138 1132; x_wconf 87' lang='lat' dir='ltr'>impedita,</span> <span class='ocrx_word' id='word_1_38' title='bbox 1160 1045 1197 1109; x_wconf 89' lang='lat' dir='ltr'>et</span> 
     </span>
     <span class='ocr_line' id='line_1_7' title="bbox 126 1146 1195 1252; baseline -0.012 -20"><span class='ocrx_word' id='word_1_39' title='bbox 126 1148 344 1232; x_wconf 67' lang='lat' dir='ltr'>uestimenta</span> <span class='ocrx_word' id='word_1_40' title='bbox 370 1166 408 1229; x_wconf 91' lang='lat' dir='ltr'>et</span> <span class='ocrx_word' id='word_1_41' title='bbox 438 1153 598 1252; x_wconf 85' lang='lat' dir='ltr'>stragula</span> <span class='ocrx_word' id='word_1_42' title='bbox 625 1150 779 1237; x_wconf 83' lang='lat' dir='ltr'>sordida,</span> <span class='ocrx_word' id='word_1_43' title='bbox 816 1157 958 1221; x_wconf 86' lang='lat' dir='ltr'>retenta</span> <span class='ocrx_word' id='word_1_44' title='bbox 986 1159 1025 1220; x_wconf 88' lang='lat' dir='ltr'>et</span> <span class='ocrx_word' id='word_1_45' title='bbox 1059 1146 1195 1244; x_wconf 90' lang='lat' dir='ltr'>corpori</span> 
     </span>
     <span class='ocr_line' id='line_1_8' title="bbox 127 1260 1198 1358; baseline -0.01 -15"><span class='ocrx_word' id='word_1_46' title='bbox 127 1271 251 1343; x_wconf 90' lang='lat' dir='ltr'>denuo</span> <span class='ocrx_word' id='word_1_47' title='bbox 274 1269 423 1342; x_wconf 89' lang='lat' dir='ltr'>admota</span> <span class='ocrx_word' id='word_1_48' title='bbox 448 1265 600 1339; x_wconf 89' lang='lat' dir='ltr'>materia</span> <span class='ocrx_word' id='word_1_49' title='bbox 624 1263 686 1337; x_wconf 89' lang='lat' dir='ltr'>illa</span> <span class='ocrx_word' id='word_1_50' title='bbox 712 1269 880 1358; x_wconf 88' lang='lat' dir='ltr'>corrupta</span> <span class='ocrx_word' id='word_1_51' title='bbox 909 1274 947 1332; x_wconf 91' lang='lat' dir='ltr'>et</span> <span class='ocrx_word' id='word_1_52' title='bbox 975 1260 1089 1332; x_wconf 88' lang='lat' dir='ltr'>noxia</span> <span class='ocrx_word' id='word_1_53' title='bbox 1116 1282 1198 1357; x_wconf 83' lang='lat' dir='ltr'>quae</span> 
     </span>
     <span class='ocr_line' id='line_1_9' title="bbox 120 1371 1197 1479; baseline -0.009 -25"><span class='ocrx_word' id='word_1_54' title='bbox 120 1382 199 1479; x_wconf 88' lang='lat' dir='ltr'>jam</span> <span class='ocrx_word' id='word_1_55' title='bbox 230 1379 383 1478; x_wconf 88' lang='lat' dir='ltr'>expulsa</span> <span class='ocrx_word' id='word_1_56' title='bbox 413 1387 478 1463; x_wconf 87' lang='lat' dir='ltr'>est,</span> <span class='ocrx_word' id='word_1_57' title='bbox 517 1376 659 1449; x_wconf 87' lang='lat' dir='ltr'>efficere</span> <span class='ocrx_word' id='word_1_58' title='bbox 688 1373 815 1447; x_wconf 90' lang='lat' dir='ltr'>solent.</span> <span class='ocrx_word' id='word_1_59' title='bbox 875 1371 1113 1469; x_wconf 87' lang='lat' dir='ltr'>Quapropter</span> <span class='ocrx_word' id='word_1_60' title='bbox 1140 1376 1197 1444; x_wconf 69' lang='lat' dir='ltr'>abr</span> 
     </span>
     <span class='ocr_line' id='line_1_10' title="bbox 128 1481 1198 1592; baseline -0.01 -25"><span class='ocrx_word' id='word_1_61' title='bbox 128 1517 253 1592; x_wconf 90' lang='lat' dir='ltr'>purus,</span> <span class='ocrx_word' id='word_1_62' title='bbox 271 1501 310 1565; x_wconf 90' lang='lat' dir='ltr'>et</span> <span class='ocrx_word' id='word_1_63' title='bbox 323 1489 479 1564; x_wconf 90' lang='lat' dir='ltr'>subinde</span> <span class='ocrx_word' id='word_1_64' title='bbox 492 1496 696 1571; x_wconf 86' lang='lat' dir='ltr'>renovatus,</span> <span class='ocrx_word' id='word_1_65' title='bbox 713 1496 751 1558; x_wconf 90' lang='lat' dir='ltr'>et</span> <span class='ocrx_word' id='word_1_66' title='bbox 764 1485 980 1582; x_wconf 89' lang='lat' dir='ltr'>plerumque</span> <span class='ocrx_word' id='word_1_67' title='bbox 992 1481 1198 1580; x_wconf 83' lang='lat' dir='ltr'>frigidulus.</span> 
     </span>
     <span class='ocr_line' id='line_1_11' title="bbox 128 1593 1198 1696; baseline -0.014 -18"><span class='ocrx_word' id='word_1_68' title='bbox 128 1604 321 1679; x_wconf 90' lang='lat' dir='ltr'>utilissima</span> <span class='ocrx_word' id='word_1_69' title='bbox 339 1627 395 1675; x_wconf 86' lang='lat' dir='ltr'>res</span> <span class='ocrx_word' id='word_1_70' title='bbox 411 1611 488 1685; x_wconf 90' lang='lat' dir='ltr'>est;</span> <span class='ocrx_word' id='word_1_71' title='bbox 515 1609 645 1696; x_wconf 88' lang='lat' dir='ltr'>utpote</span> <span class='ocrx_word' id='word_1_72' title='bbox 661 1598 727 1693; x_wconf 93' lang='lat' dir='ltr'>qui</span> <span class='ocrx_word' id='word_1_73' title='bbox 745 1619 819 1668; x_wconf 93' lang='lat' dir='ltr'>non</span> <span class='ocrx_word' id='word_1_74' title='bbox 835 1593 942 1667; x_wconf 91' lang='lat' dir='ltr'>modo</span> <span class='ocrx_word' id='word_1_75' title='bbox 953 1594 1032 1691; x_wconf 85' lang='lat' dir='ltr'>ipse</span> <span class='ocrx_word' id='word_1_76' title='bbox 1044 1595 1198 1693; x_wconf 79' lang='lat' dir='ltr'>egregiis</span> 
     </span>
     <span class='ocr_line' id='line_1_12' title="bbox 128 1703 1198 1807; baseline -0.01 -16"><span class='ocrx_word' id='word_1_77' title='bbox 128 1717 255 1793; x_wconf 87' lang='lat' dir='ltr'>usibus</span> <span class='ocrx_word' id='word_1_78' title='bbox 269 1716 474 1807; x_wconf 78' lang='lat' dir='ltr'>(mxxxm,</span> <span class='ocrx_word' id='word_1_79' title='bbox 493 1715 667 1805; x_wconf 76' lang='lat' dir='ltr'>mxxxiv)</span> <span class='ocrx_word' id='word_1_80' title='bbox 680 1708 841 1792; x_wconf 88' lang='lat' dir='ltr'>inservit,</span> <span class='ocrx_word' id='word_1_81' title='bbox 855 1705 918 1779; x_wconf 91' lang='lat' dir='ltr'>sed</span> <span class='ocrx_word' id='word_1_82' title='bbox 928 1729 1081 1804; x_wconf 83' lang='lat' dir='ltr'>gravem</span> <span class='ocrx_word' id='word_1_83' title='bbox 1092 1703 1198 1780; x_wconf 90' lang='lat' dir='ltr'>simul</span> 
     </span>
     <span class='ocr_line' id='line_1_13' title="bbox 128 1818 1199 1928; baseline -0.01 -25"><span class='ocrx_word' id='word_1_84' title='bbox 128 1839 167 1903; x_wconf 92' lang='lat' dir='ltr'>et</span> <span class='ocrx_word' id='word_1_85' title='bbox 183 1827 520 1928; x_wconf 87' lang='lat' dir='ltr'>pemiciosissimam</span> <span class='ocrx_word' id='word_1_86' title='bbox 545 1820 784 1892; x_wconf 89' lang='lat' dir='ltr'>irritationem</span> <span class='ocrx_word' id='word_1_87' title='bbox 803 1818 922 1902; x_wconf 91' lang='lat' dir='ltr'>tollit;</span> <span class='ocrx_word' id='word_1_88' title='bbox 947 1828 1096 1916; x_wconf 88' lang='lat' dir='ltr'>oportet</span> <span class='ocrx_word' id='word_1_89' title='bbox 1111 1842 1199 1917; x_wconf 92' lang='lat' dir='ltr'>quo-</span> 
     </span>
     <span class='ocr_line' id='line_1_14' title="bbox 127 1929 1198 2038; baseline -0.009 -26"><span class='ocrx_word' id='word_1_90' title='bbox 127 1964 212 2038; x_wconf 90' lang='lat' dir='ltr'>que,</span> <span class='ocrx_word' id='word_1_91' title='bbox 238 1936 347 2009; x_wconf 89' lang='lat' dir='ltr'>simili</span> <span class='ocrx_word' id='word_1_92' title='bbox 376 1935 424 2008; x_wconf 92' lang='lat' dir='ltr'>de</span> <span class='ocrx_word' id='word_1_93' title='bbox 451 1956 568 2016; x_wconf 86' lang='lat' dir='ltr'>causa,</span> <span class='ocrx_word' id='word_1_94' title='bbox 592 1930 811 2004; x_wconf 91' lang='lat' dir='ltr'>vestimenta</span> <span class='ocrx_word' id='word_1_95' title='bbox 838 1931 937 2029; x_wconf 78' lang='lat' dir='ltr'>aegri,</span> <span class='ocrx_word' id='word_1_96' title='bbox 962 1940 1001 2004; x_wconf 91' lang='lat' dir='ltr'>et</span> <span class='ocrx_word' id='word_1_97' title='bbox 1030 1929 1198 2031; x_wconf 79' lang='lat' dir='ltr'>stragula,</span> 
     </span>
     <span class='ocr_line' id='line_1_15' title="bbox 128 2043 1199 2144; baseline -0.003 -22"><span class='ocrx_word' id='word_1_98' title='bbox 128 2073 214 2123; x_wconf 90' lang='lat' dir='ltr'>cum</span> <span class='ocrx_word' id='word_1_99' title='bbox 232 2047 355 2132; x_wconf 89' lang='lat' dir='ltr'>lintea,</span> <span class='ocrx_word' id='word_1_100' title='bbox 380 2054 464 2118; x_wconf 92' lang='lat' dir='ltr'>tum</span> <span class='ocrx_word' id='word_1_101' title='bbox 480 2043 594 2132; x_wconf 83' lang='lat' dir='ltr'>lanea,</span> <span class='ocrx_word' id='word_1_102' title='bbox 619 2056 657 2117; x_wconf 90' lang='lat' dir='ltr'>et</span> <span class='ocrx_word' id='word_1_103' title='bbox 674 2043 844 2117; x_wconf 80' lang='lat' dir='ltr'>culcitam</span> <span class='ocrx_word' id='word_1_104' title='bbox 871 2044 985 2142; x_wconf 90' lang='lat' dir='ltr'>ipsam</span> <span class='ocrx_word' id='word_1_105' title='bbox 1014 2044 1199 2144; x_wconf 85' lang='lat' dir='ltr'>plumeam</span> 
     </span>
     <span class='ocr_line' id='line_1_16' title="bbox 129 2158 517 2258; baseline -0.003 -25"><span class='ocrx_word' id='word_1_106' title='bbox 129 2158 225 2246; x_wconf 92' lang='lat' dir='ltr'>lecti,</span> <span class='ocrx_word' id='word_1_107' title='bbox 251 2183 346 2258; x_wconf 85' lang='lat' dir='ltr'>saepe</span> <span class='ocrx_word' id='word_1_108' title='bbox 363 2169 517 2234; x_wconf 87' lang='lat' dir='ltr'>mutare.</span> 
     </span>
    </p>

    <p class='ocr_par' dir='ltr' id='par_1_4' title="bbox 61 2270 1201 3927">
     <span class='ocr_line' id='line_1_17' title="bbox 179 2270 1199 2371; baseline -0.002 -25"><span class='ocrx_word' id='word_1_109' title='bbox 179 2293 350 2347; x_wconf 76' lang='lat' dir='ltr'>mecm.</span> <span class='ocrx_word' id='word_1_110' title='bbox 375 2272 593 2346; x_wconf 89' lang='lat' dir='ltr'>Cavendum</span> <span class='ocrx_word' id='word_1_111' title='bbox 611 2296 761 2371; x_wconf 89' lang='lat' dir='ltr'>quoque</span> <span class='ocrx_word' id='word_1_112' title='bbox 777 2297 799 2344; x_wconf 90' lang='lat' dir='ltr'>a</span> <span class='ocrx_word' id='word_1_113' title='bbox 814 2271 921 2345; x_wconf 91' lang='lat' dir='ltr'>variis</span> <span class='ocrx_word' id='word_1_114' title='bbox 937 2270 1199 2346; x_wconf 85' lang='lat' dir='ltr'>irritationibus</span> 
     </span>
     <span class='ocr_line' id='line_1_18' title="bbox 129 2383 1201 2484; baseline -0.002 -26"><span class='ocrx_word' id='word_1_115' title='bbox 129 2409 215 2484; x_wconf 85' lang='lat' dir='ltr'>quae</span> <span class='ocrx_word' id='word_1_116' title='bbox 243 2409 264 2457; x_wconf 90' lang='lat' dir='ltr'>a</span> <span class='ocrx_word' id='word_1_117' title='bbox 293 2383 555 2471; x_wconf 86' lang='lat' dir='ltr'>functionibus,</span> <span class='ocrx_word' id='word_1_118' title='bbox 581 2396 619 2458; x_wconf 91' lang='lat' dir='ltr'>et</span> <span class='ocrx_word' id='word_1_119' title='bbox 643 2387 759 2483; x_wconf 86' lang='lat' dir='ltr'>magis</span> <span class='ocrx_word' id='word_1_120' title='bbox 775 2384 895 2459; x_wconf 91' lang='lat' dir='ltr'>adhuc</span> <span class='ocrx_word' id='word_1_121' title='bbox 911 2408 932 2457; x_wconf 92' lang='lat' dir='ltr'>a</span> <span class='ocrx_word' id='word_1_122' title='bbox 949 2384 1051 2459; x_wconf 83' lang='lat' dir='ltr'>vitiis</span> <span class='ocrx_word' id='word_1_123' title='bbox 1068 2383 1201 2459; x_wconf 87' lang='lat' dir='ltr'>ventri·</span> 
     </span>
     <span class='ocr_line' id='line_1_19' title="bbox 130 2493 1200 2582; baseline -0.002 -11"><span class='ocrx_word' id='word_1_124' title='bbox 130 2496 204 2571; x_wconf 92' lang='lat' dir='ltr'>culi</span> <span class='ocrx_word' id='word_1_125' title='bbox 234 2505 272 2570; x_wconf 90' lang='lat' dir='ltr'>et</span> <span class='ocrx_word' id='word_1_126' title='bbox 296 2497 554 2573; x_wconf 87' lang='lat' dir='ltr'>intestinorum</span> <span class='ocrx_word' id='word_1_127' title='bbox 582 2497 773 2582; x_wconf 88' lang='lat' dir='ltr'>oriuntur;</span> <span class='ocrx_word' id='word_1_128' title='bbox 798 2496 984 2570; x_wconf 86' lang='lat' dir='ltr'>concoctio</span> <span class='ocrx_word' id='word_1_129' title='bbox 1013 2497 1113 2570; x_wconf 91' lang='lat' dir='ltr'>enim</span> <span class='ocrx_word' id='word_1_130' title='bbox 1142 2493 1200 2569; x_wconf 84' lang='lat' dir='ltr'>ali·</span> 
     </span>
     <span class='ocr_line' id='line_1_20' title="bbox 129 2608 1200 2708; baseline 0 -26"><span class='ocrx_word' id='word_1_131' title='bbox 129 2611 259 2696; x_wconf 89' lang='lat' dir='ltr'>menti,</span> <span class='ocrx_word' id='word_1_132' title='bbox 285 2611 455 2708; x_wconf 89' lang='lat' dir='ltr'>quamvis</span> <span class='ocrx_word' id='word_1_133' title='bbox 472 2610 667 2696; x_wconf 88' lang='lat' dir='ltr'>sanissima,</span> <span class='ocrx_word' id='word_1_134' title='bbox 693 2633 823 2708; x_wconf 90' lang='lat' dir='ltr'>corpus</span> <span class='ocrx_word' id='word_1_135' title='bbox 849 2609 1082 2707; x_wconf 91' lang='lat' dir='ltr'>aliquantum</span> <span class='ocrx_word' id='word_1_136' title='bbox 1107 2608 1200 2682; x_wconf 87' lang='lat' dir='ltr'>exci-</span> 
     </span>
     <span class='ocr_line' id='line_1_21' title="bbox 131 2720 1201 2819; baseline -0.001 -25"><span class='ocrx_word' id='word_1_137' title='bbox 131 2730 197 2808; x_wconf 85' lang='lat' dir='ltr'>tat,</span> <span class='ocrx_word' id='word_1_138' title='bbox 222 2731 261 2794; x_wconf 92' lang='lat' dir='ltr'>et</span> <span class='ocrx_word' id='word_1_139' title='bbox 290 2721 418 2818; x_wconf 91' lang='lat' dir='ltr'>pulsus</span> <span class='ocrx_word' id='word_1_140' title='bbox 446 2721 660 2794; x_wconf 87' lang='lat' dir='ltr'>arteriarum</span> <span class='ocrx_word' id='word_1_141' title='bbox 689 2721 858 2795; x_wconf 88' lang='lat' dir='ltr'>nonnihil</span> <span class='ocrx_word' id='word_1_142' title='bbox 885 2720 1056 2806; x_wconf 87' lang='lat' dir='ltr'>festinat;</span> <span class='ocrx_word' id='word_1_143' title='bbox 1092 2743 1201 2819; x_wconf 86' lang='lat' dir='ltr'>prava</span> 
     </span>
     <span class='ocr_line' id='line_1_22' title="bbox 61 2832 1198 2931; baseline -0.003 -27"><span class='ocrx_word' id='word_1_144' title='bbox 61 2854 64 2861; x_wconf 82' lang='lat'><em>·</em></span> <span class='ocrx_word' id='word_1_145' title='bbox 130 2840 256 2904; x_wconf 89' lang='lat' dir='ltr'>autem</span> <span class='ocrx_word' id='word_1_146' title='bbox 281 2834 482 2922; x_wconf 76' lang='lat' dir='ltr'>concoctis,</span> <span class='ocrx_word' id='word_1_147' title='bbox 508 2832 625 2931; x_wconf 87' lang='lat' dir='ltr'>qualis</span> <span class='ocrx_word' id='word_1_148' title='bbox 642 2832 717 2906; x_wconf 86' lang='lat' dir='ltr'>fere</span> <span class='ocrx_word' id='word_1_149' title='bbox 733 2834 865 2907; x_wconf 89' lang='lat' dir='ltr'>accidit</span> <span class='ocrx_word' id='word_1_150' title='bbox 880 2834 919 2906; x_wconf 94' lang='lat' dir='ltr'>in</span> <span class='ocrx_word' id='word_1_151' title='bbox 936 2833 1071 2907; x_wconf 88' lang='lat' dir='ltr'>morbis</span> <span class='ocrx_word' id='word_1_152' title='bbox 1086 2832 1198 2904; x_wconf 87' lang='lat' dir='ltr'>acutis</span> 
     </span>
     <span class='ocr_line' id='line_1_23' title="bbox 130 2943 1196 3039; baseline -0.001 -25"><span class='ocrx_word' id='word_1_153' title='bbox 130 2943 329 3039; x_wconf 81' lang='lat' dir='ltr'>(ucxnrn),</span> <span class='ocrx_word' id='word_1_154' title='bbox 355 2943 476 3017; x_wconf 91' lang='lat' dir='ltr'>multo</span> <span class='ocrx_word' id='word_1_155' title='bbox 493 2944 610 3039; x_wconf 87' lang='lat' dir='ltr'>magis</span> <span class='ocrx_word' id='word_1_156' title='bbox 635 2943 811 3030; x_wconf 89' lang='lat' dir='ltr'>stimulat,</span> <span class='ocrx_word' id='word_1_157' title='bbox 837 2944 998 3019; x_wconf 88' lang='lat' dir='ltr'>distento</span> <span class='ocrx_word' id='word_1_158' title='bbox 1013 2943 1196 3027; x_wconf 87' lang='lat' dir='ltr'>nimirum,</span> 
     </span>
     <span class='ocr_line' id='line_1_24' title="bbox 129 3052 1201 3153; baseline 0 -27"><span class='ocrx_word' id='word_1_159' title='bbox 129 3061 169 3126; x_wconf 91' lang='lat' dir='ltr'>et</span> <span class='ocrx_word' id='word_1_160' title='bbox 184 3053 336 3138; x_wconf 86' lang='lat' dir='ltr'>irritato,</span> <span class='ocrx_word' id='word_1_161' title='bbox 361 3062 400 3125; x_wconf 90' lang='lat' dir='ltr'>et</span> <span class='ocrx_word' id='word_1_162' title='bbox 424 3061 576 3150; x_wconf 83' lang='lat' dir='ltr'>gravato</span> <span class='ocrx_word' id='word_1_163' title='bbox 593 3052 806 3140; x_wconf 89' lang='lat' dir='ltr'>ventriculo,</span> <span class='ocrx_word' id='word_1_164' title='bbox 832 3079 942 3129; x_wconf 87' lang='lat' dir='ltr'>onere</span> <span class='ocrx_word' id='word_1_165' title='bbox 967 3064 1133 3153; x_wconf 88' lang='lat' dir='ltr'>corrupto</span> <span class='ocrx_word' id='word_1_166' title='bbox 1161 3061 1201 3126; x_wconf 89' lang='lat' dir='ltr'>et</span> 
     </span>
     <span class='ocr_line' id='line_1_25' title="bbox 130 3163 1200 3266; baseline -0.002 -26"><span class='ocrx_word' id='word_1_167' title='bbox 130 3165 212 3251; x_wconf 87' lang='lat' dir='ltr'>acri,</span> <span class='ocrx_word' id='word_1_168' title='bbox 250 3163 352 3263; x_wconf 92' lang='lat' dir='ltr'>quod</span> <span class='ocrx_word' id='word_1_169' title='bbox 379 3165 615 3251; x_wconf 87' lang='lat' dir='ltr'>anxietatem,</span> <span class='ocrx_word' id='word_1_170' title='bbox 653 3172 691 3236; x_wconf 90' lang='lat' dir='ltr'>et</span> <span class='ocrx_word' id='word_1_171' title='bbox 717 3168 1013 3266; x_wconf 78' lang='lat' dir='ltr'>vertiginemet</span> <span class='ocrx_word' id='word_1_172' title='bbox 1041 3166 1200 3241; x_wconf 85' lang='lat' dir='ltr'>dolorem</span> 
     </span>
     <span class='ocr_line' id='line_1_26' title="bbox 129 3276 1200 3377; baseline -0.001 -25"><span class='ocrx_word' id='word_1_173' title='bbox 129 3277 269 3377; x_wconf 85' lang='lat' dir='ltr'>capitis,</span> <span class='ocrx_word' id='word_1_174' title='bbox 294 3285 333 3350; x_wconf 93' lang='lat' dir='ltr'>et</span> <span class='ocrx_word' id='word_1_175' title='bbox 349 3297 535 3364; x_wconf 86' lang='lat' dir='ltr'>nauseam,</span> <span class='ocrx_word' id='word_1_176' title='bbox 560 3286 600 3348; x_wconf 91' lang='lat' dir='ltr'>et</span> <span class='ocrx_word' id='word_1_177' title='bbox 615 3276 812 3364; x_wconf 89' lang='lat' dir='ltr'>vomitum,</span> <span class='ocrx_word' id='word_1_178' title='bbox 834 3293 871 3352; x_wconf 92' lang='lat' dir='ltr'>et</span> <span class='ocrx_word' id='word_1_179' title='bbox 879 3282 1059 3368; x_wconf 85' lang='lat' dir='ltr'>tormina,</span> <span class='ocrx_word' id='word_1_180' title='bbox 1075 3290 1115 3353; x_wconf 90' lang='lat' dir='ltr'>et</span> <span class='ocrx_word' id='word_1_181' title='bbox 1131 3279 1200 3353; x_wconf 90' lang='lat' dir='ltr'>alvi</span> 
     </span>
     <span class='ocr_line' id='line_1_27' title="bbox 129 3387 1199 3489; baseline 0.002 -27"><span class='ocrx_word' id='word_1_182' title='bbox 129 3389 277 3464; x_wconf 89' lang='lat' dir='ltr'>fluxum</span> <span class='ocrx_word' id='word_1_183' title='bbox 295 3389 467 3462; x_wconf 90' lang='lat' dir='ltr'>inducere</span> <span class='ocrx_word' id='word_1_184' title='bbox 483 3387 607 3486; x_wconf 89' lang='lat' dir='ltr'>possit.</span> <span class='ocrx_word' id='word_1_185' title='bbox 663 3387 866 3464; x_wconf 90' lang='lat' dir='ltr'>Ventriculi</span> <span class='ocrx_word' id='word_1_186' title='bbox 878 3393 993 3489; x_wconf 87' lang='lat' dir='ltr'>igitur</span> <span class='ocrx_word' id='word_1_187' title='bbox 1005 3393 1099 3466; x_wconf 89' lang='lat' dir='ltr'>ratio</span> <span class='ocrx_word' id='word_1_188' title='bbox 1111 3416 1199 3465; x_wconf 89' lang='lat' dir='ltr'>sem·</span> 
     </span>
     <span class='ocr_line' id='line_1_28' title="bbox 130 3499 1199 3602; baseline 0.003 -30"><span class='ocrx_word' id='word_1_189' title='bbox 130 3524 196 3598; x_wconf 91' lang='lat' dir='ltr'>per</span> <span class='ocrx_word' id='word_1_190' title='bbox 212 3501 378 3574; x_wconf 85' lang='lat' dir='ltr'>habenda</span> <span class='ocrx_word' id='word_1_191' title='bbox 395 3511 460 3587; x_wconf 78' lang='lat' dir='ltr'>est,</span> <span class='ocrx_word' id='word_1_192' title='bbox 485 3499 663 3599; x_wconf 90' lang='lat' dir='ltr'>cibusque</span> <span class='ocrx_word' id='word_1_193' title='bbox 683 3500 874 3600; x_wconf 86' lang='lat' dir='ltr'>eligendus</span> <span class='ocrx_word' id='word_1_194' title='bbox 891 3528 1032 3601; x_wconf 85' lang='lat' dir='ltr'>parcus,</span> <span class='ocrx_word' id='word_1_195' title='bbox 1057 3503 1199 3602; x_wconf 82' lang='lat' dir='ltr'>refrige-</span> 
     </span>
     <span class='ocr_line' id='line_1_29' title="bbox 128 3613 1200 3715; baseline 0.001 -31"><span class='ocrx_word' id='word_1_196' title='bbox 128 3634 222 3697; x_wconf 87' lang='lat' dir='ltr'>rans,</span> <span class='ocrx_word' id='word_1_197' title='bbox 239 3613 487 3700; x_wconf 86' lang='lat' dir='ltr'>tenuissimus,</span> <span class='ocrx_word' id='word_1_198' title='bbox 504 3623 682 3689; x_wconf 90' lang='lat' dir='ltr'>concoctu</span> <span class='ocrx_word' id='word_1_199' title='bbox 699 3614 912 3701; x_wconf 62' lang='lat' dir='ltr'>facillimum</span> <span class='ocrx_word' id='word_1_200' title='bbox 939 3616 986 3690; x_wconf 93' lang='lat' dir='ltr'>de</span> <span class='ocrx_word' id='word_1_201' title='bbox 1003 3642 1081 3714; x_wconf 93' lang='lat' dir='ltr'>quo</span> <span class='ocrx_word' id='word_1_202' title='bbox 1098 3615 1200 3715; x_wconf 90' lang='lat' dir='ltr'>plene</span> 
     </span>
     <span class='ocr_line' id='line_1_30' title="bbox 122 3721 1201 3826; baseline 0.002 -29"><span class='ocrx_word' id='word_1_203' title='bbox 122 3721 203 3821; x_wconf 90' lang='lat' dir='ltr'>jam</span> <span class='ocrx_word' id='word_1_204' title='bbox 225 3721 369 3796; x_wconf 91' lang='lat' dir='ltr'>dictum</span> <span class='ocrx_word' id='word_1_205' title='bbox 398 3735 453 3800; x_wconf 89' lang='lat' dir='ltr'>est</span> <span class='ocrx_word' id='word_1_206' title='bbox 483 3727 982 3826; x_wconf 77' lang='lat' dir='ltr'>(nccccuxxx111etseqq.).</span> <span class='ocrx_word' id='word_1_207' title='bbox 1035 3728 1151 3816; x_wconf 83' lang='lat' dir='ltr'>Quod</span> <span class='ocrx_word' id='word_1_208' title='bbox 1173 3725 1201 3799; x_wconf 87' lang='lat' dir='ltr'>si</span> 
     </span>
     <span class='ocr_line' id='line_1_31' title="bbox 129 3833 1200 3927; baseline 0.005 -19"><span class='ocrx_word' id='word_1_209' title='bbox 129 3833 369 3909; x_wconf 88' lang='lat' dir='ltr'>nibilominus</span> <span class='ocrx_word' id='word_1_210' title='bbox 381 3838 609 3913; x_wconf 86' lang='lat' dir='ltr'>ventriculus</span> <span class='ocrx_word' id='word_1_211' title='bbox 625 3836 720 3911; x_wconf 90' lang='lat' dir='ltr'>male</span> <span class='ocrx_word' id='word_1_212' title='bbox 738 3863 775 3911; x_wconf 91' lang='lat' dir='ltr'>se</span> <span class='ocrx_word' id='word_1_213' title='bbox 792 3839 971 3927; x_wconf 89' lang='lat' dir='ltr'>babuerit,</span> <span class='ocrx_word' id='word_1_214' title='bbox 997 3850 1037 3913; x_wconf 93' lang='lat' dir='ltr'>et</span> <span class='ocrx_word' id='word_1_215' title='bbox 1053 3840 1200 3913; x_wconf 87' lang='lat' dir='ltr'>alimen·</span> 
     </span>
    </p>
   </div>
   <div class='ocr_carea' id='block_1_3' title="bbox 122 3932 1201 4385">
    <p class='ocr_par' dir='ltr' id='par_1_5' title="bbox 122 3932 1201 4274">
     <span class='ocr_line' id='line_1_32' title="bbox 122 3932 1201 4051; baseline 0.003 -31"><span class='ocrx_word' id='word_1_216' title='bbox 122 3932 187 4032; x_wconf 79' lang='lat' dir='ltr'>tis,</span> <span class='ocrx_word' id='word_1_217' title='bbox 211 3955 404 4044; x_wconf 92' lang='lat' dir='ltr'>utcunque</span> <span class='ocrx_word' id='word_1_218' title='bbox 420 3940 605 4037; x_wconf 84' lang='lat' dir='ltr'>tenuibus,</span> <span class='ocrx_word' id='word_1_219' title='bbox 622 3961 794 4050; x_wconf 82' lang='lat' dir='ltr'>gravatus</span> <span class='ocrx_word' id='word_1_220' title='bbox 811 3950 932 4038; x_wconf 88' lang='lat' dir='ltr'>fuerit,</span> <span class='ocrx_word' id='word_1_221' title='bbox 958 3961 1042 4025; x_wconf 89' lang='lat' dir='ltr'>tum</span> <span class='ocrx_word' id='word_1_222' title='bbox 1060 3952 1140 4051; x_wconf 90' lang='lat' dir='ltr'>ejus</span> <span class='ocrx_word' id='word_1_223' title='bbox 1155 3948 1201 4023; x_wconf 82' lang='lat' dir='ltr'>af·</span> 
     </span>
     <span class='ocr_line' id='line_1_33' title="bbox 128 4057 1200 4161; baseline 0.007 -31"><span class='ocrx_word' id='word_1_224' title='bbox 128 4057 346 4132; x_wconf 77' lang='lat' dir='ltr'>lectionibus</span> <span class='ocrx_word' id='word_1_225' title='bbox 359 4061 483 4134; x_wconf 85' lang='lat' dir='ltr'>statim</span> <span class='ocrx_word' id='word_1_226' title='bbox 496 4063 761 4137; x_wconf 89' lang='lat' dir='ltr'>occurrendum</span> <span class='ocrx_word' id='word_1_227' title='bbox 775 4073 840 4148; x_wconf 88' lang='lat' dir='ltr'>est,</span> <span class='ocrx_word' id='word_1_228' title='bbox 858 4087 924 4161; x_wconf 91' lang='lat' dir='ltr'>per</span> <span class='ocrx_word' id='word_1_229' title='bbox 935 4065 1200 4139; x_wconf 80' lang='lat' dir='ltr'>medicamenta</span> 
     </span>
     <span class='ocr_line' id='line_1_34' title="bbox 129 4167 1177 4274; baseline 0.008 -31"><span class='ocrx_word' id='word_1_230' title='bbox 129 4167 317 4253; x_wconf 87' lang='lat' dir='ltr'>diluentia,</span> <span class='ocrx_word' id='word_1_231' title='bbox 343 4169 596 4260; x_wconf 81' lang='lat' dir='ltr'>demulcentia,</span> <span class='ocrx_word' id='word_1_232' title='bbox 617 4173 850 4274; x_wconf 74' lang='lat' dir='ltr'>antbeptica,</span> <span class='ocrx_word' id='word_1_233' title='bbox 867 4178 1076 4264; x_wconf 80' lang='lat' dir='ltr'>vomitorio,</span> <span class='ocrx_word' id='word_1_234' title='bbox 1092 4179 1155 4250; x_wconf 81' lang='lat' dir='ltr'>&amp;c</span> <span class='ocrx_word' id='word_1_235' title='bbox 1174 4198 1177 4234; x_wconf 87' lang='lat'>;</span> 
     </span>
    </p>

    <p class='ocr_par' dir='ltr' id='par_1_6' title="bbox 176 4281 1199 4385">
     <span class='ocr_line' id='line_1_35' title="bbox 176 4281 1199 4385; baseline 0.006 -25"><span class='ocrx_word' id='word_1_236' title='bbox 176 4300 364 4364; x_wconf 69' lang='lat' dir='ltr'>uccuxu.</span> <span class='ocrx_word' id='word_1_237' title='bbox 390 4281 548 4385; x_wconf 90' lang='lat' dir='ltr'>Oportet</span> <span class='ocrx_word' id='word_1_238' title='bbox 564 4285 678 4362; x_wconf 90' lang='lat' dir='ltr'>etiam</span> <span class='ocrx_word' id='word_1_239' title='bbox 703 4286 891 4367; x_wconf 86' lang='lat' dir='ltr'>medicum</span> <span class='ocrx_word' id='word_1_240' title='bbox 919 4289 966 4365; x_wconf 88' lang='lat' dir='ltr'>ad</span> <span class='ocrx_word' id='word_1_241' title='bbox 996 4285 1199 4367; x_wconf 84' lang='lat' dir='ltr'>molestissi-</span> 
     </span>
    </p>
   </div>
   <div class='ocr_carea' id='block_1_4' title="bbox 0 0 1348 4794">
    <p class='ocr_par' dir='ltr' id='par_1_7' title="bbox 0 0 1348 4794">
     <span class='ocr_line' id='line_1_36' title="bbox 0 0 1348 4794; baseline 0 0"><span class='ocrx_word' id='word_1_242' title='bbox 0 0 1348 4794; x_wconf 95' lang='lat' dir='ltr'> </span> 
     </span>
    </p>
   </div>
  </div>
 </body>
</html>
