2678 4794
128 437 215 493 car.
232 435 289 489 xa.
420 436 640 491 Maurarum
658 438 947 494 ruaoanmcm.
1131 429 1202 496 105
1232 474 1234 477 ψ

178 635 297 688 eccm.
323 611 400 687 Par
415 614 508 688 ratio
525 626 580 688 est
595 614 831 690 affectionum
862 617 1094 714 quarundam
1119 641 1202 692 ner-

130 723 205 800 uorr‘
219 724 403 825 garrera,-
427 727 660 815 oscitationis,
690 727 875 826 hystoria,
899 727 1095 828 epilepsia,
1121 753 1205 828 quae

126 836 198 911 aolo
211 839 298 912 visu
316 839 456 913 mirum
472 840 510 912 in
527 840 683 914 modum
703 864 798 939 saepe
813 853 1071 939 propagantur.

170 972 315 1025 eccur.
335 951 539 1026 Instinetus
555 952 678 1038 etiam,
695 953 761 1050 qui
778 963 939 1038 vocatur,
956 962 1081 1027 motus
1097 976 1204 1029 eausa

129 1073 188 1150 art,
211 1065 253 1136 in
269 1063 411 1136 caeteris
438 1062 656 1138 animalibus
686 1063 866 1150 notabilis,
891 1064 931 1136 in
949 1064 1100 1138 homine
1123 1067 1204 1166 ipso

128 1171 224 1248 baud
239 1174 333 1248 levis
348 1176 540 1249 momenti.
591 1176 679 1250 Hoc
703 1176 879 1275 magistro
902 1177 1114 1266 instructus,
1139 1202 1203 1253 no·

129 1307 197 1360 vus
219 1287 263 1359 in
284 1288 389 1363 terris
413 1287 544 1386 hospes
559 1310 761 1363 mammam
779 1289 905 1361 matris
922 1290 1065 1385 quaerit,
1089 1290 1203 1389 papil-

132 1394 204 1469 lam
228 1422 293 1471 ore
313 1397 515 1496 prehendit,
540 1413 589 1488 et,
618 1424 689 1499 ope
717 1398 923 1475 multorum
951 1400 1201 1477 musculorum

133 1507 243 1583 simul
278 1512 573 1610 conspirantium,
608 1514 731 1613 sugit3
768 1513 864 1586 actio
897 1513 1025 1587 adulto
1060 1514 1203 1589 homini

129 1618 226 1695 baud
248 1621 302 1696 ita
334 1622 438 1696 facile
474 1624 662 1698 imitanda.
729 1626 843 1700 Binos
880 1649 1032 1724 quoque
1065 1625 1202 1716 oculos,

128 1733 297 1809 musculis
322 1736 477 1810 omnino
503 1737 694 1824 distinctis,
724 1736 963 1835 diversosque
986 1760 1118 1811 nervos
1142 1738 1203 1812 ha

127 1843 304 1934 bentibus,
330 1857 458 1936 rectos,
483 1859 527 1923 ut
542 1849 658 1938 decet,
675 1874 810 1949 regere,
840 1861 878 1923 et
895 1849 934 1922 in
952 1846 1106 1923 eandem
1125 1875 1203 1924 rem

126 1969 334 2034 convertere
349 1962 466 2036 novit.
883 1944 889 1960 ⁶

167 2092 329 2147 cccun.
361 2071 428 2146 Ad
444 2073 662 2148 instinctum
679 2099 831 2173 quoque
847 2076 1036 2174 pertinent
1063 2075 1203 2175 appeti·

125 2190 179 2257 bra
206 2185 313 2272 varii,
340 2184 476 2282 quibus
502 2185 549 2258 ad
577 2187 768 2284 proprium
796 2210 926 2285 corpus
952 2187 1203 2275 reficiendum,

125 2316 312 2395 mnusque
322 2320 434 2371 suum
445 2299 736 2397 propagandum,
752 2299 865 2372 homo
876 2298 1092 2395 impellitur.
1131 2300 1202 2373 Fa-

124 2426 199 2481 mes
212 2409 350 2507 itaque,
381 2409 469 2497 sitis,
497 2409 643 2508 cupido,
670 2419 795 2482 motus
822 2409 987 2482 excitant
1015 2410 1062 2482 ad
1087 2421 1203 2483 certos

125 2515 214 2591 fines
230 2519 396 2594 directos.
448 2522 545 2596 Sunt
562 2530 600 2594 et
629 2519 709 2594 aliar
725 2541 995 2618 nonnunquam
1025 2521 1204 2619 cupidita-

125 2638 177 2704 tes
205 2629 378 2720 definitae,
407 2642 483 2707 tam
512 2633 689 2706 morbosae
704 2655 816 2730 quam
848 2632 1034 2719 salutares,
1058 2656 1080 2704 a
1105 2642 1204 2708 statu

124 2744 277 2842 torporis
303 2744 520 2843 pendentes,
550 2745 747 2819 instinctus
773 2742 979 2832 referentes,
1019 2769 1105 2844 quae
1128 2769 1203 2820 non

124 2850 306 2930 immerito
331 2859 429 2931 inter
454 2860 642 2958 appetitus
668 2867 981 2933 annumerantur:
1012 2858 1203 2933 absorben-

124 2964 227 3055 tium,
243 2971 504 3056 aoesoentium
517 2970 724 3058 herbarum,
737 2971 903 3045 earnium
915 2966 1202 3060 salitarum,aro
1252 3064 1259 3079 ,

124 3090 276 3167 matum,
291 3090 331 3154 et
347 3080 528 3156 similium
544 3105 666 3157 rerum
685 3082 872 3156 desideria.

171 3212 324 3265 cccmv.
350 3192 618 3292 Propensiones
634 3195 729 3269 bene
752 3195 883 3269 multae
904 3205 989 3269 tum
1015 3220 1103 3270 sano
1119 3205 1203 3269 tum

126 3301 294 3377 morbido
320 3307 460 3405 oorpori
485 3307 720 3405 oontingunt,
748 3307 952 3405 variosque,
982 3306 1204 3405 plerumque

126 3429 194 3487 non
212 3414 292 3489 sine
306 3419 451 3492 oonsaio
464 3418 624 3505 homine,
642 3428 766 3493 motus
778 3418 966 3494 efficiunt:
993 3417 1203 3516 cujusmodi

127 3523 166 3597 ad
188 3526 317 3603 alvum
334 3531 596 3619 evacuandam,
621 3531 765 3605 urinam
795 3529 1031 3619 reddendam,
1059 3533 1202 3622 tussim,

129 3642 437 3731 annotationem,
467 3643 731 3728 oscitationem,
760 3653 909 3717 artuum
936 3644 1202 3732 extensionem,

129 3755 360 3829 evomitum
385 3756 596 3855 impellunt.
649 3756 688 3830 si
712 3753 830 3828 levior
859 3745 971 3829 fuerit
998 3758 1203 3856 propensio,

132 3860 321 3941 voluntatis
345 3868 502 3967 imperio
518 3866 716 3967 aliquando
744 3865 901 3954 utimur,
925 3867 971 3941 ad
989 3878 1115 3942 motus
1139 3891 1202 3941 na·

132 3973 263 4063 tuma,
288 4001 384 4076 quos
408 3982 568 4055 excitare
592 3978 695 4066 solet,
732 3978 993 4077 reprimendos.
1055 3980 1201 4054 Eadem

133 4099 206 4159 tero
220 4091 368 4187 gravior
384 4091 487 4181 facta,
503 4092 675 4192 impediri
691 4092 823 4190 nequit
832 4093 927 4191 quin
943 4115 1028 4166 suos
1044 4092 1199 4165 demum

132 4205 242 4273 notus
256 4201 402 4278 efficiat.

171 4331 301 4390 eccur.
320 4313 440 4392 Multi
455 4326 493 4394 et
508 4317 594 4394 miri
611 4340 659 4393 ex
669 4326 727 4395 tot
738 4317 848 4396 variis
863 4313 981 4393 oausia
996 4314 1035 4388 in
1049 4330 1199 4409 corpora
