2694 4792
132 325 206 401 468
503 314 755 390 oossrscrus
962 323 1240 382 cmxxxiv.

253 1271 348 1346 Cur.
365 1266 558 1345 XXXIV
559 1264 683 1343 .-De
698 1259 869 1342 ranerio
885 1260 1114 1354 nouiter-iis.

137 2210 355 2266 Mcecuxvr.
382 2139 616 2263 Ruuuura
640 2185 850 2264 Vomitoria
872 2181 933 2259 vel
960 2181 1142 2259 Emetioa
1166 2180 1215 2257 di-

135 2312 272 2376 cuntur
288 2299 351 2375 illa
366 2325 452 2400 quoe
467 2300 652 2375 vomitum
669 2307 832 2378 movent.
883 2293 1017 2384 Qualis
1046 2297 1096 2370 sit
1124 2295 1216 2369 actio

134 2412 321 2502 vomendi,
357 2437 433 2512 qua
464 2413 627 2511 partium
659 2409 931 2487 machinatione
962 2405 1043 2495 fiat,
1079 2405 1214 2506 quibus

134 2527 250 2600 causis
267 2524 563 2625 frequentissime
586 2524 781 2613 excitetur,
806 2531 845 2597 et
868 2543 943 2619 qua
967 2521 1138 2595 maxime
1163 2541 1213 2592 ra·

133 2638 236 2713 tione
251 2639 311 2712 vel
336 2638 506 2736 prodesse
534 2634 594 2711 vel
622 2659 752 2710 nooene
778 2632 901 2728 soleat,
926 2655 996 2706 suo
1019 2629 1105 2729 jam
1134 2631 1210 2706 looo

15 2742 19 2751 ’
134 2749 355 2842 (ncnxxrn,
391 2756 625 2847 ncnxxvrn)
657 2749 870 2849 expositum
902 2753 968 2821 est
1035 2745 1210 2845 Superest

79 2867 82 2871 ’
132 2869 283 2948 tantum
299 2883 401 2936 nunc
427 2873 469 2937 ut
493 2862 676 2960 praecipua
691 2866 947 2935 reoenseantur
962 2856 1205 2932 medicamen·

131 2982 257 3047 torum
282 2996 418 3071 genera
441 2997 527 3071 quae
553 2972 602 3046 ad
628 2971 803 3047 ciendum
831 2969 1021 3045 vomitum
1046 2964 1209 3042 adhiberi

131 3084 261 3172 solent,
286 3094 326 3158 et
342 3094 387 3159 ut
404 3083 633 3184 singulorum
650 3086 745 3160 vires
771 3093 810 3158 et
838 3106 928 3158 usus
943 3080 1212 3181 explanenturt

130 3206 170 3273 et
187 3207 231 3272 ut
247 3196 338 3272 ordo
361 3195 494 3295 aliquis
522 3197 700 3272 sermonis
723 3196 800 3284 fiat,
824 3218 900 3270 non
928 3192 1068 3268 inutile
1094 3192 1166 3267 erit
1191 3214 1211 3263 a

129 3306 324 3385 lenissimis
350 3309 522 3409 incipere,
558 3319 686 3408 postea
710 3309 758 3383 ad
786 3306 972 3395 validiora,
998 3305 1142 3380 deinde
1167 3300 1212 3376 ad

128 3420 393 3498 violentissima
408 3419 589 3522 progredi.
641 3422 740 3497 Scire
768 3420 869 3496 enim
895 3427 1045 3519 oportet
1076 3415 1212 3494 ventri

129 3530 256 3606 culum
273 3532 365 3606 adeo
381 3531 581 3608 delicatum
597 3542 637 3609 et
652 3530 868 3608 imitabilem
877 3555 964 3620 esse,
981 3539 1210 3629 tantumque

127 3665 216 3717 oum
232 3642 311 3717 aliis
327 3643 492 3743 partibus
510 3669 728 3722 eonsensum
753 3643 897 3732 habere,
922 3651 967 3718 ut
991 3665 1073 3717 non
1100 3639 1211 3717 modo

126 3778 194 3855 per
210 3753 369 3854 plurima
384 3755 706 3834 vehementiorum
717 3755 1004 3843 stimulantium,
1021 3755 1110 3829 siin
1124 3774 1212 3828 eum

126 3867 270 3966 ingesta
284 3866 434 3957 fuerint,
451 3869 515 3944 sed
525 3893 622 3969 saepe
631 3894 697 3970 per
713 3893 770 3944 res
787 3867 1010 3954 mitissimas,
1026 3862 1211 3966 omnique

124 3977 201 4052 fere
229 3978 381 4054 stimulo
409 4003 554 4070 vacuas,
576 3980 768 4056 interdum
797 3981 908 4056 etiam
937 4002 1096 4078 pernes
1124 4001 1213 4055 vere

123 4088 293 4167 sedantes
308 4101 347 4167 et
363 4091 516 4192 quidem
533 4091 755 4180 noroots‘caa,
779 4091 828 4166 ad
843 4091 1033 4165 vomitum
1056 4091 1210 4166 cientur.

122 4198 307 4282 Memoria
322 4227 472 4306 quoque
484 4213 609 4282 tenere
618 4214 767 4306 oportet
777 4204 962 4304 insignem
975 4203 1104 4281 varios
1115 4204 1214 4280 inser
