2678 4794
128 390 212 447 CAP.
229 391 252 444 1.
401 385 626 443 Mammula
644 386 933 443 THEORETICAE.
1179 382 1201 446 3

124 566 269 665 quidem
283 566 509 654 necessariae,
534 565 598 641 sed
619 590 705 664 quae
720 565 903 664 paulisper
915 563 1043 651 facile,
1068 574 1107 638 et
1124 566 1201 640 sine

103 679 286 775 'penculc
311 679 494 780 suspendi
510 690 683 778 possunt:
710 679 907 765 concoctio,
924 677 1071 764 scilicet,
1089 701 1200 751 secrc-

123 789 173 864 tio
186 802 224 865 et
238 794 414 866 excretio.

167 926 207 978 x.
232 903 436 990 Vitalibus,
473 903 601 1003 igitur,
625 913 665 977 et
698 903 924 979 naturalibus
948 900 1201 979 functionibus

127 1012 232 1090 homo
257 1017 366 1103 vivit,
391 1017 508 1114 viget,
533 1015 706 1102 reficitur,
736 1024 926 1114 purgatur,
956 1014 1002 1088 ad
1027 1014 1203 1088 animales

125 1129 340 1202 exercendas
355 1129 514 1203 idoneus
526 1128 670 1202 evadit:
697 1127 820 1201 nobile
832 1152 935 1225 opus,
954 1151 1021 1200 nec
1032 1127 1103 1201 nisi
1119 1124 1226 1209 UnP

124 1241 432 1339 excogitandum
457 1253 555 1315 certe
567 1264 679 1314 omne
695 1240 904 1315 humanum
916 1240 1110 1337 ingenium
1122 1232 1202 1313 tan·

128 1360 212 1424 tum
228 1353 414 1441 excedens,
443 1364 489 1426 ut
512 1365 640 1426 mente
655 1353 827 1450 quamvis
852 1376 988 1449 sagace,
1015 1352 1124 1425 toties
1140 1375 1203 1424 ex-

129 1461 323 1559 ploratum,
347 1487 419 1538 non
442 1466 629 1563 mpiatur3
655 1489 777 1562 neque
794 1464 1022 1564 singularum
1040 1463 1203 1562 partium

127 1573 340 1664 functiones,
362 1579 755 1676 nequeuniversarum
774 1600 903 1664 nexus,
928 1600 1050 1675 neque
1066 1575 1147 1649 fons
1164 1586 1203 1648 et
1238 1648 1253 1681 Ι,
1307 1674 1312 1681 ¹

125 1688 226 1787 origo
240 1690 378 1764 virium
396 1689 533 1789 quibus
550 1689 719 1764 machina
734 1699 917 1778 movetur,
943 1689 1120 1804 hactenus
1141 1689 1202 1762 de·
1229 1688 1250 1759 ,ἦ

126 1806 305 1897 tegantur.
504 1798 509 1807 '
1054 1789 1071 1805 ”

170 1932 228 1987 x1.
253 1913 371 1989 Nulla
387 1916 488 1988 enim
506 1925 636 2014 praeter
657 1915 854 1998 animalem
872 1913 1042 1989 machina
1057 1916 1205 2013 proprio

124 2036 229 2099 mota
245 2027 387 2112 cietur;
411 2028 515 2102 nulla
530 2030 610 2116 alia,
627 2028 788 2128 pericula
805 2029 952 2102 sibimet
970 2028 1205 2102 imminentia

75 2128 85 2201 ’.
123 2140 187 2210 aaa
203 2150 336 2237 sponte
352 2152 575 2228 summovet,
600 2164 668 2216 nec
697 2166 753 2216 res
778 2142 914 2241 quibus
931 2151 1017 2241 eget
1041 2141 1111 2214 sibi
1135 2141 1205 2216 mi·

71 2222 101 2326 ζ’(
124 2248 262 2326 nistrat.
777 2302 784 2312 ·
842 2244 846 2250 ’

71 2340 250 2468 )<..x11.
273 2364 405 2440 Primo
417 2368 542 2442 statim
555 2378 717 2467 aspectu,
733 2367 816 2440 talis
829 2365 1008 2451 machina,
1025 2366 1095 2438 nisi
1112 2364 1207 2438 sorte

127 2496 239 2546 causa
249 2475 366 2574 aliqua
379 2489 532 2554 externa
544 2488 716 2576 corrupta
725 2477 784 2550 vel
797 2477 891 2562 laesa,
908 2478 947 2546 in
961 2499 1071 2547 omne
1084 2498 1207 2548 aevum

125 2583 304 2661 durabili!
318 2590 485 2665 videtur:
524 2600 563 2664 et
590 2589 742 2688 quidem
770 2587 846 2660 sola
869 2585 1097 2683 experientia
1123 2608 1207 2658 con-

126 2699 279 2773 trarium
307 2699 492 2777 docemur.
544 2703 674 2777 Homo
700 2701 812 2787 enim,
839 2698 1011 2797 quamvis
1036 2720 1144 2770 sanus
1168 2708 1208 2770 et

127 2809 296 2887 robustus
312 2824 351 2887 et
367 2825 534 2912 vegetus,
560 2814 768 2889 labentibus
786 2814 901 2899 annis,
931 2823 969 2885 et
986 2810 1064 2909 ipse
1081 2809 1207 2883 dilabi-

128 2932 197 3008 tut,
221 2914 390 3013 senescit,
415 2927 583 3014 moritur,
608 2928 649 3000 in
674 2927 827 3025 pristina
843 2925 1026 2999 elementa
1042 2921 1208 3011 solvitur,

128 3030 204 3107 aliis
219 3036 470 3113 animantibus
486 3039 667 3136 pabulum
683 3039 842 3113 futurus.

177 3167 265 3221 xm.
291 3147 389 3223 Haec
405 3159 530 3223 autem
548 3150 704 3225 Naturae
732 3149 805 3237 lex,
831 3150 902 3224 hoc
922 3148 1138 3232 consiliumc
1163 3156 1209 3222 ut

129 3253 261 3355 singnsli
276 3272 430 3359 pereant
447 3262 625 3349 homines,
641 3286 733 3361 gens
750 3264 913 3337 humana
929 3260 1066 3335 floreat.
1104 3258 1209 3332 Hinc

129 3389 243 3457 sexus,
274 3373 362 3445 hinc
389 3374 580 3471 generatio
606 3383 643 3446 et
669 3374 798 3472 proles,
824 3385 862 3448 et
879 3370 1060 3471 quicquid
1075 3371 1209 3459 suavis,

129 3480 302 3582 quicquid
320 3485 446 3571 aman',
470 3484 569 3559 alma
585 3485 716 3559 Venus
733 3485 853 3560 habet.

173 3615 256 3667 nv.
283 3595 358 3669 Sed
387 3597 465 3694 ipse
493 3591 672 3672 terraram
702 3606 741 3670 et
757 3622 844 3695 qnae
860 3620 919 3669 eas
947 3594 1116 3670 incolunt
1131 3598 1207 3671 ani-

130 3702 277 3779 malium
304 3707 492 3796 dominus,
521 3734 667 3808 parvus,
702 3708 842 3795 debilis,
872 3708 1008 3793 fatuus,
1037 3708 1207 3782 omnium

130 3836 247 3891 remm
263 3818 384 3919 inops,
409 3822 590 3897 nascitur:
617 3819 691 3895 sola
714 3831 912 3919 parentum
936 3843 1026 3894 cura
1040 3820 1106 3894 diu
1123 3842 1207 3893 con·

130 3940 299 4018 servatur,
325 3931 485 4018 fovetur,
511 3932 642 4019 alitum
668 3932 848 4032 paulatim
865 3933 1003 4018 crescit,
1027 3931 1206 4029 pubescit,

127 4036 308 4129 adolescit,
339 4043 455 4141 sapit:
491 4044 610 4119 forma
637 4055 677 4119 et
698 4045 813 4119 ammi
838 4053 877 4119 et
892 4044 1050 4142 corporis
1067 4040 1207 4115 viribus

127 4165 293 4245 parentes
322 4164 469 4259 tequam
504 4157 633 4232 eadem
667 4157 808 4257 gaudet
835 4178 1004 4232 exercere
1032 4171 1206 4229 munera3

378 4312 381 4319 ·
631 4280 699 4345 st

538 4504 555 4579 i
