2678 4794
118 399 209 454 cnr.
228 396 329 452 xnu.
396 391 617 450 Maurorum
635 397 924 480 saxonanum.
1129 385 1199 458 571

122 598 254 672 parum
266 572 634 648 hactenusintellecta
646 588 752 661 sunt;
780 585 913 675 utpote
924 574 990 673 qui
1001 599 1076 648 non
1090 574 1203 647 modo

122 687 162 758 in
179 687 379 760 infantibus
406 684 481 759 solo
506 687 600 759 lacte
628 699 795 762 materno
824 687 1070 774 vescentibus,
1096 697 1134 759 et
1163 688 1203 759 in

120 823 245 872 recens
262 799 365 884 natis,
391 808 430 870 et
455 797 610 871 demum
626 801 665 873 in
683 801 836 874 foetibus
853 803 892 874 in
910 812 1017 875 utero
1034 809 1203 873 materno

123 912 245 985 adhuc
254 909 463 997 latentibus,
481 919 525 982 ut
535 910 660 999 fertur,
677 914 814 988 detecti
828 925 925 999 sunt,
942 936 1074 986 verum
1091 912 1204 984 etiam

125 1023 259 1095 diversi
276 1024 419 1120 generis
450 1033 537 1097 sunt
563 1048 584 1096 a
614 1023 800 1099 lumbricis
823 1025 1064 1110 terrestribus,
1089 1033 1127 1095 et
1143 1021 1205 1097 vel

125 1159 328 1232 nunquam,
353 1134 414 1207 vel
442 1136 623 1209 rarissime
650 1136 832 1211 duntaxat
863 1138 1108 1236 reperiuntur,
1133 1134 1206 1208 nisi

127 1249 166 1320 in
184 1248 393 1347 corporibus
409 1247 562 1322 aliorum
581 1251 839 1324 animantium.

104 1448 106 1453 ἵ
157 1384 373 1436 mucxxu.
399 1360 536 1435 Multis
552 1363 703 1436 medicis
721 1386 935 1461 persuasum
952 1371 1017 1448 est,
1035 1359 1205 1444 nimium,

124 1482 167 1546 et
183 1473 332 1546 fortasse
350 1472 558 1548 morbosum
576 1475 839 1549 intestinorum
866 1497 1031 1558 mucum,
1056 1472 1100 1544 iis
1118 1493 1207 1568 quo·

126 1586 326 1666 dammodo
342 1585 431 1660 nido
447 1610 535 1674 esse,
560 1611 765 1685 eorumque
782 1586 981 1685 praesertim
1011 1609 1089 1674 ova
1109 1582 1207 1656 exci-

124 1723 211 1796 pere
228 1710 266 1771 et
282 1698 406 1771 fovere
422 1697 540 1772 donec
556 1697 750 1773 vermiculi
766 1698 967 1795 prodeant:
993 1697 1063 1772 hoc
1079 1704 1208 1769 autem

123 1811 248 1883 minus
266 1823 408 1883 certum
426 1818 503 1893 est;
529 1811 705 1904 quamvis
718 1810 819 1882 enirn
838 1810 943 1907 pueri
961 1833 1073 1907 quam
1087 1806 1207 1883 adulti

125 1922 312 1995 vermibus
322 1920 442 1993 multo
454 1919 685 2016 frequentius
699 1920 875 2007 laborent,
893 1922 1048 1994 minime
1064 1930 1207 1994 constat

127 2056 255 2106 eorum
282 2030 456 2104 intestina
482 2032 599 2129 magis
624 2055 701 2104 esse
727 2056 885 2106 mucosa
938 2034 1076 2108 llucus
1094 2034 1208 2106 etiam

128 2146 192 2242 qui
210 2169 231 2215 a
247 2142 462 2217 verminosis
479 2166 575 2241 saepe
591 2168 656 2241 per
672 2142 799 2216 alvum
813 2146 1032 2230 excernitur,
1051 2146 1205 2219 effectus

84 2270 87 2277 '
126 2257 250 2355 potius
268 2280 380 2353 quam
397 2271 506 2328 causa
521 2255 607 2328 mali
625 2280 701 2328 esse
718 2266 849 2353 potest,
868 2255 1053 2327 intestinis
1071 2256 1207 2329 scilicet

126 2369 220 2443 laesis
237 2376 275 2440 et
290 2365 495 2454 infirmatis,
521 2377 560 2439 et
576 2366 622 2439 ab
638 2367 845 2465 hospitibus
870 2367 1010 2439 infestis
1029 2366 1127 2438 haud
1144 2391 1207 2463 pa-

126 2505 212 2555 rum
231 2479 401 2552 irritatis:
428 2488 611 2576 praeterea,
635 2478 805 2553 lumbrici
822 2481 893 2579 ipsi
910 2479 1112 2552 admodum
1126 2493 1207 2552 rnu-

127 2594 201 2666 cosi
218 2601 315 2679 sunt,
341 2600 380 2664 et
397 2615 525 2664 mucus
543 2593 607 2689 qui
624 2594 846 2680 excernitur,
871 2592 918 2665 ab
943 2593 1105 2690 ipsorum
1136 2590 1205 2663 for·

128 2715 222 2779 tasse
239 2704 448 2802 corporibus
466 2729 601 2803 magna
617 2730 665 2779 ex
682 2716 785 2804 parte
802 2706 998 2779 derivatur.

180 2839 391 2891 Mucxxnr.
410 2816 584 2892 Creditur
600 2844 751 2917 quoque
764 2818 931 2905 infantes,
949 2829 986 2891 et
1004 2842 1088 2891 sane
1105 2816 1208 2892 adul·

129 2938 185 3003 tos
203 2930 325 3016 etiam,
349 2929 522 3016 infirmos,
540 2929 636 3004 male
653 2956 766 3019 sanos,
784 2956 906 3029 pravae
923 2932 1050 3016 diaetae,
1068 2939 1106 3002 et
1123 2930 1207 3017 aeri,

128 3049 167 3112 et
184 3043 271 3115 vitae
286 3042 412 3140 generi
429 3052 601 3130 assuetos,
632 3045 680 3118 ob
697 3045 883 3118 defectum
902 3046 1042 3118 idoneae
1059 3069 1207 3119 concoc-

128 3153 249 3238 tionis,
274 3166 313 3231 et
329 3153 568 3252 languentem
594 3158 856 3231 intestinorum
874 3168 1029 3243 motum,
1055 3157 1207 3231 lumbri·

129 3287 189 3336 cos
217 3263 348 3359 saepius
377 3264 509 3342 habere
526 3293 639 3364 quarn
657 3271 734 3342 sani
752 3281 790 3342 et
809 3269 919 3343 validi
938 3269 1083 3352 habent,
1109 3270 1207 3341 bono

129 3377 212 3448 cibo
228 3385 266 3447 et
283 3382 373 3460 aere,
397 3388 434 3449 et
452 3377 568 3451 multa
583 3383 741 3479 eorporis
758 3382 1021 3456 exercitatione
1037 3390 1206 3454 utentes:

130 3488 229 3585 quod
260 3486 422 3584 profecto
448 3487 649 3564 admodum
674 3495 871 3567 verisimile
891 3505 970 3579 est;
1005 3495 1068 3567 sed
1085 3517 1207 3592 neque

128 3600 220 3680 adeo
249 3599 409 3685 firmum,
438 3623 559 3697 neque
588 3601 680 3677 adeo
708 3618 940 3702 perpetuum,
973 3608 1064 3705 quin
1094 3604 1207 3680 multi

128 3713 244 3810 pueri,
263 3711 397 3809 quibus
415 3722 493 3786 tota
510 3711 586 3784 vita
603 3712 696 3785 nibil
713 3726 844 3812 praeter
859 3718 1015 3816 longum
1032 3719 1205 3792 morbum

130 3835 216 3910 erat,
241 3850 264 3896 a
280 3823 467 3898 vermibus
485 3835 609 3898 tamen
624 3826 809 3919 immunes
827 3828 998 3916 vixerint,
1024 3832 1114 3903 dum
1132 3826 1205 3915 alii,

130 3935 207 4007 sani
225 3946 262 4008 et
278 3936 429 4023 robusti,
455 3936 653 4013 lumbricos
677 3937 870 4036 aliquoties
897 3966 944 4015 ex
974 3940 1204 4015 inferioribus

129 4045 294 4143 partibus
311 4049 546 4154 reddiderint.

180 4181 373 4234 uncxx1v.
401 4162 583 4250 Quamvis
602 4162 710 4239 multi
729 4166 870 4252 medici,
895 4191 1015 4264 nuper
1039 4177 1077 4238 et
1104 4165 1203 4250 olim,

127 4270 174 4345 ab
190 4271 451 4370 antiquissimis
467 4277 580 4351 etiam
598 4277 836 4377 temporibus,
862 4280 949 4358 huic
975 4279 1028 4358 rei
1053 4301 1202 4377 operam
