2678 4794
137 384 211 464 198
552 393 803 451 comesurus
1010 397 1201 452 canxrx.

133 576 355 660 hominibus,
383 575 580 671 praesertim
599 573 810 660 infantibus,
839 570 911 646 alvi
927 569 1054 646 fluxus
1077 572 1209 646 famili-

134 691 204 765 sris
231 701 306 773 est;
340 686 444 759 ethi
472 711 559 762 sane
584 689 631 763 ab
652 687 797 761 astricta
821 683 904 758 alvo
932 683 1095 758 multum
1129 682 1211 782 pati

134 801 261 877 solent.

183 936 354 992 nemu.
392 914 522 989 Oritur
556 939 577 987 a
615 912 722 987 variis
759 910 896 986 causis:
928 908 1001 982 acri
1028 907 1215 1006 imprimis

133 1028 264 1123 quovis
288 1029 327 1101 in
353 1052 484 1128 oorpus
508 1037 665 1126 recepto,
703 1035 769 1098 aut
793 1024 831 1097 in
866 1019 1048 1096 intestinis
1073 1019 1214 1119 genito,

131 1158 258 1211 massae
283 1140 518 1214 alimentariae
545 1139 791 1238 corruptione,
815 1158 901 1210 cum
924 1132 1025 1207 acida
1041 1140 1127 1205 tum
1144 1155 1212 1230 pu-

132 1247 239 1336 trida,
263 1263 329 1327 aut
354 1254 438 1328 felle
475 1267 606 1352 praeter
641 1250 790 1325 solitum
808 1246 1018 1323 abundante
1039 1252 1106 1317 aut
1130 1242 1214 1331 acri,

131 1371 196 1432 aut
213 1367 392 1464 sanguine
407 1366 466 1440 vel
484 1390 577 1465 pure
605 1367 645 1438 in
669 1362 852 1437 intestinis
877 1358 1025 1444 effusus,
1050 1356 1214 1455 ipsisque

130 1469 314 1550 intestinis
349 1479 469 1563 erosis,
506 1477 565 1550 vel
591 1477 738 1575 proprio
768 1498 878 1548 muco
902 1471 1047 1555 orbatis,
1083 1467 1144 1542 vel
1167 1466 1214 1541 ab

130 1582 350 1663 humoribus
367 1614 387 1662 a
417 1587 607 1686 superficie
631 1586 790 1685 corporis
807 1582 922 1683 pulsis
939 1592 1135 1680 partesque
1158 1580 1213 1653 in·

132 1703 252 1772 ternas
276 1725 404 1775 versus
440 1700 596 1785 directis,
632 1697 747 1772 veluti
783 1695 973 1792 afrigore‚
1011 1693 1213 1792 praesertim

130 1809 288 1905 pedibus
304 1814 475 1896 adm0t0;
501 1810 558 1884 vel
576 1836 598 1883 a
613 1808 772 1909 generali
791 1807 949 1905 corporis
967 1806 1213 1904 corruptione,

130 1929 176 1993 ut
200 1923 238 1994 in
264 1923 415 2019 phthisi,
440 1922 539 1996 febre
564 1921 711 2008 hectico,
750 1918 809 1994 vel
834 1919 934 1992 febre
959 1917 1119 2017 putrida,
1155 1914 1213 1991 vel

129 2030 309 2119 scordalo,
325 2034 507 2133 imprimis
524 2035 593 2108 sub
605 2032 715 2107 finem
735 2033 889 2106 istorum
903 2031 1128 2104 morborum.
1166 2029 1211 2103 In

129 2138 291 2218 febribus
316 2145 513 2244 aliquando
538 2146 702 2220 salutaris
731 2145 804 2218 alvi
829 2144 955 2218 fluxus
980 2142 1041 2215 vel
1066 2142 1212 2240 penitus

130 2254 240 2329 solvit
266 2258 449 2346 morbum,
486 2258 544 2332 vel
573 2283 659 2332 eum
686 2259 871 2332 mitiorem
897 2255 1038 2339 reddit;
1082 2254 1211 2353 saepius

130 2389 219 2440 vero
244 2369 337 2443 nihil
368 2370 489 2466 juvat,
527 2371 696 2470 viresque
721 2370 807 2469 aegri
834 2369 957 2467 potius
983 2365 1213 2456 exhaurite

129 2481 328 2578 putredine
344 2483 526 2582 originem
544 2484 692 2570 ducens,
718 2484 747 2558 si
765 2505 887 2578 neque
910 2479 1041 2551 idonea
1057 2478 1213 2553 ad‘hano

130 2593 382 2691 corrigendam
402 2596 620 2693 tempestive
637 2598 722 2671 data
738 2595 876 2670 fuerint
893 2591 1062 2678 remedia,
1093 2614 1213 2691 neque

130 2705 344 2778 evacuantis
373 2707 535 2779 remedia
563 2707 735 2792 adhibita,
761 2706 883 2804 qualia
900 2706 1143 2778 convenirent
1165 2702 1212 2777 ad

129 2813 378 2887 ventriculum
405 2828 443 2890 et
467 2819 640 2891 intestina
664 2817 848 2889 liberanda
876 2816 1035 2913 plurima
1059 2815 1213 2892 materia

130 2933 312 3020 corrupta,
346 2928 483 3021 quain
510 2927 716 3000 istiusmodi
742 2928 878 3000 morbis
903 2928 1046 3025 gravari
1084 2928 1211 3003 solent

129 3031 319 3130 Denique,
346 3048 433 3108 sunt
459 3039 524 3135 qui
551 3038 687 3112 habent
712 3039 887 3112 intestina
909 3040 1000 3113 adeo
1017 3040 1153 3125 debilia
1175 3049 1213 3115 et

129 3147 280 3222 mobilia
305 3150 530 3247 (ccctxm),
557 3162 601 3226 ut
625 3152 845 3224 alevissima
864 3177 990 3255 causa,
1017 3152 1137 3227 veluti
1154 3151 1212 3226 fn'·

129 3284 218 3357 gore
243 3273 421 3360 suscepto,
447 3273 513 3335 ant
538 3263 660 3336 animo
685 3274 816 3362 praetcr
841 3263 991 3338 solitum
1016 3274 1211 3352 commoto,

128 3371 349 3447 vehemente
365 3373 438 3446 alvi
454 3372 566 3449 fluxu
583 3375 799 3475 plectantur.
851 3378 1056 3461 Postremo,
1080 3376 1212 3477 qualis-

128 3503 277 3581 cunque
302 3486 420 3584 prima
444 3487 547 3585 origo
574 3489 661 3562 mali
694 3489 817 3578 fuerit,
856 3491 886 3562 si
911 3491 975 3562 diu
1002 3490 1212 3589 perstiterit,

128 3593 266 3669 viscera
282 3597 373 3670 adeo
390 3599 524 3674 debilia
552 3611 591 3673 et
620 3601 807 3676 irritabilis
833 3602 963 3688 reddit,
989 3612 1033 3675 ut
1051 3603 1213 3689 morbus,

127 3710 298 3804 quamvis
315 3733 411 3809 sape
428 3712 614 3811 depulsus,
631 3713 832 3800 levissimis,
851 3738 972 3811 neque
989 3739 1135 3814 semper
1151 3715 1212 3789 de·

127 3819 295 3916 tegendis
331 3825 446 3897 causis
485 3836 656 3912 recurrat,
695 3850 768 3899 non
808 3849 909 3899 secus
935 3850 976 3899 ac
1001 3828 1113 3902 multi
1152 3826 1212 3900 alii

126 3930 245 4004 morbi
263 3931 381 4007 solent
398 3936 674 4033 (cccnxxxm).

176 4064 339 4119 ncnxrv.
366 4047 470 4121 Hinc
496 4049 589 4121 ratio
613 4057 717 4148 patet
741 4049 861 4122 morbi
887 4050 946 4123 vel
971 4051 1127 4126 sistendi
1152 4050 1211 4126 vel

126 4155 351 4244 sublevandi,
378 4160 654 4233 medicamentis
672 4162 945 4249 evacuantibus,
968 4162 1209 4250 diluentibus,

124 4267 329 4362 glutinosis,
354 4272 569 4370 gummosis,
595 4273 783 4348 interdum
808 4299 893 4373 quae
915 4300 1070 4363 acorem,
1096 4278 1209 4352 inter·

120 4377 218 4457 dum
245 4403 332 4484 quae
353 4383 590 4485 putredinem
619 4385 819 4488 corrigunt,
848 4387 944 4488 opio,
972 4388 1207 4489 astringenti-
