2678 4794
126 375 198 459 iao
519 396 772 452 cousrecaus
1008 397 1202 457 canant

122 604 251 683 genus
266 596 459 654 nervosum
475 572 650 659 excitant,
668 571 930 669 hominemque
945 571 1097 668 vigilem
1117 600 1206 674 praa·

130 702 241 778 stant,
257 715 301 765 eo
316 684 459 770 certius,
476 709 554 783 quo
569 685 647 784 ipsa
663 684 935 759 vehementiora
950 683 1097 759 fuerint.
1147 690 1208 763 Sic

130 804 257 881 vivida
279 800 356 885 lux,
391 798 577 897 strepitus,
611 797 725 885 dolor,
755 799 817 886 ira,
841 797 1031 895 gaudium,
1061 823 1213 886 moeror,

130 924 264 999 metus,
275 911 451 997 anxietas,
466 909 590 998 fames,
607 911 699 1001 sitis,
711 911 847 1010 cupido
859 910 1067 997 vehemens,
1085 921 1213 987 motus

71 1122 75 1127 Ι
130 1024 299 1124 corporis,
324 1024 500 1098 memoria
526 1034 592 1098 aut
618 1023 833 1123 imaginatio
861 1022 996 1109 vivida,
1034 1023 1212 1119 cogitatio

130 1138 284 1223 intensa,
309 1159 482 1211 somnum
506 1136 689 1210 adimunt,
740 1135 854 1210 Nulla
870 1159 969 1222 vero,
993 1145 1060 1208 aut
1083 1134 1212 1224 levior,

129 1248 169 1323 in
185 1271 322 1347 organa
351 1272 527 1323 sensuum
544 1249 744 1347 impressi0‚
773 1272 941 1322 susurrus
956 1272 1080 1345 apum,
1110 1271 1210 1323 mur·

129 1384 213 1434 mur
246 1358 401 1435 labentis
434 1361 516 1448 riui,
553 1361 669 1435 oratio
701 1360 835 1459 frigida
868 1359 1051 1459 plumbea,
1092 1359 1210 1456 ipsius

128 1470 291 1569 denique
308 1473 494 1546 memoriae
510 1471 593 1546 talis
617 1472 840 1560 exercitatio,
866 1471 983 1570 qualis
1007 1495 1132 1570 neque
1155 1472 1209 1547 ui·

128 1583 200 1658 mis
215 1582 391 1659 laboriosa
406 1593 472 1670 est,
499 1608 622 1682 neque
639 1594 800 1659 mentem
818 1583 895 1658 ullo
911 1583 1024 1657 modo
1047 1607 1209 1659 commo·

127 1705 203 1784 vet,
231 1720 405 1772 somnum
431 1697 592 1773 inritant
618 1707 732 1795 atque
754 1696 959 1771 conciliant.
1010 1695 1210 1795 Sanguinis

128 1818 240 1908 caput
256 1834 382 1886 versus
399 1810 560 1908 impetus
577 1808 727 1896 nimius,
743 1807 862 1906 qualis
878 1832 974 1905 saepe
989 1806 1030 1881 in
1046 1806 1209 1885 febribus

126 1921 269 2009 accidit,
296 1945 470 1997 somnum
500 1919 625 2020 pellit:
652 1920 879 1995 liberavero
908 1931 947 1994 et
962 1919 1114 2018 aequalis
1130 1942 1210 1995 san·

126 2031 251 2130 guinis
268 2057 334 2131 per
348 2042 472 2108 totum
489 2055 632 2132 corpus,
659 2043 855 2132 partesque
883 2031 1064 2130 imprimis
1089 2042 1210 2109 extre-

126 2165 216 2230 mas,
243 2143 468 2234 distributio,
496 2169 668 2221 somnum
699 2169 794 2243 saepe
810 2144 963 2219 inducit.
1014 2144 1210 2247 Quicquid

127 2279 258 2353 eorpus
274 2254 396 2344 solvit,
413 2281 543 2332 somno
554 2255 676 2333 favet:
702 2256 789 2332 hinc
804 2257 914 2331 varice
929 2257 1209 2346 exinanitiones,

126 2363 314 2456 bameum,
325 2367 436 2456 fotus,
452 2368 548 2445 calor
564 2370 652 2469 ipse,
669 2370 868 2470 aliquando
879 2370 927 2443 ad
939 2392 1112 2444 somnum
1124 2392 1210 2445 oon-

126 2477 325 2555 ciliandum
355 2480 471 2556 utilia.
520 2481 614 2557 Post
642 2483 768 2558 cibum
795 2491 942 2581 etpost
968 2481 1210 2559 concubitum

126 2615 277 2668 somnus
302 2591 443 2667 facilius
471 2594 634 2691 obrepit;
668 2604 797 2693 pacato
826 2594 962 2669 scilicet
986 2593 1209 2671 vehemente

127 2725 245 2788 sensu,
275 2713 314 2777 et
339 2729 490 2802 corpore
518 2705 598 2802 ipso
615 2705 784 2779 nonnihil
810 2705 940 2780 soluto.
991 2704 1129 2803 Frigus
1153 2707 1208 2783 in·

126 2821 274 2887 tensum
291 2824 329 2887 et
345 2813 568 2888 diuturnum
582 2838 765 2891 somnum·
773 2818 930 2904 inducit,
946 2817 1047 2892 haud
1063 2817 1208 2895 facilem

125 2933 252 3020 ruptu,
270 2946 366 3020 saepe
382 2925 492 2997 morti
511 2925 778 3002 continuatum.
829 2927 1017 3028 Denique,
1035 2938 1125 3005 sunt
1141 2954 1209 3020 res,

126 3055 213 3128 quae
227 3035 368 3130 corpori
384 3033 554 3122 admotae,
570 3037 691 3111 autin
709 3038 748 3112 id
764 3039 886 3137 ipsum
903 3050 1069 3139 receptae,
1080 3065 1210 3141 genua

127 3166 323 3221 nervosum
339 3168 414 3219 non
432 3145 543 3221 modo
554 3170 628 3223 non
647 3149 821 3238 excitant,
838 3151 903 3226 sed
919 3150 1029 3250 plane
1044 3154 1208 3253 sopiunt.

126 3256 175 3330 ad
190 3280 337 3333 sensum
355 3267 575 3357 motumque
590 3259 715 3336 minus
739 3272 869 3363 aptum
895 3263 1068 3353 reddunt,
1092 3277 1133 3341 et
1156 3268 1208 3343 aic

125 3366 244 3444 altum
281 3395 454 3447 somnum
491 3372 685 3447 inducunt.
752 3374 983 3504 Idrrjusmodi
1008 3387 1208 3478 suntque

124 3491 304 3556 vocantur
319 3482 509 3560 narcotica
526 3485 694 3572 remedia,
720 3488 858 3617 opium,
884 3499 922 3563 et
944 3487 1098 3564 similia.
1124 3490 1207 3589 qui-

123 3585 193 3665 bua
216 3615 456 3669 annumerare
479 3608 625 3694 oportet
652 3599 783 3673 viuum
811 3600 934 3698 ipsum
962 3601 1076 3675 nimia
1100 3603 1207 3703 copia

122 3716 328 3835 sumptum,
352 3717 391 3782 et
407 3733 559 3808 vapores
576 3712 755 3809 quosdam
774 3710 968 3799 lethiferos,
985 3713 1105 3789 veluti
1130 3738 1205 3791 car·

122 3790 227 3890 bouis
250 3817 422 3893 ardentis.
474 3821 715 3911 Postremus
705 3849 785 3923 ipsa
813 3825 940 3924 vigilia
964 3826 1084 3899 somni
1112 3851 1205 3926 quo·

121 3925 350 4005 dammodo
349 3955 457 4006 causa
480 3944 547 4021 est,
572 3945 756 4034 quatenus
787 3936 884 4009 inter
909 3937 1064 4036 vigilias,
1089 3938 1206 4015 homo

122 4064 186 4115 sua
202 4064 338 4141 organa
352 4040 437 4143 plus
450 4045 621 4119 minusve
638 4071 782 4144 semper
797 4059 974 4137 exerceat,
999 4060 1039 4123 et
1055 4051 1107 4127 sic
1122 4052 1204 4127 vim

122 4174 315 4232 nemorum
330 4155 488 4245 minuat,
504 4166 706 4234 consumat
741 4157 797 4234 Et
812 4158 986 4257 profecto,
1002 4185 1081 4261 quo
1092 4162 1201 4241 vehe-
