2678 4794
118 412 211 472 cnr.
228 408 320 468 xix.
418 406 638 466 immenso
656 408 944 466 rnuonurrcm.
1128 396 1199 479 197

107 616 137 669 a
150 589 301 669 defectu
336 584 433 661 soliti
461 585 613 677 stimuli,
630 586 748 664 veluti
763 586 868 676 fellis,
893 584 996 686 quod
1011 585 1051 660 in
1068 585 1197 660 morbo

107 705 216 805 regio
238 700 504 800 supprimitur3
542 700 602 774 vel
624 725 648 775 a
679 701 760 777 cibo
783 701 895 775 nimis
919 723 1038 798 parco,
1072 720 1197 796 neque

107 818 202 895 adeo
226 814 303 889 acri
338 821 384 887 ut
416 813 591 887 intestina
625 836 728 887 more
751 813 858 889 solito
882 810 1061 901 stimulet,
1086 808 1197 885 etad

107 932 247 1033 justam
264 925 450 1001 actionem
466 927 614 1000 excitet.

154 1064 283 1123 1>ch-
299 1039 477 1114 Excretio
492 1063 581 1114 vero
596 1063 663 1139 per
678 1038 816 1125 alvum,
840 1046 1033 1137 utcunque
1049 1033 1198 1135 putride

107 1166 149 1235 et
162 1157 259 1233 ocris
274 1152 455 1240 videatur,
480 1177 556 1252 prae
571 1152 745 1228 omnibus
770 1151 849 1225 aliis
878 1151 1019 1251 regitur
1046 1171 1197 1239 consue·

107 1268 258 1355 tudine,
291 1274 330 1340 et
366 1266 510 1340 minore
546 1264 709 1365 periculo
732 1288 800 1363 pro
825 1272 991 1362 tempore
1015 1261 1196 1363 supprimi

108 1386 250 1481 potest.
320 1376 405 1452 Cibi
430 1377 652 1478 plemmque
675 1376 794 1476 spatio
821 1376 962 1451 circiter
987 1375 1096 1450 unius
1122 1373 1197 1448 diei

111 1514 185 1593 pa·
198 1512 327 1589 corpus
342 1499 558 1567 transeunt:
584 1514 680 1590 saepc
695 1514 783 1564 vero
807 1488 928 1564 multo
944 1488 1106 1564 velocius
1130 1496 1198 1562 aut

113 1603 275 1691 sardion
299 1612 387 1678 sunt
404 1604 503 1678 enim
521 1604 589 1704 qui
605 1603 733 1679 alvum
749 1603 816 1677 vix
832 1611 889 1677 ter
916 1604 957 1675 in
974 1626 1097 1676 mense
1113 1626 1196 1675 eva-

113 1716 266 1803 maritis,
291 1715 456 1814 alioquin
473 1718 561 1793 sani.
613 1717 786 1793 Multum
803 1716 863 1790 bic
879 1716 1018 1816 pendet
1030 1714 1076 1788 ab
1087 1723 1196 1788 aetute

112 1836 149 1905 et
170 1829 439 1905 constitutione
464 1828 693 1931 singulorum
718 1830 926 1918 bominum,
951 1839 990 1902 et
1014 1853 1036 1903 a
1059 1847 1196 1927 genere

112 1940 183 2019 (ibi
198 1964 278 2041 quo
293 1950 466 2017 utuntur.

157 2075 297 2130 ucnxr.
335 2055 403 2129 Ab
427 2054 510 2129 alvo
535 2056 601 2131 diu
625 2057 771 2132 astricta
795 2057 909 2132 tubus
933 2056 1195 2131 intestinorum

112 2164 233 2265 primo
256 2166 427 2256 afficitur,
452 2169 586 2243 deinde
611 2179 733 2245 toturn
764 2193 904 2269 corpus.
954 2167 1197 2244 Ventriculus

111 2276 205 2354 mule
220 2302 262 2355 se
278 2279 400 2368 habet,
417 2280 513 2356 mule
528 2283 781 2381 concoquitur,
802 2292 925 2355 totum
942 2306 1073 2379 corpus
1104 2300 1196 2377 prae·

111 2398 165 2467 ter
178 2390 333 2467 solitum
352 2394 543 2481 excitatur,
573 2404 612 2468 et
629 2393 732 2479 calet,
759 2393 863 2492 quod
878 2393 918 2465 in
935 2392 1097 2466 febribus
1125 2392 1195 2462 im·

112 2502 238 2602 primis
265 2503 427 2579 notabile
453 2516 527 2592 est;
554 2505 704 2599 ¹fortusse
728 2504 853 2590 etiam,
877 2503 1026 2601 putrida
1042 2502 1195 2577 materia

111 2613 155 2691 ab
168 2616 357 2691 intestinis
373 2616 502 2706 delata,
531 2618 679 2718 sanguis
701 2618 780 2715 ipse
795 2617 1054 2714 corrumpitur.
1107 2615 1195 2688 San·

112 2728 193 2827 guis
208 2728 337 2803 minus
354 2729 466 2804 libere
481 2748 547 2830 per
563 2732 701 2806 viscera
726 2729 935 2804 abdominis
960 2728 1068 2815 fluit3
1096 2726 1196 2802 unde

114 2860 205 2941 πρε
235 2843 491 2941 congestiones
517 2845 720 2934 abnormes,
749 2843 885 2917 varices
902 2867 1090 2928 venarum,
1116 2864 1195 2914 san·

112 2953 237 3053 guinis
250 2952 447 3029 effusiones
463 2955 503 3028 in
520 2956 705 3045 intestina,
730 2955 885 3055 ejusque
901 2955 1127 3055 profluvium
1146 2970 1194 3026 e'x

112 3086 203 3139 ano:
229 3066 332 3164 quod
362 3067 501 3141 malum
532 3066 771 3145 hemorrhois
797 3077 960 3146 vocatur.
1023 3067 1128 3155 Quin
1155 3073 1194 3138 et

111 3174 287 3250 intestina
313 3180 401 3277 ipsa,
432 3180 592 3278 plurima
607 3184 759 3256 materia
786 3181 859 3255 acri
888 3190 928 3254 et
955 3179 1104 3278 putrida
1121 3178 1193 3250 dis-

112 3295 219 3362 tenta
243 3299 281 3362 et
306 3291 457 3379 irritata,
484 3279 531 3366 ad
547 3316 663 3368 novos
680 3303 719 3368 et
734 3293 927 3369 validiores
954 3300 1078 3364 motus
1103 3288 1195 3362 inci·

113 3408 258 3486 tantun
283 3403 361 3501 qui,
378 3403 409 3476 si
426 3404 715 3479 obstructionem
733 3428 902 3504 superare
918 3413 1121 3501 nequeunt,
1139 3401 1193 3473 in-¹

114 3513 252 3613 signem
280 3513 444 3589 dolorem
475 3540 570 3615 saepe
595 3517 792 3605 inducunt,
816 3526 854 3592 et
871 3516 1041 3602 tormine,
1058 3524 1096 3588 et
1112 3511 1195 3589 coli-

114 3646 199 3714 cam,
228 3636 270 3700 et
297 3625 418 3715 ileum,
446 3638 485 3703 et
516 3627 859 3717 inflammationem,
890 3640 930 3703 et
957 3650 1193 3728 gangrenam

115 3733 212 3813 brevi
227 3738 414 3814 lethalem.

157 3872 314 3926 nenxrr.
353 3852 447 3926 Alvi
476 3852 602 3928 fluxus
632 3877 696 3927 seu
729 3851 920 3927 dicrrlroea
947 3862 1111 3940 vocatur,
1149 3852 1195 3926 si·

116 3963 261 4058 quando
277 3963 383 4037 alvus
400 3963 576 4062 liquidior
596 3965 701 4063 justo
726 3965 837 4039 nimis
862 3990 957 4065 saepe
973 3973 1192 4038 evacuatur:

117 4073 311 4174 multiplex
328 4075 502 4173 profecto,
524 4087 563 4150 et
587 4077 926 4176 frequentissimum
944 4075 1107 4158 malum;
1132 4073 1195 4145 eli-

118 4186 263 4281 quando
278 4188 471 4285 primarius
489 4190 649 4277 morbus,
679 4191 810 4289 saepius
839 4190 994 4265 aliorum
1020 4184 1195 4270 effectus3

121 4292 302 4373 interdum
320 4299 485 4375 salutaris
502 4316 645 4377 naturae
660 4316 823 4391 conatus,
845 4300 993 4401 qualem
1011 4295 1199 4372 medicum

126 4426 213 4509 sepe
241 4408 350 4487 decet
378 4412 522 4503 imitari,
552 4424 591 4491 et
619 4425 697 4492 arte
724 4417 908 4493 inducere.
960 4405 1204 4504 Quibusdam
