2678 4794
134 310 184 386 46
528 329 782 389 cousrccrus
1053 331 1138 388 car.
1156 334 1211 390 ιν,

131 508 220 584 dam
241 508 420 606 jucundae
443 507 662 606 qualitatum
690 529 812 580 rerum
839 514 1086 597 externarum,
1116 536 1211 610 quas

132 620 192 693 vel
208 623 310 697 visus
325 621 384 694 vel
400 630 518 694 tactus
533 620 639 694 nobis
656 627 882 717 suggerunt:
913 617 1032 692 veluti
1048 620 1209 718 pulchri·

132 734 273 808 tudinis
284 733 401 806 omnis
416 730 579 819 visibilis,
595 729 730 818 formae,
744 729 997 828 proportionis,
1016 742 1149 819 motus,
1167 745 1208 810 et

131 843 280 921 forsitan
297 842 424 917 coloris
440 867 614 942 quoque;
639 842 700 917 vel
729 842 889 941 denique
913 841 1039 918 formae
1063 844 1208 933 tactilis,

131 969 198 1033 aut
212 954 363 1041 latoris,
387 966 453 1031 aut
471 955 648 1031 mollitiei.
700 953 746 1028 In
775 953 831 1027 his
857 952 994 1029 scilicet
1018 957 1208 1055 exemplis,

130 1068 315 1168 perceptio
330 1067 408 1166 ipsa
424 1066 562 1168 placet:
588 1067 832 1166 neglectoque
844 1091 963 1155 sensu,
980 1091 1044 1142 seu
1063 1080 1209 1144 mutato

129 1179 243 1253 animi
269 1186 379 1268 statu,
404 1179 451 1253 ad
478 1205 566 1269 rem,
591 1205 655 1255 seu
682 1179 910 1279 qualitatem,
939 1204 1050 1277 quarn
1081 1206 1208 1257 sensus

128 1289 190 1364 ifle
218 1291 395 1390 suggerit,
420 1293 544 1366 statim
574 1293 781 1379 transimus,
817 1315 971 1391 eamque
999 1317 1095 1392 saepe
1121 1318 1207 1370 cum

100 1412 104 1417 '
128 1401 321 1501 voluptate
336 1403 640 1504 contemplamur.

177 1537 258 1590 cm.
277 1515 551 1591 Difficillimum
569 1516 733 1616 profecto
749 1516 949 1615 explanatu
965 1516 1124 1608 videtur,
1141 1544 1208 1595 cur

128 1636 185 1701 tot
201 1626 337 1702 diversi
355 1653 481 1705 sensus
497 1631 639 1704 avariis
655 1629 937 1728 impressionum
953 1631 1150 1728 generibus
1167 1633 1207 1708 in

127 1749 226 1814 certa
235 1743 393 1840 corporis
402 1748 538 1842 orga'na
547 1741 727 1817 factarum
737 1742 901 1816 oriantur
911 1744 1204 1845 (exnucxmu.)
1232 1826 1236 1837 ,

128 1851 257 1929 Multo
272 1863 399 1929 autem
426 1853 611 1929 difficilius
639 1853 841 1952 explanatu
867 1863 933 1940 est,
958 1878 1024 1929 cur
1039 1856 1086 1929 ab
1102 1856 1206 1931 omni

127 1963 202 2036 fere
218 1989 352 2063 genere
379 1966 659 2063 impressionum
688 1967 729 2040 iu
746 1967 844 2040 varia
872 1968 1029 2064 corporis
1058 1992 1209 2068 organa,

127 2076 218 2150 tales
233 2077 443 2151 excitentur
459 2101 595 2166 sensus,
620 2076 745 2177 quales
774 2101 849 2150 non
879 2078 989 2151 modo
1014 2081 1206 2157 suam-sin·

127 2186 208 2285 guli
224 2189 495 2287 perceptionem
523 2193 654 2282 (cxxx,
683 2197 817 2286 cxxxr)
844 2188 968 2265 animo
984 2203 1206 2290 representa·

126 2299 259 2386 verint,
283 2300 348 2375 sed
373 2301 532 2376 eundern
562 2302 672 2378 simul
687 2303 747 2377 vel
775 2301 976 2402 plurimum
1004 2303 1205 2381 delectave-

128 2413 213 2501 rint,
239 2413 299 2488 vel
328 2413 465 2514 insigni
494 2413 629 2504 dolore,
666 2438 812 2516 angore,
850 2414 1024 2502 molestia,
1049 2416 1206 2508 fastidio,
1233 2476 1235 2480 -

127 2525 325 2602 affecerint.
1086 2631 1088 2635 Ι
1177 2539 1188 2549 ”

178 2662 277 2717 ειη.
303 2646 439 2720 Sensus
454 2647 563 2732 enirn,
588 2652 782 2740 utcunque
806 2642 975 2729 interm,
999 2641 1205 2718 secundum

128 2753 227 2825 varia
243 2742 371 2829 eorum
389 2781 534 2856 organa,
551 2778 682 2852 resque
698 2779 783 2851 quae
799 2753 876 2826 lraec
892 2754 1068 2841 afficiunt,
1085 2753 1204 2829 diver-

128 2861 169 2948 si,
195 2872 318 2938 tamen
334 2876 541 2940 constantes
557 2876 656 2950 sunt,
675 2863 894 2961 easdemque
911 2889 1052 2965 semper
1067 2865 1206 2964 singuli

128 2995 250 3046 causas
267 2985 493 3074 agnoscuut;
527 2998 651 3072 neque
668 2973 786 3049 eidem
809 2976 960 3066 homini,
987 2978 1096 3054 variis
1112 2990 1205 3055 tem·

126 3084 287 3181 poribus,
322 3088 449 3162 eadem
478 3087 668 3186 impressio
696 3089 837 3162 varium
867 3090 932 3163 dat
960 3114 1109 3165 sensum
1138 3116 1204 3167 seu

126 3199 396 3298 perceptionem
409 3227 418 3285 3
443 3222 566 3297 neque
581 3199 674 3271 ratio
685 3199 761 3274 ulla
777 3201 914 3289 existit,
931 3227 997 3276 cur
1013 3203 1205 3279 credamus

125 3310 280 3386 eandem
297 3336 375 3387 rem
393 3337 458 3386 seu
473 3310 749 3410 impressionem
767 3312 954 3388 diversum
972 3315 1124 3400 diversis
1140 3316 1204 3391 ho-

125 3420 287 3497 minibus
304 3449 452 3500 sensum
469 3434 535 3499 aut
552 3424 822 3523 perceptionem
847 3427 943 3513 dare,
968 3426 1040 3499 nisi
1055 3429 1093 3500 in
1113 3452 1204 3503 non·

125 3530 236 3606 nullis
261 3536 450 3610 rarissimis
483 3534 671 3634 exemplis,
706 3538 744 3612 in
772 3539 908 3637 quibus
934 3538 1132 3614 verisimile
1148 3551 1204 3615 est

124 3645 261 3720 vitium
277 3647 441 3747 aliquod,
466 3673 588 3748 neque
604 3672 690 3724 sane
705 3650 797 3738 leve,
821 3651 861 3723 in
879 3675 1028 3749 corpore
1045 3652 1202 3740 subesse,

123 3755 183 3830 vel
199 3757 310 3857 hujus
327 3759 456 3836 saltem
473 3785 649 3856 sensuum
675 3786 812 3862 organa
827 3786 848 3834 a
865 3761 972 3836 solito
989 3771 1028 3836 et
1045 3764 1204 3839 naturali

123 3879 221 3944 statu
238 3872 402 3946 multum
419 3872 576 3947 alienari.
791 3954 793 3961 ,
955 3956 958 3961 ,

139 4028 141 4031 -
172 4004 285 4058 cun.
315 3984 494 4082 Voluptas
511 4008 608 4069 vero,
635 3985 692 4058 vel
721 3982 897 4071 molestia,
923 3983 983 4059 vel
999 3985 1200 4076 fastidium,

121 4119 206 4192 quae
233 4107 290 4170 tot
319 4121 445 4172 sensus
472 4095 704 4186 comitantur,
728 4096 871 4171 variant
887 4121 999 4193 quam
1024 4101 1199 4186 maxime,
