2678 4794
127 447 216 504 cnr.
234 444 381 502 xxvnr.
432 447 652 505 nnmerum
671 449 959 509 rnronnrrcn.
1136 437 1208 513 363

130 624 318 716 becillitas,
328 635 366 702 et
378 626 525 724 spiritus
535 620 693 717 demissi,
704 638 742 702 et
752 628 977 706 ventriculus
994 630 1088 706 male
1104 632 1210 707 affec·

127 749 202 831 tus,
218 740 335 814 veluti
352 762 486 814 nausea
502 750 568 816 aut
593 742 780 840 appetitus
796 741 954 829 defectu,
981 767 1209 843 consequun-

126 863 201 926 tur.
262 914 263 918 ,

179 987 353 1045 mcxxvr.
380 965 484 1064 Saepe
500 966 610 1040 etiam
628 991 714 1041 curn
731 968 820 1066 aegri
842 967 1013 1042 balneum
1031 969 1209 1067 frigidum

128 1075 244 1151 solitae
259 1079 464 1175 temperiei,
481 1090 573 1177 puta
596 1078 780 1177 graduum
798 1081 1079 1178 quinquaginta,
1102 1106 1209 1180 prop·

128 1200 186 1262 ter
215 1188 292 1262 haec
318 1190 551 1264 incommoda
578 1191 762 1291 (mcxxv),
792 1194 911 1290 primo
942 1216 1029 1266 cum
1064 1205 1209 1268 tentant

128 1298 282 1373 tolerare
297 1311 503 1398 nequeunt,
519 1302 550 1376 si
566 1302 800 1402 aliquantum
817 1303 942 1376 calidae
966 1329 1052 1379 curn
1077 1305 1210 1403 frigida

129 1435 227 1509 aqua
251 1412 368 1487 balnei
394 1416 630 1490 commistum
656 1416 778 1503 fuerit,
803 1416 843 1490 id
867 1426 950 1491 tum
972 1417 1065 1489 bene
1082 1418 1208 1492 tolera-

130 1523 238 1612 bunt,
262 1534 301 1598 et
325 1528 593 1602 consuetudine
618 1531 793 1626 (Mcxvn)
824 1528 884 1601 vel
908 1552 1109 1627 paucorum
1135 1531 1209 1603 die-

128 1659 227 1724 rum,
253 1638 433 1713 subducta
451 1640 628 1739 paulatim
646 1640 901 1738 calidaecopia,
928 1665 1105 1738 eousque
1130 1665 1208 1740 per-

127 1750 295 1837 venient,
312 1761 356 1825 ut
372 1751 503 1825 balneo
519 1775 632 1850 quarn
649 1752 897 1851 frigidissimo,
910 1776 985 1825 non
1004 1753 1115 1840 modo
1132 1755 1209 1826 sine

125 1861 365 1936 incommodo
388 1875 454 1937 aut
477 1863 652 1962 periculo,
677 1865 741 1938 sed
764 1888 849 1939 cum
868 1865 1004 1963 insigni
1021 1863 1208 1954 beneficio,

127 1983 296 2049 utantur.

181 2109 365 2162 mcxxvn.
392 2087 598 2162 Verisimile
615 2097 672 2162 est
686 2088 859 2164 balneum
875 2089 1052 2187 frigidum
1070 2114 1137 2187 pro
1154 2115 1209 2163 ro-

125 2197 281 2274 borante
296 2199 459 2273 remedio
475 2200 654 2298 prodesse,
671 2199 793 2298 aliqua
811 2201 939 2273 saltem
957 2224 1004 2273 ex
1018 2212 1130 2298 parte,
1144 2227 1211 2299 per

127 2311 322 2387 stimulum
340 2311 446 2387 illum
464 2314 722 2385 vehementem
735 2335 848 2408 quem
860 2310 1004 2385 subitus
1016 2312 1210 2384 descensus

128 2425 171 2499 in
188 2425 359 2523 piscinam
379 2424 540 2523 gelidam
552 2426 729 2498 universo
745 2423 886 2521 corpori
903 2422 979 2509 dat,
1005 2423 1147 2520 quique
1172 2433 1210 2496 et

124 2559 254 2635 genus
270 2560 464 2612 nervosum
490 2537 603 2635 probe
631 2535 779 2621 excitat,
808 2551 847 2609 et
863 2558 948 2609 vasa
963 2559 1049 2631 quae
1066 2535 1210 2631 sangui-

130 2671 220 2722 nem
237 2648 387 2736 vehunt,
417 2660 456 2724 et
472 2673 546 2724 una
575 2672 662 2722 cum
678 2647 723 2721 iis
740 2671 801 2720 cor
817 2648 953 2745 ipsum,
981 2647 1028 2719 ad
1044 2645 1211 2720 validum

128 2768 274 2836 motum
292 2764 442 2847 incitat3
469 2762 569 2836 unde
586 2759 792 2860 expeditior
809 2759 996 2857 sanguinis
1014 2768 1148 2845 motus,
1173 2768 1213 2830 et

128 2875 293 2948 excretio
307 2899 373 2974 per
389 2884 511 2949 cutem
528 2873 685 2961 liberior,
705 2883 743 2947 et
760 2881 947 2970 quotquot
964 2895 1012 2945 ex
1028 2871 1087 2945 his
1103 2870 1212 2944 bene-
1258 2935 1262 2967 ‚

127 2985 212 3060 ficia
227 2987 458 3084 accipiuntur
475 2987 618 3085 (Merv).

182 3120 383 3173 ntcxxvrn.
410 3100 523 3187 Quod
541 3102 571 3174 si
587 3101 640 3173 ita
655 3123 711 3173 res
728 3098 903 3185 sehabet,
933 3107 1013 3173 tum
1032 3098 1117 3172 satis
1134 3122 1211 3196 per-

130 3210 302 3309 spicuum
320 3212 399 3298 erit,
416 3211 637 3286 lavationem
655 3211 826 3311 frigidam
850 3210 894 3283 iis
911 3211 1074 3283 maxime
1089 3209 1213 3308 profu·

131 3331 254 3397 turam
272 3346 348 3396 esse
364 3324 430 3421 qui
447 3348 579 3422 parum
596 3325 661 3397 diu
679 3325 718 3396 in
735 3349 832 3422 aqua
847 3333 1010 3407 manent,
1027 3345 1149 3418 neque
1174 3322 1213 3393 in

131 3457 175 3506 ea
190 3444 330 3522 natant,
349 3436 410 3508 sed
428 3436 488 3509 vel
505 3436 617 3510 semel
634 3445 781 3510 tanturn
799 3459 875 3509 sese
892 3436 929 3507 in
954 3459 1040 3506 eam·
1052 3431 1213 3532 praecipi-

130 3556 187 3620 tes
203 3547 306 3635 dant,
332 3548 392 3621 vel
408 3549 542 3621 iterum
560 3549 781 3645 iterumque,
798 3556 910 3645 prout
927 3547 1020 3620 vires
1035 3545 1213 3627 tulerint,

131 3656 171 3730 id
188 3669 362 3756 repetunt
376 3688 385 3744 ;
411 3683 498 3732 nam
528 3659 578 3733 sic
595 3659 771 3756 quicquid
802 3659 890 3732 boni
906 3683 928 3729 a
944 3657 1096 3732 stimulo
1119 3657 1214 3731 tanti

131 3768 276 3867 frigoris
302 3771 436 3868 sperari
471 3769 584 3869 possit
620 3770 858 3855 obtinebitur,
894 3792 1014 3869 neque
1044 3771 1100 3843 vis
1135 3767 1215 3866 ejus

132 3881 262 3959 sedans
300 3893 413 3980 atque
446 3879 635 3955 infirmans
674 3883 872 3975 (uroxxrn)
909 3883 1049 3981 corpori
1086 3903 1215 3954 nocere

134 3995 281 4090 poterit.

182 4127 356 4179 nrcxxrx.
383 4108 497 4194 Quod
521 4108 663 4182 victum
691 4130 780 4180 vero
803 4107 947 4193 attinet,
972 4105 1073 4179 haud
1096 4100 1214 4176 verbis

135 4238 227 4313 opus
244 4226 310 4304 est,
335 4228 380 4290 ut
396 4218 509 4316 probe
521 4230 677 4308 constet,
703 4218 877 4292 idoneum
891 4217 1028 4303 cibum,
1058 4225 1214 4311 ternpes-
1331 4232 1332 4236 ¹

137 4328 213 4404 tive
228 4341 473 4428 assumptum,
498 4340 537 4404 et
561 4332 656 4407 bene
680 4341 909 4418 concoctum,
937 4350 1070 4427 corpus
1086 4325 1216 4401 huma-
