2678 4794
151 258 222 326 128
568 272 819 330 consancnua
988 268 991 275 '
1044 279 1131 332 car.
1148 281 1232 334 xiv,

150 447 190 525 in
208 468 347 539 cavam,
363 447 595 551 perdicium
610 474 793 536 annocum,
810 450 942 549 partim
960 451 999 524 in
1011 451 1119 549 jecur
1127 467 1225 529 tram

149 563 210 649 sit,
226 573 263 638 et
278 589 352 640 non
365 565 433 639 nisi
445 562 558 636 altero
575 586 640 661 per
652 562 721 636 hoc
734 563 854 638 viscus
870 564 1026 638 circuitu
1043 566 1223 654 absoluto,

150 677 300 753 tandem
318 679 357 750 in
369 699 496 751 cavum
512 685 549 750 et
567 672 778 750 auriculam
793 675 910 750 cordis
927 676 1096 749 dextram
1113 679 1220 753 redit.

199 810 411 865 ccccxvur.
437 787 597 863 Arteriae
615 802 654 861 et
671 811 776 862 venae
791 789 925 886 pariter
940 788 1104 862 arborem
1129 789 1221 864 refe-

147 913 247 989 runt,
272 900 375 997 cujus
392 909 544 975 truncus
560 900 599 973 in
618 924 769 1000 magnos
785 925 913 986 ramos,
939 900 978 973 hi
993 900 1033 972 in
1051 902 1221 990 minores,

147 1015 305 1089 minores
337 1012 376 1085 in
405 1012 682 1100 minutissimos,
710 1014 949 1112 sensibusque
974 1012 1076 1086 nullo
1108 1015 1222 1089 modo

147 1124 370 1221 detegendos
386 1125 556 1213 ramulos,
574 1127 806 1200 dividantur:
831 1139 869 1199 et
887 1127 952 1198 hac
969 1149 1110 1224 semper
1127 1125 1220 1224 lege,

147 1246 191 1312 ut
205 1237 342 1335 singuli
359 1239 452 1313 rami
462 1249 594 1314 trunco
606 1239 707 1314 unde
723 1240 895 1313 oriuntur
907 1238 1074 1323 minores,
1092 1262 1220 1312 onmes

144 1373 232 1425 vero
248 1350 359 1424 simul
371 1352 522 1450 sumpti,
540 1351 670 1426 eodem
688 1349 857 1424 nonnihil
873 1350 1073 1447 capaciores
1089 1352 1174 1424 sint.

193 1484 369 1536 ccccxlx.
387 1462 541 1536 Minimi
552 1463 767 1537 arteriarum
778 1461 910 1536 ramuli
923 1465 1131 1558 (nunquam
1145 1487 1219 1537 ma-

137 1573 250 1674 jores)
267 1573 405 1662 reflexi,
418 1599 524 1649 venae
535 1575 650 1660 fiunt3
670 1575 729 1648 vel
741 1576 780 1648 in
795 1597 905 1648 venas
922 1574 1134 1670 hujusmodi
1139 1574 1219 1672 jam

142 1686 313 1762 formatas
329 1712 395 1786 per
409 1686 670 1773 armatomoaia,
692 1696 735 1760 ut
752 1697 912 1772 vocatur,
938 1687 1217 1763 immittuntur:

143 1823 324 1900 venaeque
340 1801 517 1889 minimae,
541 1800 627 1876 alias
643 1809 756 1896 atque
774 1797 861 1872 alias
877 1798 1105 1897 accipientes,
1131 1823 1218 1898 pau-

142 1909 246 1986 latim
263 1913 522 2012 grandescunt,
546 1923 585 1987 et
602 1911 753 1987 tandem
770 1935 899 1986 cavom
914 1910 1084 1985 formant.

193 2047 360 2100 ccccxx.
386 2025 446 2100 At
460 2025 501 2099 in
517 2024 714 2099 abdomine
730 2024 800 2098 alia
816 2034 872 2097 est
888 2024 1031 2110 fabrica,
1057 2034 1095 2097 et
1110 2023 1222 2123 longe

15 2228 21 2235 ,
57 2122 66 2213 ;“1
143 2134 309 2210 diversus
326 2136 514 2237 sanguinis
525 2137 667 2211 reditus
677 2161 743 2235 per
751 2160 862 2210 venas
873 2137 1096 2211 observatur.
1132 2136 1220 2210 San-

13 2308 56 2379 ἦ
142 2249 226 2348 guis
242 2248 420 2324 nimirum
449 2247 497 2323 ab
522 2249 696 2323 omnibus
713 2250 910 2323 visceribus
927 2274 1012 2346 quae
1038 2248 1111 2323 cibi
1135 2271 1220 2323 eon·

30 2370 58 2437 25.
141 2360 299 2435 coctioni
311 2361 528 2448 inserviunt,
543 2361 760 2449 ventriculo,
777 2362 971 2446 intestinis,
988 2361 1219 2450 mamaea-ia,

18 2470 56 2557 ..s
143 2482 305 2560 omento,
324 2482 543 2574 paucreate,
567 2474 704 2575 splene,
729 2475 858 2561 redux,
884 2476 922 2549 in
950 2498 1129 2575 magnum
1156 2497 1221 2549 vas

14 2582 50 2685 {j
144 2583 316 2673 defertur,
335 2611 467 2663 venam
485 2588 620 2663 scilicet
638 2597 851 2688 portarum:
876 2612 962 2688 quae
979 2589 1112 2675 denuo,
1128 2598 1222 2662 arte-

30 2711 33 2716 “
142 2696 206 2770 riae
222 2720 333 2784 more,
359 2723 424 2797 per
442 2699 549 2797 jecur
564 2700 709 2787 diffusa,
733 2701 923 2798 ingentem
949 2700 1137 2799 sanguinis
1161 2723 1219 2774 co·

40 2801 57 2893 ζ’
142 2808 244 2904 piam
261 2832 305 2881 eo
321 2807 458 2883 defert:
497 2812 563 2909 qui
586 2813 748 2897 tandem,
774 2822 970 2909 postquam
998 2811 1091 2885 fellis
1108 2834 1221 2886 secre-

35 2918 50 2985 ,τ’
143 2917 238 2993 ttoni
254 2918 469 3005 insanierit,
494 2944 560 3017 per
583 2944 715 2996 cavum
740 2921 956 3022 hepaticam,
982 2925 1021 2997 in
1045 2947 1220 3023 magnam

13 3049 45 3175 p·
142 3051 282 3115 cauam,
307 3029 408 3103 etad
425 3054 486 3104 cor
501 3031 606 3105 redit.

190 3163 368 3216 ccccxxr.
395 3142 442 3215 In
459 3143 579 3241 capite
595 3167 746 3243 quoque
768 3148 956 3246 sanguinis
972 3148 1113 3223 reditus
1128 3172 1221 3248 quo-

141 3253 340 3329 dammodo
363 3254 556 3355 singularis
583 3256 806 3334 observatur.
857 3260 1010 3360 Magnae
1038 3261 1222 3361 imprimis

141 3373 180 3438 ct
196 3364 503 3464 frequentissima
511 3369 564 3444 ibi
580 3369 868 3468 conjunctiones,
885 3398 949 3447 seu
962 3383 1222 3462 anastomoaea,

142 3486 187 3551 ut
202 3490 392 3568 vocantur,
410 3493 517 3568 sunt;
541 3483 748 3582 etquidem
766 3486 863 3560 inter
880 3510 1013 3585 magna
1024 3511 1132 3561 vasa:
1158 3510 1222 3561 ve-

140 3612 274 3689 naeque
291 3591 446 3667 minores
463 3595 588 3668 statim
606 3594 680 3669 fere
698 3622 808 3672 suum
825 3601 1042 3698 sanguinem
1060 3599 1099 3672 in
1117 3622 1221 3698 mag·

140 3723 189 3775 na
203 3726 299 3790 vasa,
324 3728 412 3803 quae
426 3705 603 3784 dicuntur
619 3709 730 3798 sinus,
754 3708 930 3797 fundunt,
956 3721 994 3785 et
1009 3712 1056 3786 iis
1073 3710 1150 3784 fere
1166 3735 1223 3787 re·

140 3815 323 3914 trogmdae
338 3817 559 3896 inseruntur.
885 3897 901 3913 Α

190 3949 384 4004 ccccxxn.
423 3930 613 4031 Denique,
637 3935 677 4009 in
707 3915 852 4034 orginis
881 3937 1223 4036 quibusdamque

140 4039 329 4116 interdum
356 4043 449 4142 erigi
474 4043 622 4135 debent,
651 4071 745 4147 pene
762 4048 869 4137 virili,
893 4051 1029 4149 papilla
1047 4073 1224 4125 mammae

140 4153 339 4244 muliebris,
363 4158 406 4231 et‘
427 4158 606 4257 partibus,
623 4168 667 4235 ut
683 4159 842 4250 videtur,
872 4161 1061 4239 nonnullis
1077 4163 1223 4263 genita·
