2678 4794
142 430 238 516 CAR-
249 426 368 483 xxxl.
447 424 670 489 MEDICINAE
688 425 977 482 Tnnonnrlcffl.
1156 415 1230 490 407

137 607 248 706 quies
272 613 385 703 atque
409 603 668 702 tranquillitas,
694 603 881 678 hebetudo
909 604 1031 702 aliqua
1055 603 1226 678 omnium

140 741 316 792 sensuum
342 741 427 790 cum
457 725 698 792 externorum
723 728 805 792 tum
832 717 1073 805 intemorum,
1098 727 1227 816 stupor

129 829 290 911 ‚demum
307 840 347 903 et
375 852 483 927 sopor
498 828 656 902 naturali
683 853 811 902 somno
840 828 1071 935 simillimum
1096 828 1225 928 pulsus

129 941 245 1016 simul
282 943 496 1015 arteriarum
523 939 746 1040 plerumque
771 942 946 1017 tardiores
981 953 1020 1017 et
1045 942 1224 1042 pleniores

132 1052 243 1140 dunt,
267 1067 308 1127 et
339 1054 491 1153 spiritus
525 1053 672 1144 lentior,
696 1066 735 1129 ct
769 1054 865 1129 calor
899 1056 1032 1143 minor,
1057 1066 1095 1129 et
1120 1054 1224 1128 alvus

130 1165 290 1252 astricto,
315 1174 354 1238 et
380 1163 608 1239 ventriculus
638 1165 828 1253 infirmior,
867 1179 904 1242 et
940 1167 1012 1242 cibi
1037 1167 1222 1266 appetitus

132 1300 279 1375 parvus,
308 1276 506 1375 aliquando
534 1300 608 1349 non
639 1279 718 1352 sine
752 1301 897 1366 nausea,
923 1288 961 1354 et
994 1303 1122 1353 omnes
1146 1278 1221 1351 fere

132 1388 348 1464 secretiones
365 1400 404 1461 et
420 1389 649 1462 excretiones
667 1389 834 1464 multum
851 1391 1072 1477 imminutae,
1088 1401 1222 1489 praeter

133 1500 315 1587 sudorem,
333 1502 400 1599 qui
418 1501 553 1591 (soluta
570 1503 665 1576 cutis
682 1526 871 1600 compage,
897 1504 1031 1600 partim
1048 1527 1115 1602 per
1136 1527 1220 1578 con-

132 1635 283 1686 sensum
308 1613 387 1710 ejus
404 1637 491 1687 curn
509 1613 726 1702 ventriculo,
742 1616 877 1712 partim
895 1639 960 1713 per
977 1614 1219 1714 tranquillita-

131 1735 266 1799 temet
294 1727 468 1822 quietum
486 1749 660 1799 somnum
677 1750 790 1824 quem
808 1727 935 1824 opium
954 1725 1047 1801 solet
1074 1726 1220 1801 concili·

127 1845 204 1935 are)
223 1838 391 1912 nonnihil
407 1840 535 1937 augeri
552 1838 722 1923 videtur;
753 1837 855 1913 unde
871 1839 976 1914 alvus
1005 1839 1152 1925 tardior,
1181 1848 1220 1912 et

128 1947 281 2048 reliquae
310 1951 526 2024 secretiones
554 1961 593 2023 et
621 1952 848 2026 excretiones
882 1952 1049 2027 minutae.
1101 1952 1219 2028 Inter·

128 2060 224 2136 dum
239 2085 338 2149 vero,
364 2063 472 2136 etiarn
503 2062 543 2135 in
574 2064 679 2150 sanis,
706 2063 766 2136 vel
782 2064 914 2139 leviter
943 2065 1218 2164 aegrotantibus,

112 2173 194 2248 sed
219 2173 448 2272 frequentius
466 2173 590 2248 multo
615 2176 654 2247 in
680 2177 725 2249 iis
751 2177 815 2273 qui
840 2201 978 2276 magno
1002 2177 1128 2250 dolore
1152 2187 1218 2250 aut

127 2287 235 2385 gravi
251 2285 351 2359 febre
368 2285 544 2374 laborant,
575 2286 775 2385 praesertim
794 2289 824 2361 si
842 2287 952 2362 nimis
968 2312 1081 2385 parva
1102 2313 1217 2386 quan-

128 2399 216 2474 titas
233 2401 308 2498 opii
337 2399 510 2475 devorata
538 2400 661 2487 fuerit,
686 2424 754 2498 pro
779 2400 907 2498 quieto
924 2423 1054 2473 somno
1079 2399 1158 2472 dira
1173 2397 1217 2471 fit

129 2513 236 2609 quies
260 2537 346 2586 cum
373 2511 549 2587 horrificis
584 2513 745 2599 somniis,
772 2510 831 2584 vel
862 2512 1008 2584 fortasse
1044 2509 1215 2584 delirium

132 2644 209 2696 non
225 2622 305 2698 leve
335 2625 425 2698 citra
442 2625 560 2701 ullum
589 2648 767 2723 soporem.
819 2623 875 2697 Hi
893 2622 1046 2720 quidem
1062 2621 1216 2696 effectus

94 2727 98 2735 ’
130 2736 311 2811 amodico
340 2747 406 2811 aut
433 2761 546 2836 parva
570 2736 779 2835 quantitate
805 2735 881 2832 opii
903 2735 1164 2818 observantur;
1194 2758 1217 2806 a

128 2846 269 2945 majore
283 2861 421 2936 autern,
446 2849 507 2923 vel
523 2850 647 2935 nimia,
676 2848 807 2946 ingens
824 2871 921 2946 saepe
937 2848 1054 2920 oritur
1070 2870 1215 2947 nausea,

127 2970 168 3033 et
186 2961 333 3034 tandem
351 2962 526 3049 vomitus,
544 2974 582 3035 et
599 2961 669 3034 nisi
686 2961 755 3034 hoc
773 2960 885 3033 modo
903 2959 1213 3033 medicamentum

127 3071 284 3169 ejicitur,
314 3074 426 3146 brevi.
445 3074 541 3149 altus
570 3098 729 3161 somnus,
748 3072 823 3147 fere
840 3070 1092 3159 inexcitabilis,
1120 3071 1215 3147 etin
1317 3112 1320 3116 ·

128 3184 385 3267 convulsiones
402 3199 441 3259 et
458 3196 614 3260 mortem
632 3187 706 3260 cito
723 3186 917 3261 desiturus.

180 3321 329 3373 mccxx.
360 3299 441 3373 Alii
460 3323 608 3396 quoque
634 3299 823 3372 interdum
853 3298 892 3370 in
910 3296 1131 3394 quibusdam
1149 3295 1213 3370 ho·

128 3412 293 3486 minibus
309 3412 356 3485 ab
373 3413 458 3510 opio
485 3411 725 3485 observantur
741 3410 904 3496 effectus
932 3407 1133 3482 secundum
1153 3433 1213 3481 va-

127 3525 198 3597 rias
215 3523 381 3622 ipsomm
398 3523 680 3597 constitutiones
696 3522 885 3619 variasque
910 3545 1105 3619 corporum
1131 3546 1215 3596 con·

128 3634 288 3710 ditiones
305 3660 392 3710 cum
412 3635 722 3708 medicamentum
740 3632 842 3707 istud
858 3633 1065 3708 adhibetur.

178 3772 349 3824 nccxxr.
377 3750 482 3847 Saepe
510 3748 622 3821 etiam
652 3769 782 3820 nocere
798 3744 947 3819 videtur
972 3757 1123 3844 propter
1139 3771 1214 3820 me-

125 3874 210 3938 tum
241 3863 506 3962 aegrotantium
536 3870 575 3934 et
602 3857 886 3958 repugnantiam
919 3881 995 3955 qua
1028 3856 1122 3930 illud
1156 3882 1213 3930 su·

125 3987 249 4062 munt,
278 3977 456 4050 nimimm
474 3971 577 4073 quod
594 3971 701 4046 valde
717 3971 872 4044 noxium
898 3981 937 4044 et
965 3966 1213 4068 periculosum

126 4088 301 4174 credant3
327 4089 496 4186 quocirca
523 4096 563 4160 et
590 4084 676 4158 licet
703 4094 742 4158 et
768 4091 914 4181 oportet
942 4104 1215 4176 nonnunquam

126 4224 244 4300 aegros
261 4200 328 4275 hac
357 4201 404 4276 de
432 4226 473 4276 re
500 4198 678 4299 decipere,
705 4207 744 4272 et
772 4196 980 4273 remedium
1009 4216 1085 4270 non
1102 4192 1214 4268 modo
