2678 4794
123 363 195 442 aul
529 372 778 434 cousracsus
982 376 1068 432 car.
1086 379 1198 433 xxiv.

122 564 226 655 pent,
242 554 330 643 sive,
346 562 476 653 prater
490 551 694 650 generalem
709 561 748 624 et
758 573 996 625 communem
1013 554 1203 641 effectum,

123 668 296 767 quoedam
313 692 359 740 ex
375 667 419 738 iis
436 664 521 736 alias
536 663 744 761 possideant
760 675 798 736 et
815 663 882 736 sibi
901 666 1063 762 pmprias
1080 669 1190 740 vires.

125 790 128 795 ’
170 801 369 857 nccccnu.
408 776 634 855 Remedium
671 801 759 849 vero
787 785 843 849 est
869 799 981 849 omne
1004 776 1205 863 auxilium.

123 893 233 993 quod¹
243 891 484 967 mutationem
504 887 697 962 salutarem
723 889 762 961 in
779 911 927 986 oorpore
942 886 1106 963 humano
1121 887 1205 961 effi-

121 1028 202 1079 oere
216 1010 345 1103 potest.

167 1135 380 1189 nccccnur.
419 1115 525 1189 Talia
547 1108 685 1189 auxilia
708 1112 754 1187 ad
783 1112 853 1185 tria
876 1113 995 1210 capita
1017 1110 1209 1210 generalia

16 1252 18 1256 ·
118 1226 241 1301 referri
272 1226 413 1313 solent;
439 1229 660 1327 chirurgiam
688 1225 834 1312 scilicet,
860 1225 1138 1310 medicamenta,
1167 1232 1209 1297 et

117 1338 206 1412 vitae
229 1362 359 1438 genus,
385 1363 450 1415 seu
467 1341 644 1439 regimen,
668 1351 712 1412 ut
727 1349 902 1421 vocatum
929 1335 997 1410 sub
1012 1359 1089 1434 quo
1106 1359 1208 1409 oom-

117 1449 401 1550 prehenduntur
424 1477 500 1526 non
517 1452 630 1525 modo
649 1450 777 1536 victus,
804 1448 1062 1546 variarumque
1078 1471 1207 1545 oorpo-

116 1564 177 1651 ris,
202 1574 387 1663 quatenus
404 1564 546 1637 anobis
564 1572 750 1661 regantur,
776 1560 1010 1635 functionum
1027 1560 1209 1658 regimen,

118 1676 183 1750 sed
198 1677 313 1750 animi
330 1700 481 1775 quoque
496 1675 773 1748 administratio.

136 1828 138 1832 .
168 1811 381 1865 nccccmv.
399 1787 666 1862 Remediorum
686 1787 832 1871 virium,
863 1795 901 1858 et
918 1786 1020 1860 modi
1037 1810 1116 1885 quo
1130 1811 1209 1862 cor·

118 1902 201 2000 pori
225 1900 391 1974 humano
416 1909 581 1998 prosunt,
607 1898 766 1985 scientia,
790 1897 1001 1998 lberapeiu
1027 1897 1210 1998 generalis

118 2013 239 2086 vooari
255 2012 356 2086 soles
1066 2049 1073 2061 ·

167 2144 360 2198 mcccciv,
388 2125 608 2225 Explanatis
627 2125 705 2223 jam
722 2135 909 2223 quatenus
926 2124 1078 2198 facultas
1094 2123 1208 2199 fuerit

117 2235 196 2310 sani
212 2239 373 2336 corporis
390 2238 616 2327 muneribus,
634 2238 921 2336 morborumque
939 2236 1207 2335 simpliciorum

117 2347 262 2424 iudiciis
278 2360 317 2425 el
333 2352 460 2439 causis,
477 2352 692 2449 proximum
710 2360 764 2425 est
778 2350 979 2436 ostendere,
998 2347 1208 2425 seeundum

116 2459 291 2538 instituta
308 2464 504 2539 medicinae
520 2465 704 2538 rationalis
722 2467 882 2560 (Luxu),
905 2486 979 2560 qua
995 2461 1137 2537 ratione
1153 2486 1208 2537 re·

118 2573 242 2648 media
283 2585 372 2650 sunt
407 2576 460 2650 ita
484 2575 791 2651 accommodanda
826 2575 975 2660 morbis,
1005 2583 1065 2664 ut,
1090 2576 1207 2650 causis

118 2708 247 2758 eorum
275 2689 445 2762 correctis
470 2687 528 2761 vel
556 2688 719 2775 sublatis,
748 2697 965 2787 aegrotantes
990 2686 1127 2762 iterum
1153 2687 1207 2761 in·

118 2803 222 2892 legra
239 2794 411 2872 fruantur
426 2799 649 2874 valetudine.

167 2924 381 2982 uccccnvr.
408 2899 608 2983 Medicinae
624 2933 712 2983 vero
733 2910 917 2984 rationalis
934 2909 1117 3009 principiis
1132 2909 1203 2982 im-

117 3013 242 3102 butus,
282 3033 473 3116 perspecto
500 3020 613 3117 probe
638 3022 727 3119 aegri
752 3033 862 3108 statu,
900 3032 981 3096 tum
1013 3021 1115 3120 quod
1141 3023 1205 3095 ad-

115 3125 239 3199 morbi
262 3128 378 3227 signa,
404 3140 486 3202 tum
515 3129 626 3204 simul
643 3132 745 3228 quod
772 3133 819 3206 ad
844 3158 901 3208 res
917 3133 1205 3221 nonmorbosas,

111 3235 256 3334 judicat
274 3241 367 3339 quid
387 3240 454 3314 sibi
485 3239 718 3329 faciendum
747 3245 838 3344 quid
857 3247 1035 3321 nimirum
1052 3247 1093 3321 in
1109 3271 1207 3347 oegru

115 3373 266 3449 oorpore
295 3351 531 3441 mutandum,
556 3364 601 3428 ut
619 3354 760 3431 sublata
776 3355 837 3430 vel
867 3358 982 3432 totius
1009 3359 1132 3433 morbi
1147 3356 1206 3431 vel

114 3463 229 3557 partis
245 3475 312 3538 aut
330 3465 426 3565 signi
443 3465 523 3563 ejus
555 3465 717 3563 cujusvis
734 3493 851 3555 causa,
876 3469 936 3545 vel
952 3471 990 3543 in
1016 3472 1208 3571 integnuu

114 3583 264 3648 sanetur
288 3578 455 3671 morbus,
480 3575 540 3652 vel
565 3579 694 3654 mitior
720 3580 860 3668 saltem,
885 3591 925 3656 et
944 3581 1072 3670 tutior,
1099 3593 1139 3657 et
1154 3591 1208 3657 to·

112 3681 294 3759 lerabilior
311 3687 385 3763 fiat.

162 3796 396 3875 mcccnvu.
424 3803 517 3877 Tale
540 3805 727 3903 judicium
745 3815 900 3880 vocatur
916 3803 1112 3883 consilium
1139 3828 1210 3880 me-

112 3905 238 3995 dandi,
251 3932 315 3983 seu
329 3911 510 3990 indicatio
523 3917 718 3992 curatoria
734 3948 745 3991 :
763 3941 820 3992 res
833 3918 922 4016 ipsa,
939 3917 1211 4018 qualiscunque

111 4020 170 4108 sit,
199 4020 239 4093 in
268 4046 377 4120 aegro,
409 4049 494 4123 quae
512 4027 613 4101 istud
639 4026 824 4125 judicium
852 4029 997 4104 merlioo
1027 4030 1209 4130 suggerit,

111 4132 477 4209 mortuummare:
506 4138 665 4212 mutatio
689 4163 778 4213 vero
807 4165 921 4240 quam
952 4143 1121 4217 medicus
1146 4164 1209 4217 ue·

110 4244 428 4325 essarrorum
458 4249 586 4338 credit,
617 4249 829 4331 indicatum
857 4254 1016 4332 dicitur:
1046 4254 1212 4334 mutatio
