2678 4794
166 391 240 465 470
587 392 840 452 consenesce
996 387 1086 443 car.
1107 340 1273 448 xerv.

173 599 347 654 nauseam
365 582 540 649 movente
561 572 743 646 rationem
768 567 920 643 reddere
937 566 1082 657 volunt,
1110 567 1268 644 creden·

174 702 232 766 tes
249 689 424 789 tepidam,
445 684 665 759 infirmando
681 683 789 758 fibras
805 680 1003 755 ventriculi
1019 681 1265 771 musculosus,

176 802 242 877 has
258 802 306 875 ad
322 810 447 874 motus
464 798 667 884 abnormes,
695 792 905 892 cujusmodi
929 792 1095 868 vomitus
1120 806 1162 869 et
1192 795 1263 870 for·

177 924 273 989 tasse
288 936 422 988 nausea
438 919 503 998 est,
528 907 707 1008 proclives
723 905 884 1000 reddere.

228 1046 445 1102 Mcccnx1x.
471 1021 609 1095 Multae
624 1044 712 1093 vero
728 1042 784 1092 res
809 1017 919 1092 simul
944 1041 1134 1093 nauseosae
1162 1031 1262 1107 sunt,

178 1147 218 1214 et
232 1136 374 1237 aliquid
389 1133 532 1209 stimuli
547 1134 587 1207 in
605 1156 643 1207 se
659 1130 808 1221 habent,
827 1155 910 1229 quae
923 1130 1007 1204 ideo
1022 1131 1070 1204 ad
1083 1131 1260 1207 ciendum

177 1250 239 1324 vel
255 1248 553 1349 promovendum
568 1245 764 1333 vomitum,
790 1245 820 1317 si
843 1242 916 1317 alio
940 1243 1073 1341 quovis
1103 1243 1260 1319 medica·

177 1371 308 1436 mento
324 1362 509 1435 excitatus
533 1358 657 1446 fuerit,
682 1356 800 1456 magis
816 1355 960 1430 idoneae
975 1362 1075 1429 sunt.
1129 1355 1258 1455 Cujus-

178 1473 282 1548 modi
300 1482 390 1547 sunt
406 1470 607 1545 infusiones
625 1468 755 1544 multae
770 1492 913 1556 amarae,
929 1465 1049 1541 veluti
1065 1465 1161 1543 tdeoe
1178 1468 1260 1542 viri·

178 1585 246 1673 dis,
272 1594 338 1660 aut
353 1583 492 1659 florum
509 1580 731 1674 anthemidis
747 1579 890 1670 nobilis,
906 1589 972 1656 aut
986 1578 1164 1655 foliorum
1181 1603 1259 1658 ctu

182 1706 301 1774 tureoe
317 1697 533 1793 benedicta,
550 1699 613 1771 dre.

231 1834 434 1886 Mcccnxx.
462 1809 551 1884 Alia
577 1829 727 1906 quoque
754 1816 794 1881 et
822 1804 923 1880 haud
952 1828 1084 1905 parum
1114 1805 1262 1883 fortiora

181 1922 451 1996 medicamenta
481 1917 709 1993 stimulantia
741 1942 790 1992 ex
822 1918 944 1994 herbis
972 1918 1170 2020 desumpta
1197 1943 1261 2021 pro

181 2031 388 2105 vomitoriis
406 2054 502 2128 saepe
518 2029 753 2105 adhibentur.
804 2062 806 2067 ·

232 2163 456 2216 Mcccnxxr.
471 2142 623 2217 Horum
635 2153 734 2216 certe
748 2143 915 2244 princeps
928 2153 985 2218 est
996 2143 1105 2221 radix
1115 2145 1260 2248 replu-

181 2252 229 2330 tis
246 2253 520 2355 ipecacuanlroe,
546 2255 859 2332 medicamentum
886 2281 971 2332 sane
988 2257 1097 2332 valde
1114 2282 1261 2334 nauseo-

183 2389 277 2454 sum‚
302 2367 366 2441 sed
383 2366 475 2441 adeo
492 2368 595 2456 mite,
620 2379 658 2442 et
684 2367 795 2442 simul
818 2368 910 2443 adeo
936 2369 1080 2460 efficax,
1105 2382 1152 2447 ut
1168 2395 1260 2446 oom-

183 2480 289 2555 muni
323 2480 408 2555 usui
441 2480 860 2556 accommodatissimum
893 2481 1089 2572 videatur;
1128 2483 1261 2560 scilicet

152 2680 154 2684 μ
184 2593 286 2692 quod
303 2616 415 2692 parva
430 2593 649 2691 quantitate,
674 2591 734 2667 vel
750 2618 845 2692 aqua
872 2603 938 2669 aut
967 2595 1058 2670 vino
1086 2596 1261 2683 infusum,

183 2704 425 2778 infirmissimi
442 2705 527 2792 fere,
546 2706 679 2805 quibus
696 2708 937 2783 vomitorium
950 2709 1260 2785 medicamentum

184 2815 390 2903 conveniat,
416 2827 501 2891 tuto
530 2843 673 2894 sumere
701 2831 877 2918 possunt;
902 2820 995 2895 dum
1026 2822 1257 2899 validioribus

183 2935 252 3000 aut
263 2925 450 3002 difficilius
463 2931 697 3004 vomentibus
707 2932 753 3004 ad
764 2931 1007 3032 quadruplam
1018 2936 1257 3033 quantitatem

183 3036 397 3136 etamplius
415 3037 492 3111 dari
510 3050 631 3138 potest
648 3042 726 3114 sine
742 3043 906 3139 periculo
934 3055 1001 3121 aut
1017 3045 1258 3123 incommodo.

183 3147 320 3247 Neque
337 3148 501 3246 profecto
516 3149 617 3225 aliud
634 3151 710 3226 fere
723 3154 997 3235 incommodum
1012 3158 1146 3235 habere
1161 3157 1260 3247 solet,

183 3261 215 3338 si
231 3261 315 3360 plus
332 3262 417 3336 satis
434 3261 513 3360 ejus
529 3274 722 3363 sumptum
738 3266 863 3357 fuerit,
890 3293 1003 3368 quam
1026 3272 1132 3371 quod
1149 3271 1261 3348 vomi·

183 3374 324 3449 tionem
343 3375 520 3461 citiorem,
538 3375 694 3451 sednon
711 3403 756 3454 eo
771 3383 990 3481 graviorem,
1008 3384 1133 3460 efficit.
1177 3382 1262 3461 Tale

183 3485 496 3561 medicamentum
514 3489 765 3580 vomitorium,
792 3503 920 3570 tutum
938 3495 1050 3570 simul
1068 3508 1108 3572 et
1123 3497 1260 3584 efficax,

183 3595 432 3696 omnibusque
465 3598 540 3674 fere
572 3603 678 3701 aegris
711 3607 1038 3697 accommodatum,
1077 3611 1260 3684 veteribus

181 3705 322 3791 defuit;
348 3718 387 3783 et
403 3709 663 3808 Spartanus·
680 3727 813 3805 noster,
826 3742 903 3816 quo
915 3742 1038 3820 neque
1050 3723 1154 3821 apud
1167 3732 1260 3797 vete·

180 3843 237 3893 res
254 3842 375 3918 neque
392 3835 554 3901 recentes
571 3829 690 3902 sanior
706 3838 772 3905 aut
801 3832 962 3930 sagacior
989 3835 1120 3909 extitit
1151 3834 1261 3911 medi·

181 3954 256 4018 cus,
281 3932 396 4006 istum
413 3932 601 4013 defectum
614 3940 703 4014 satis
721 3945 910 4041 perspexit
926 3956 965 4019 et
981 3945 1114 4022 doluit.

229 4064 470 4121 sscccnxxu.
489 4049 691 4128 Nonnulla
703 4053 815 4128 etiam
834 4055 956 4132 herbae
972 4083 1071 4135 acres
1088 4083 1139 4135 ex
1157 4057 1261 4134 variis

181 4156 377 4255 generibus
388 4157 467 4258 jam
488 4161 629 4262 (merc)
653 4166 838 4242 recensitis
866 4170 921 4257 ad*
942 4172 1121 4248 ciendum
1148 4170 1260 4248 vomi·

179 4279 262 4347 tum
279 4269 389 4351 utiles
405 4283 513 4363 sunt3
538 4275 659 4358 veluti
675 4274 881 4362 cochleario
904 4286 1136 4377 armoracia,
1159 4281 1259 4385 cujus
