2694 4792
33 440 41 464 .
132 389 206 456 452
537 387 791 448 CONSPEOTUS
985 387 1081 443 ω.
1099 389 1238 447 xxxn.

138 582 271 651 natura
286 570 434 647 excerni
450 567 598 646 debent.
649 566 725 643 His
740 564 842 640 enim
870 561 1147 664 languentibus
1164 577 1233 644 sut

140 685 339 786 impeditis,
355 708 488 785 corpus
504 682 614 758 citius
630 689 669 755 et
684 678 803 779 tnagis
818 678 997 777 putrescit
1010 707 1021 764 ;
1048 680 1123 755 rite
1139 704 1230 756 vero

139 799 434 900 procedentibus,
459 796 557 871 idern
587 791 814 893 corruptioni
843 790 896 864 illi
919 789 1088 890 alioquin
1118 793 1225 870 brevi

141 935 348 998 acoessurae,
370 910 437 985 diu
453 908 599 984 resistit.
650 906 721 994 Sic,
738 902 842 979 verbi
857 903 987 1003 gratia,
1003 903 1123 979 crebra
1140 930 1223 980 eor.

142 1025 240 1124 poris
267 1022 490 1110 exercitatio,
515 1017 786 1095 exhalationem
803 1023 1013 1116 petentem
1040 1016 1109 1092 rite
1134 1043 1219 1117 pro-

142 1136 337 1224 movendo,
362 1134 531 1209 homines
557 1157 578 1206 a
603 1127 783 1217 scorbario,
808 1148 923 1227 quem
951 1151 1089 1226 pravus
1115 1130 1221 1207 cibus

139 1247 295 1346 uliaeque
311 1271 431 1322 causae
447 1245 624 1321 effectura
639 1251 770 1329 essent,
795 1239 1012 1339 aliquandiu
1041 1241 1218 1331 defendit,

139 1360 232 1434 dum
249 1359 347 1435 idem
366 1359 518 1437 morbus
542 1359 695 1458 ignavos
720 1352 824 1428 brevi
851 1351 1060 1452 prehendit
1113 1354 1216 1429 Etin

137 1470 318 1560 scorbario,
331 1480 370 1546 et
382 1471 499 1572 magis
511 1470 633 1545 adbuc
643 1469 683 1542 in
694 1464 856 1541 febribus
866 1463 1036 1571 putridis,
1053 1465 1216 1542 multum

138 1585 289 1684 prodest
313 1585 562 1660 excretionem
592 1605 658 1681 per
685 1577 814 1654 alvum
842 1576 894 1651 ita
922 1600 1155 1677 promovere,
1178 1588 1215 1654 ut

139 1695 243 1770 nulla
268 1697 307 1770 in
335 1695 518 1772 intestinis
540 1701 712 1793 corrupta
736 1702 775 1765 et
802 1689 952 1789 putrida
980 1693 1141 1766 ruateria
1165 1715 1214 1766 sc

139 1796 372 1895 cumuletur;
402 1807 539 1883 scilicet
566 1831 653 1901 quae
680 1828 757 1879 non
785 1799 897 1875 modo
922 1804 1146 1901 gravissima
1168 1803 1213 1878 ibi

137 1919 373 1993 incommoda
390 1915 533 1989 efficere
549 1921 682 2013 posset,
708 1912 773 1987 sed
787 1912 998 2013 generalem
1014 1918 1131 1992 etism
1145 1941 1212 1992 cor·

136 2030 235 2127 poris
251 2028 489 2128 putredinem
507 2026 673 2101 multum
690 2025 892 2100 intendere.

108 2132 111 2137 ’
187 2161 444 2216 mcccxxrnv.
470 2138 677 2225 Postremo,
701 2137 741 2211 in
758 2137 999 2237 precavends
1013 2139 1154 2241 pariter
1166 2148 1211 2214 at

136 2277 213 2352 que
237 2252 420 2327 medenda
444 2250 652 2351 putredine,
677 2250 725 2324 ad
752 2273 876 2326 causas
902 2251 994 2350 ejus,
1020 2278 1111 2352 quse
1136 2276 1212 2328 sane

135 2366 246 2441 variae
280 2374 378 2454 sunt,
416 2363 555 2467 sedulo¹
576 2362 753 2461 respicere
784 2373 942 2463 oportet
976 2365 1211 2466 singulisque

134 2488 318 2579 quantum
335 2478 488 2554 facultas
503 2476 626 2564 fuerit,
651 2474 800 2550 obviam
816 2475 880 2550 ire.
930 2475 992 2552 Sic
1018 2504 1143 2578 quum
1156 2477 1211 2553 ills

134 2615 231 2691 saepe
247 2618 270 2665 a
286 2589 475 2666 debilitate
491 2590 618 2677 oritur,
642 2585 702 2663 vel
725 2585 855 2662 saltem
870 2585 1085 2687 plurimum
1100 2593 1211 2694 ingre·

133 2703 261 2790 rescit,
284 2703 409 2777 omnia
425 2703 501 2778 fere
516 2699 681 2776 remedia
696 2700 902 2776 roborantis
917 2708 958 2776 et
974 2704 1211 2790 stimrrlsnds,

133 2836 178 2886 ea
208 2814 323 2888 etiam
356 2840 443 2914 quae
474 2815 644 2890 animum
676 2813 800 2914 ipsum
829 2813 1013 2911 afficiunt
1031 2818 1212 2909 (rreum,

134 2934 328 3027 mcxxxv),
362 2928 536 3002 adversus
565 2925 803 3027 putredinem
831 2924 940 3001 utilia
965 2930 1212 3030 reperiuntur.

132 3037 232 3112 Cum
249 3061 338 3112 vero
362 3036 464 3111 haud
490 3061 572 3112 raro
596 3047 663 3113 aut
689 3046 811 3114 totum
838 3062 971 3138 corpus
1002 3049 1068 3116 aut
1089 3051 1215 3140 partes

132 3149 303 3252 quaedam
321 3150 523 3249 singulares
540 3161 770 3250 putrescunt,
793 3151 854 3226 vel
881 3175 904 3224 a
929 3151 1055 3228 nimio
1069 3154 1213 3255 sangui

131 3265 190 3339 nis
206 3265 361 3364 impetu,
386 3261 581 3361 nimioque
608 3262 736 3351 calore,
760 3260 879 3339 veluti
894 3262 935 3338 in
951 3262 1135 3355 febribus,
1158 3264 1213 3342 rel

130 3399 153 3448 s
168 3376 284 3450 nimis
299 3374 442 3449 actione
458 3399 631 3453 vasorum
644 3401 731 3475 quse
746 3375 967 3476 sanguinem
988 3377 1151 3469 vehunt,
1173 3389 1214 3454 ut

130 3485 171 3558 in
189 3485 480 3561 inflammatione
494 3511 732 3588 gangrenam
745 3487 955 3576 inducente,
972 3489 1017 3564 in
1034 3491 1106 3568 tali
1121 3501 1212 3569 suto

128 3596 358 3672 stimulantis
388 3609 429 3674 et
460 3601 668 3676 roborantia
695 3600 856 3677 remedia
880 3601 1093 3695 nocebunt,-
1127 3606 1212 3680 dum

128 3709 306 3784 contraria
322 3735 470 3809 prorsus
486 3715 657 3802 remedia,
683 3713 801 3789 veluti
827 3711 1075 3806 mfirmanfia,
1100 3729 1142 3795 et
1165 3741 1210 3792 se·

128 3821 264 3908 dantia,
290 3835 329 3896 et
354 3823 537 3923 imprimis
561 3825 821 3928 refrigerantia,
845 3826 1099 3925 putredinem
1125 3854 1209 3909 arce·

125 3933 224 4008 bunt
239 3942 277 4010 et
293 3935 476 4012 minuent.
