2678 4794
111 367 198 422 cnr.
216 364 348 420 xxxn.
400 363 621 420 nnmerum
640 362 930 419 rnnonsrrcm.
1116 352 1189 420 435

110 544 269 643 eorporis
284 540 505 629 exercitatio,
523 542 690 640 oopiosus
707 540 819 615 sudor
834 549 913 614 arte
929 540 1120 627 excitatus,
1145 552 1184 616 et

105 679 216 729 omne
232 655 383 754 quidem
400 655 583 728 auxilium
600 655 704 751 quod
720 664 852 727 tenues
877 655 1103 727 exorationes
1119 654 1181 727 ad·

103 781 248 865 augeat,
274 767 365 840 dum
384 767 492 839 simul
522 790 628 864 parce
657 766 829 852 bibendo,
858 765 918 838 vel
947 792 970 837 a
995 778 1086 863 potu
1104 790 1182 840 om-

103 879 193 951 nino
208 877 437 963 abstinendo,
463 887 501 949 et
527 877 599 950 cibi
625 878 844 952 solidissimo
861 877 1052 970 vescendo,
1078 902 1181 951 eave-

102 998 164 1063 tur
180 1014 228 1063 ne
244 991 328 1089 pius
343 1014 453 1087 aequo
469 988 633 1063 humoris
662 991 784 1064 tenuis
800 991 841 1064 in
859 1013 971 1065 venos
986 991 1076 1090 aegri
1093 991 1180 1064 reci-

102 1102 235 1199 piatur.

152 1235 338 1288 mccxcn.
356 1212 592 1286 Contrarium
606 1213 794 1311 sanguinis
806 1214 1037 1314 aliorumque
1049 1216 1182 1290 humo·

102 1348 188 1398 rum
208 1325 353 1411 vitium,
374 1325 490 1397 nimia
506 1324 642 1398 scilieet
658 1327 828 1423 spissitas,
853 1327 914 1400 oui
930 1339 988 1403 tot
1004 1339 1182 1426 tantaque

102 1437 201 1509 mala
216 1438 367 1510 medicis
383 1437 523 1535 placuit
538 1437 734 1536 imputare,
751 1439 921 1535 quamvis
938 1462 1062 1513 revera
1077 1440 1181 1514 raris-

101 1547 195 1620 sime
210 1549 372 1622 acmdere
384 1547 554 1623 videatur
571 1551 759 1641 (nxxvm,
777 1558 930 1650 mmm),
947 1575 1014 1627 sua
1029 1576 1181 1651 quoque

99 1659 262 1734 remedia
279 1659 399 1746 habet,
424 1685 513 1758 quaa
537 1671 635 1735 reete
663 1661 842 1736 dicuntur
865 1664 1096 1737 attenuantia
1118 1661 1180 1738 vel

99 1771 339 1858 resolventia;
365 1796 525 1870 quaeque
542 1772 654 1847 multi
670 1783 709 1847 et
727 1774 853 1872 magni
871 1757 1031 1848 nominis
1055 1785 1181 1849 aucto·

99 1906 157 1957 res
172 1893 356 1958 testantur
371 1886 410 1958 in
425 1884 534 1958 variis
551 1908 648 1983 saepe
665 1886 801 1959 morbis
818 1887 966 1984 egregie
982 1886 1181 1984 pmfuisse3

100 1995 155 2069 ita
170 2007 215 2069 ut
231 1997 384 2070 minime
400 1995 559 2069 dubium
577 1997 637 2082 sit,
663 1997 855 2095 opiniones
882 1996 968 2071 satis
984 1997 1110 2073 futiles
1126 2007 1181 2072 at-

100 2130 177 2205 que
193 2109 333 2205 ineptas
351 2108 397 2180 de
414 2107 530 2180 causis
547 2108 783 2204 quorundam
808 2108 1034 2198 morborum,
1063 2110 1181 2184 medi·

99 2242 162 2294 ma
178 2219 219 2292 in
235 2218 314 2305 boc,
339 2218 440 2293 utin
456 2217 535 2290 aliis
552 2217 731 2315 exemplis
748 2216 848 2290 haud
865 2242 944 2290 raro
960 2221 1105 2307 accidit,
1131 2222 1181 2296 ad

97 2327 194 2404 bona
210 2331 372 2404 remedia
387 2329 612 2429 perduxisse.
664 2328 793 2425 Hujus
809 2352 898 2403 vero
925 2331 979 2402 rei
1006 2332 1100 2404 ratio
1116 2356 1181 2430 pe-

98 2443 211 2516 tenda
227 2455 283 2517 est
299 2467 346 2516 ex
363 2442 497 2516 notitia
512 2449 655 2515 naturae
671 2439 819 2513 illomm
836 2439 1095 2529 remediorum,
1117 2467 1180 2517 va-

97 2555 313 2653 riorumque
326 2553 529 2628 effectuum
542 2576 635 2649 quos
650 2574 776 2625 revera
791 2552 831 2626 in
848 2575 998 2650 sorpore
1014 2545 1180 2629 humano

98 2676 295 2764 praestent,
321 2668 422 2742 unde
448 2664 552 2740 facile
568 2663 761 2751 oonstabit,
786 2689 828 2738 ea
852 2663 962 2737 variis
990 2664 1110 2740 modis
1138 2667 1179 2741 in

97 2778 208 2854 variis
223 2780 370 2866 morbis,
400 2789 533 2878 praeter
548 2777 770 2876 spissitatem
787 2777 997 2864 humorum,
1014 2777 1178 2854 multum
1314 2888 1317 2893 ‚

96 2912 176 2966 esse
190 2893 392 2990 profutura.

147 3025 353 3081 mccxcrn.
374 3004 571 3081 Diiuentia
586 3006 770 3104 imprimis
786 3004 1065 3092 medicamenta,
1082 3029 1177 3105 aqna

97 3115 246 3205 seilicet,
272 3131 310 3193 et
326 3143 454 3194 omnes
479 3129 590 3217 potus
612 3128 752 3206 tenues,
779 3142 938 3216 quorum
954 3118 1177 3219 aqualonga

95 3230 262 3304 maxima
288 3255 369 3330 pars
398 3247 464 3319 est,
486 3231 663 3305 humores
680 3242 832 3317 nostms,
858 3238 991 3328 praeter
1006 3239 1176 3304 naturam
1273 3282 1276 3287 -

94 3342 359 3440 spissescentes,
397 3343 643 3418 efficacissime
671 3353 878 3430 attenuant,
904 3341 1013 3416 modo
1041 3340 1178 3440 largius

92 3452 226 3529 hausta
241 3456 391 3543 fuerint,
416 3467 454 3530 et
471 3479 537 3553 per
552 3479 640 3529 vasa
653 3454 768 3529 lactea
795 3455 834 3529 in
866 3455 1082 3554 sanguinem
1114 3454 1176 3529 de-

92 3563 178 3641 lata
228 3566 317 3642 Non
334 3566 440 3641 aliter
456 3567 556 3639 enim
574 3590 689 3663 quam
706 3566 841 3641 talibus
865 3566 1069 3665 liquoribus
1097 3591 1177 3641 mo·

93 3676 177 3753 dica
206 3682 311 3778 oopia
339 3680 491 3765 haustis,
526 3703 548 3750 a
572 3678 754 3776 spissitate
781 3677 844 3751 illa
871 3703 958 3776 quae
987 3678 1178 3752 sanissimo
1209 3734 1210 3739 ,

93 3791 233 3888 cuique
257 3817 323 3890 per
345 3790 451 3866 solita
468 3812 619 3864 munera
635 3790 725 3869 vitae
753 3789 856 3863 brevi
886 3795 957 3888 (vr)
986 3790 1177 3875 accideret,

93 3926 217 4001 usque
233 3914 469 4002 praeeavetur.
598 3898 601 3904 ’

143 4036 335 4091 Mccxmv.
359 4016 500 4090 Medici
517 4024 642 4091 autem
661 4013 897 4089 crediderunt
913 4013 1092 4089 morbosae
1108 4012 1177 4088 bn-

92 4139 243 4203 mor'um
261 4130 434 4227 spissitati
460 4153 557 4228 saepe
572 4151 649 4202 esse
665 4126 945 4212 occurrendum,
970 4150 1044 4200 non
1064 4125 1178 4199 modo

90 4238 313 4339 hujusmodi
325 4241 530 4339 liquoribus
542 4239 730 4329 tenuibus,
746 4241 814 4340 qui
823 4241 1012 4314 crassiores
1027 4237 1177 4311 iliorum

586 4373 614 4426 s
631 4361 693 4427 aa
