2678 4794
601 287 671 361 xiii

97 514 182 587 quae
202 487 337 562 scilicet
355 507 479 581 neque
495 485 602 558 variis
630 484 844 560 hominibus
873 511 1021 587 prorsus
1047 493 1170 569 eadem

98 612 159 686 est
182 623 305 698 neque
323 596 447 671 eidem
465 596 607 669 homini
618 598 725 671 variis
742 602 989 698 temporibus;
1017 628 1173 701 quaeque

96 715 204 812 igitur
221 713 268 785 ab
284 711 420 785 iisdem
452 710 559 783 rebus
577 710 684 784 variis
711 712 828 786 modis
857 713 1035 799 afficitur3
1061 717 1172 791 itaut

95 825 191 922 quod
207 849 309 898 nunc
325 821 436 896 valde
461 822 619 919 prodest,
645 847 745 898 nunc
770 826 904 899 iterum
934 828 1174 902 vehementer

93 948 232 1023 noceat,
249 935 429 1034 quodque
445 934 634 1007 interdum
648 960 778 1034 corpus
795 938 862 1009 vix
878 937 991 1011 afficit
1008 940 1174 1028 omnino,

95 1051 192 1122 idem
226 1048 414 1121 interdum
447 1045 769 1121 vehementissime
802 1049 946 1137 afficiat,
984 1073 1059 1123 non
1094 1052 1173 1124 sine

96 1163 181 1234 vitae
195 1160 417 1233 discrimine.
468 1157 638 1232 Maxima
655 1170 781 1233 autem
809 1160 1004 1235 difficultas
1033 1164 1073 1235 in
1103 1162 1172 1236 hoc

97 1273 272 1356 consistit,
297 1270 396 1368 quod
422 1295 517 1368 saepe
545 1272 647 1346 haud
663 1274 898 1369 perspicuum
916 1274 974 1360 sit,
999 1300 1171 1372 quaenam

100 1383 146 1455 ad
176 1382 345 1454 morbum
372 1381 575 1456 tollendum
596 1385 829 1481 requirantur
845 1386 1078 1474 mutationes,
1104 1398 1171 1463 aut

98 1494 186 1591 quid
216 1494 368 1566 omnino
391 1493 621 1580 faciendum;
648 1519 817 1593 quaenam
845 1497 981 1572 scilicet
1006 1500 1169 1574 conditio

96 1606 260 1680 morbosa
277 1604 399 1692 fuerit,
423 1615 462 1678 et
479 1631 553 1704 qua
569 1609 709 1680 ratione
738 1610 1015 1686 summovenda.
1066 1613 1169 1700 Quo-

92 1720 181 1791 cira
196 1717 385 1791 medicum
404 1727 442 1789 et
458 1717 564 1792 decet
580 1729 618 1792 et
635 1729 790 1819 oportet,
816 1744 891 1795 non
917 1723 1029 1796 modo
1053 1749 1169 1798 reme-

91 1831 146 1904 dia
162 1831 309 1904 novisse
327 1854 411 1927 quae
426 1830 598 1906 adversus
615 1844 731 1907 certos
757 1834 903 1907 morbos
929 1834 1098 1934 prodesse
1115 1861 1169 1910 so·

91 1942 195 2031 leant,
213 1943 277 2016 sed
292 1943 426 2017 horum
443 1967 594 2041 quoque
610 1947 822 2020 morborum
839 1956 1010 2020 naturam
1027 1955 1067 2020 et
1083 1971 1166 2021 oau-

91 2080 151 2142 sas,
177 2065 216 2128 et
245 2055 493 2128 remediorum
522 2057 626 2144 vires,
664 2067 702 2130 et
726 2058 1092 2147 administrationem,
1128 2070 1166 2134 et

91 2167 243 2240 modurn
278 2191 356 2265 quo
387 2177 513 2240 contra
542 2169 685 2244 morbos
717 2182 884 2269 prosunt,
921 2172 1167 2259 intellexisse;

90 2304 162 2376 quo
177 2278 312 2353 melius
329 2279 602 2354 sciatidoneam
630 2281 784 2382 singulis
808 2285 1072 2382 aegrotantibus
1089 2309 1167 2358 me-

91 2392 203 2465 dendi
218 2393 397 2466 rationem
414 2393 697 2479 accommodare,
714 2405 781 2466 aut
793 2395 824 2466 si
835 2394 898 2466 illa
913 2418 1027 2492 quam
1044 2396 1167 2491 primo

92 2502 256 2576 instituit
283 2505 420 2579 curatio
447 2504 545 2578 male
574 2504 731 2589 cesserit,
768 2504 923 2575 eandem
955 2515 1102 2578 mutare
1128 2515 1168 2579 et

91 2614 279 2714 corrigere,
296 2616 365 2702 vel,
383 2616 413 2690 si
429 2640 523 2716 opus
539 2615 660 2704 fuerit,
686 2614 794 2688 aliam
812 2639 959 2713 prorsus
976 2624 1015 2690 et
1031 2639 1167 2691 novam

89 2727 258 2800 medendi
275 2729 454 2801 rationem
471 2738 622 2803 tentare.
673 2727 728 2802 Et
757 2727 921 2829 profecto
938 2737 995 2802 tot
1011 2737 1165 2826 tamque

91 2841 195 2913 variae
212 2840 380 2915 existunt
399 2842 572 2916 morbosae
600 2840 759 2940 corporis
788 2841 1028 2930 conditiones,
1053 2839 1162 2914 aiiam

91 2959 196 3048 atque
229 2950 338 3026 aliam
371 2954 618 3029 remediorum
647 2953 1003 3028 administrationem
1038 2962 1163 3051 postu·

93 3060 212 3151 lantes,
236 3077 282 3138 ut
298 3089 421 3163 neque
437 3089 539 3139 mens
557 3066 605 3139 sit
621 3065 712 3140 adeo
728 3088 844 3164 capax
870 3091 956 3165 quae
984 3064 1165 3164 complec-

93 3182 188 3247 tatur
202 3176 374 3275 singulas,
397 3200 520 3276 neque
535 3179 712 3252 memoria
729 3202 813 3277 quae
829 3181 994 3252 retineat.
1050 3175 1165 3252 Theo·

94 3269 159 3357 riri
164 3286 276 3386 igitur
288 3262 444 3378 mettid]
464 3315 528 3365 seu
546 3291 733 3392 principiis
751 3291 972 3388 quibusdam
989 3286 1164 3387 generali-

95 3394 167 3485 bus,
191 3424 355 3499 egemus,
372 3403 507 3499 quibus
524 3403 645 3478 innixi
661 3405 701 3477 in
718 3403 824 3476 novis
841 3412 907 3476 aut
923 3401 1046 3474 arduis
1063 3423 1163 3473 occa·

96 3507 250 3585 sionibus
278 3511 493 3612 dirigamur,
527 3516 640 3589 etad
669 3539 751 3589 eam
781 3513 955 3588 medendi
983 3512 1164 3586 rationem

95 3622 301 3697 tentandam
319 3623 574 3722 perducamur,
600 3652 685 3724 quae
700 3637 842 3701 naturae
867 3625 986 3700 morbi
1012 3633 1051 3698 et
1080 3647 1164 3698 con-

95 3729 222 3836 ditioni
233 3736 324 3835 aegri
341 3736 411 3810 rite
426 3739 709 3827 accommodata,
734 3748 773 3811 et
793 3732 975 3813 tutissima
991 3737 1069 3835 ipsa
1085 3733 1163 3809 fue-

94 3843 144 3931 n't,
167 3854 207 3920 et
222 3848 432 3922 maximum
450 3849 560 3924 simul
575 3850 795 3926 beneficium
813 3860 852 3924 et
868 3849 1049 3925 auxilium
1080 3871 1162 3947 pro-

94 3957 235 4033 miserit.
301 3960 435 4058 Igitur,
460 3986 536 4060 quo
564 3961 712 4064 longius
738 3989 759 4037 a
786 3963 911 4037 debita
937 3960 1168 4036 accuratione

92 4063 196 4144 distet
224 4095 282 4145 ars
310 4066 502 4162 salutifera,
539 4083 578 4148 et
610 4099 688 4174 quo
720 4076 837 4175 magis
871 4072 995 4148 futiles
1028 4069 1168 4144 fuerint

94 4176 258 4259 sterria
273 4180 454 4261 hactenus
469 4187 676 4286 propositae,
701 4211 745 4261 eo
760 4186 898 4283 majore
927 4208 1014 4258 cura
1030 4189 1070 4254 et
1086 4174 1168 4249 dili·
