2678 4794
140 293 227 351 csr.
244 294 361 349 xxxv.
412 291 633 348 ratumenna
651 293 942 351 rnsonsmcn.
1144 285 1216 362 495

140 473 227 550 boni
244 473 377 574 pariter
392 480 505 570 atque
534 470 619 545 mali
649 496 698 546 ex
721 472 800 570 jam
830 473 937 548 dictis
955 472 1217 565 (uccccxxxn,

140 592 394 680 Mccccxxxrx)
407 583 509 658 facile
522 583 787 684 intelligentur.
831 585 1028 666 Interdum
1041 587 1214 663 adversus

138 698 357 788 vermiculos
373 697 452 771 illos
464 695 655 772 ascarides
672 697 790 772 dictos
806 697 873 795 qni
890 696 929 772 in
947 698 1024 773 imo
1040 699 1217 774 intestino
1304 706 1307 713 “

138 811 255 885 solent
283 807 452 896 nidulari,
481 809 668 882 interdum
698 808 745 882 ad
771 809 1039 908 provocandam
1065 810 1216 886 Izoemor·

136 922 309 1009 rhoidcm
334 921 400 994 ubi
417 920 498 993 haec
514 918 609 993 male
625 943 817 1018 suppressa
841 917 964 1008 fuerit,
989 921 1048 996 vel
1076 920 1216 1020 aliquid

137 1033 225 1108 boni
242 1035 288 1107 ab
304 1034 383 1131 ipsa
399 1030 534 1106 reduce
545 1040 772 1129 expectatur,
796 1031 897 1132 baud
913 1031 1096 1106 inutiliter
1111 1035 1214 1109 adhi-

136 1145 216 1220 bita
232 1156 330 1220 sunt.
380 1143 469 1217 Non
488 1144 687 1217 minimum
701 1167 923 1219 veroeorum
935 1144 1214 1221 incommodum

135 1269 202 1343 est,
218 1257 353 1329 acriora
369 1256 571 1353 prasertim
587 1255 618 1327 si
634 1252 783 1340 fuerint,
809 1255 909 1352 quod
924 1255 1070 1331 fluxum
1089 1258 1212 1346 istum,

135 1392 211 1441 non
236 1368 407 1441 omnibus
436 1378 502 1441 aut
531 1365 665 1440 utilem
693 1359 759 1440 'aaut
788 1376 926 1456 tutum,
951 1370 1214 1469 intempestive

134 1503 403 1577 nonnunquam
423 1479 613 1553 inducant.

185 1614 398 1667 arccccxrn.
412 1591 631 1689 Aliquando
641 1590 874 1667 observatum
886 1600 953 1679 est,
969 1590 1111 1682 odores,
1128 1617 1207 1692 par-

133 1713 263 1801 tesque
280 1703 444 1778 volatiles
459 1705 812 1779 medicamentorum
827 1704 1060 1802 quorundam
1074 1704 1212 1779 cathar-

133 1816 301 1904 ticorum,
319 1816 506 1890 nonnullis
523 1816 793 1892 delicatioribus
810 1815 936 1892 alvum
955 1817 1057 1890 brevi
1074 1827 1114 1891 et
1125 1816 1212 1891 satis

134 1927 253 2001 valide
270 1929 419 2016 solvere,
445 1937 484 2002 et
500 1927 616 2003 fertur
632 1929 788 2028 populos
805 1929 984 2027 quosdam
1010 1929 1119 2004 rudes
1145 1928 1210 2003 tali

132 2039 205 2113 alvi
216 2043 436 2141 purgatione
445 2038 561 2138 vulgo
575 2043 641 2114 uti.
669 2042 809 2116 Medici
820 2066 908 2115 vero
919 2037 1007 2116 huic
1017 2050 1211 2139 nequeunt

133 2152 336 2227 confidere:
363 2175 437 2224 non
455 2150 592 2224 desunt
608 2160 731 2223 tamen
746 2152 812 2249 qui
830 2163 1022 2241 testantur,
1040 2154 1209 2250 quaedam

131 2267 398 2340 medicamenta
414 2263 572 2336 infantes
601 2284 871 2360 nonnunquam
900 2263 995 2336 bene
1025 2287 1209 2362 purgasse,

130 2401 217 2450 cum
235 2375 473 2475 parvulorum
502 2373 700 2446 abdomina
716 2373 760 2446 iis
778 2373 891 2470 probe
919 2373 1013 2447 illita
1042 2371 1209 2460 fuerant3

130 2496 169 2561 et
185 2489 255 2560 hoc
272 2487 421 2561 fortasse
437 2484 627 2559 interdum
646 2485 822 2558 usuisesse
838 2486 984 2583 poterit.

182 2621 421 2674 mccccxnrr.
449 2596 564 2671 Haud
582 2619 713 2696 parum
732 2620 826 2694 saepe
843 2596 992 2694 prodest
1007 2595 1055 2669 ad
1067 2594 1208 2670 solven-

130 2711 216 2783 dam
235 2710 373 2797 alvum,
391 2710 467 2782 sive
480 2708 792 2781 medicamentum
810 2717 918 2781 antea
934 2707 1063 2782 datum
1082 2707 1208 2781 tormi-

128 2847 178 2895 na
195 2832 341 2896 tantum
359 2821 448 2896 citra
465 2821 709 2918 dejectionem
726 2820 899 2908 effecerit,
916 2822 994 2894 sive
1010 2821 1169 2894 tormina
1185 2844 1208 2892 a

128 2945 228 3008 statu
245 2936 504 3008 intestinorum
525 2935 691 3007 morboso
717 2943 848 3033 sponte
872 2942 958 3006 nata
987 2933 1071 3020 sint,
1096 2932 1206 3006 abdo-

58 3038 61 3043 ’
127 3069 227 3135 men,
253 3047 313 3121 vel
331 3047 478 3120 forsitan
498 3055 621 3120 totum
639 3071 781 3145 corpus,
807 3070 903 3144 aqua
927 3045 1080 3143 aliisque
1097 3046 1206 3120 rebus

128 3159 253 3233 calidis
270 3159 403 3233 fovere.
455 3159 569 3247 Quod
595 3161 767 3258 profecto*
787 3158 944 3232 minime
972 3159 1110 3232 mirum
1139 3167 1205 3245 est,

127 3294 214 3344 cum
231 3271 328 3345 calor
344 3281 485 3351 tantam
500 3272 581 3354 vim
599 3269 732 3346 habeat
743 3295 893 3370 corpora
905 3282 1028 3344 nostra
1043 3269 1204 3342 relaxan-

127 3382 177 3471 di,
203 3407 463 3482 spasmumque
480 3382 694 3456 resolvendi.
744 3472 748 3481 Ι

178 3517 430 3569 mccccxcni.
450 3495 623 3592 Superest
640 3507 677 3568 et
694 3494 763 3568 alia
779 3495 872 3568 ratio
888 3474 1016 3567 alvum
1027 3491 1204 3582 solvendi,

125 3632 211 3705 quae
227 3607 379 3706 quidem
399 3607 553 3678 minime
579 3616 678 3679 certa
706 3615 772 3694 cst,
798 3606 968 3705 quamvis
994 3605 1095 3680 haud
1123 3631 1203 3681 raro

124 3720 342 3793 mirabiliter
358 3718 596 3817 responderit,
622 3716 835 3815 multosque
859 3742 976 3815 aegros
1001 3741 1097 3817 pene
1125 3719 1203 3792 des-

125 3840 270 3930 peratos
300 3857 367 3907 suo
402 3831 528 3905 morbo
561 3830 778 3904 liberaverit.
832 3830 926 3904 Haec
954 3841 1080 3904 autem
1110 3829 1203 3903 nihil

124 3943 227 4017 aliud
245 3955 299 4017 est
317 3969 429 4042 quam
448 3943 616 4043 frigidam
636 3942 800 4041 partibus
817 3942 1049 4017 inferioribus
1079 3941 1202 4015 subito

124 4077 325 4155 aspergere.
378 4056 521 4130 Tantus
539 4056 636 4129 enim
655 4056 753 4129 inter
776 4056 888 4154 pedes
905 4055 1065 4151 aliasque
1082 4063 1202 4153 partes

124 4168 312 4240 inferiores
337 4179 375 4240 et
405 4168 580 4243 intestina
609 4190 804 4245 consensus
821 4167 1025 4250 intercedit,
1051 4175 1094 4241 ut
1111 4189 1201 4240 non-
