2678 4794
140 324 210 425 178
536 358 786 416 σοιιιιιιοιιιι
1004 360 1210 419 onnxvra

193 558 326 614 nxcrx.
351 534 537 633 Denique,
560 558 694 636 organa
715 535 969 636 respirationis,
986 546 1070 612 tum
1087 538 1210 637 magni

143 649 310 734 musculi,
327 657 407 720 tum
423 670 574 746 quoque
588 656 633 722 ut
648 647 807 736 videtur,
830 646 931 722 libne
947 648 1210 737 minutissime,

143 763 277 861 quibus
290 756 463 833 brorrchia
472 758 717 849 instnruntur,
728 784 794 860 per
804 784 1019 835 oonsensum
1033 782 1120 835 cum
1133 760 1210 834 aliis

141 872 315 974 partibus,
332 868 536 944 ventriculo
551 870 742 970 imprimis,
758 870 1083 946 veloonvelluntur
1098 871 1210 945 inter·

140 984 231 1057 dum
247 982 285 1054 in
303 989 427 1055 motus
442 982 634 1057 abnormes
650 994 763 1082 rapta,
787 983 848 1057 vel
872 984 919 1058 ad
942 982 1065 1057 solitos
1088 990 1210 1059 momn

140 1116 235 1192 aegre
251 1091 396 1166 valent:
422 1093 523 1168 unde
538 1094 716 1194 impedita
730 1096 927 1195 respiratio.

188 1226 251 1279 nc.
277 1205 482 1293 Postremo,
507 1208 655 1306 sanguis
678 1208 757 1307 ipse
780 1231 846 1306 per
869 1206 1062 1305 pulmones
1077 1205 1210 1305 [egrius

137 1317 379 1405 transmissus,
395 1317 456 1391 vel
471 1341 493 1391 a
508 1319 610 1407 vitio,
628 1331 719 1418 puta
733 1318 816 1394 loesa
831 1317 972 1405 fabrita,
988 1340 1210 1417 organorum

137 1451 223 1526 quae
238 1452 323 1502 eum
337 1440 500 1516 movent,
517 1429 578 1504 vel
592 1430 761 1505 avirium
771 1431 996 1505 moventium
1011 1428 1210 1517 debilitate,

137 1540 306 1636 spiritum
332 1564 428 1641 saepe
451 1540 537 1614 facit
562 1542 749 1616 difficilem
773 1550 813 1615 et
836 1540 1066 1628 laboriosum,
1090 1538 1209 1638 quun

135 1652 366 1726 moribundis
382 1650 473 1726 solet
489 1653 658 1728 accidere.
949 1694 956 1704 ·

184 1784 265 1839 ner.
303 1764 379 1837 Tot
403 1772 555 1862 tamque
579 1764 729 1839 diversis
752 1764 941 1863 impeditae
964 1761 1209 1862 respirationis

135 1874 229 1948 bene
245 1876 439 1974 perspectis
455 1874 570 1948 nausis
592 1875 765 1974 (quarum
781 1875 861 1950 aliae
875 1876 961 1949 alias
976 1875 1138 1949 invioem
1152 1873 1208 1947 in-

134 1985 277 2059 ducunt
292 1986 581 2084 intenduntque)
599 1987 692 2061 ratio
706 1988 746 2060 in
762 1997 936 2086 promptu
953 1987 1033 2070 erit,
1049 2008 1118 2060 our
1130 2006 1210 2061 mn·

133 2094 210 2170 lum
226 2097 317 2170 adeo
333 2096 514 2195 frequens,
539 2120 604 2171 our
627 2107 689 2184 tot,
701 2100 910 2173 morborum
926 2120 1048 2171 oomes
1072 2106 1113 2171 et
1135 2094 1207 2195 sig·

131 2230 234 2295 num,
251 2233 317 2283 our
328 2232 423 2308 saepe
435 2207 573 2284 malum
585 2210 735 2287 nervosi
744 2209 910 2310 generis,
926 2232 992 2283 our
1007 2230 1110 2282 nuno
1123 2205 1206 2281 lere

130 2329 170 2394 et
185 2319 312 2419 fugax,
329 2344 430 2396 nune
444 2346 556 2421 grave
579 2332 619 2397 et
644 2321 851 2408 insanabile,
881 2320 1079 2419 aliquando
1093 2318 1202 2393 baere·

130 2432 317 2520 (litorium,
334 2431 530 2531 aliquando
545 2433 698 2532 periculi
713 2433 877 2533 plenum,
897 2443 935 2506 et
951 2431 1076 2505 subito
1090 2428 1202 2507 lethu-

131 2543 176 2628 le,
193 2567 459 2640 nonnunquam
475 2570 564 2620 ven)
586 2543 748 2643 periculo
763 2560 941 2627 vacuum
966 2566 1032 2616 our
1059 2566 1127 2640 per
1148 2542 1201 2617 in·

130 2653 280 2726 tervalla
309 2678 403 2752 saepe
432 2663 614 2740 recurrat3
639 2655 756 2729 calore
777 2664 816 2727 et
831 2653 951 2727 valida
966 2653 1126 2751 eorporis
1140 2674 1202 2728 ex·

131 2765 343 2837 ercitatione
359 2789 425 2837 cur
440 2767 645 2851 inductum,
669 2765 813 2837 modica
829 2789 916 2838 vero
943 2764 1202 2840 exercitatiore

129 2872 313 2946 interdum
332 2874 575 2961 sublevatum,
604 2875 860 2974 plenitudine
850 2899 1115 2975 ingravesoens,
1132 2874 1202 2951 de·

128 2989 246 3055 tracto
262 3006 283 3054 e
298 2984 402 3056 venis
419 2986 597 3083 sanguine
613 3008 709 3083 saepe
724 2985 905 3085 fugatum,
922 2986 982 3127 vel
992 2988 1121 3063 saltem
1133 2986 1201 3065 mi·

129 3090 203 3165 tius
218 3091 366 3168 factum.

176 3204 497 3304 nc11.lmpe‹lita
529 3207 726 3305 respiratio,
763 3210 1028 3312 qualiscunque
1050 3212 1202 3289 demum

126 3313 206 3412 ejus
222 3316 466 3404 consuluerit,
485 3327 630 3392 motum
648 3322 834 3420 sanguinis
850 3322 933 3421 plus
951 3325 1122 3399 minusve
1136 3326 1204 3399 im·

126 3427 252 3522 pedit:
277 3439 316 3502 et
332 3426 442 3503 simul
454 3428 661 3528 expulsioni
673 3434 835 3508 materiae
846 3436 967 3509 noxiae
982 3435 1202 3569 epulmone,

126 3547 166 3607 et
202 3539 397 3612 mutationi
432 3540 494 3614 isti
528 3540 675 3616 salutari
699 3554 738 3617 et
772 3540 977 3620 neeessariae
1009 3548 1201 3648 sanguinis

126 3645 283 3735 (num,
321 3655 445 3748 nnxv)
471 3675 555 3749 quae
578 3677 644 3751 per
667 3655 835 3752 spiritum
861 3657 1063 3731 naturalem
1088 3658 1200 3788 liunt,

124 3757 398 3852 quodammodo
426 3762 551 3838 obest.
576 3763 663 3840 bino
686 3767 862 3864 generalis
886 3768 1064 3858 debilitas,
1089 3770 1202 3845 varim

123 3865 329 3944 functiones
345 3873 543 3998 impeditae,
559 3877 724 3951 etmulti
742 3879 867 3965 morbi,
894 3882 1037 3977 generis
1062 3880 1200 3979 bydro-

123 3976 195 4072 piei
227 3979 408 4078 imprimis
442 3987 990 4089 (ccoonxv111,ccccnxxn).
1057 3992 1200 4067 Pulmo

121 4110 272 4185 quoque
288 4114 512 4191 compressus
529 4095 735 4195 aliquando,
758 4112 797 4175 et
813 4124 1005 4198 nunquam
1022 4082 1068 4177 ul
1091 4103 1201 4177 deoet

122 4196 305 4289 dilatatus,
330 4227 440 4277 suurn
467 4204 624 4281 halitum
641 4208 834 4301 difficilius,
858 4234 980 4310 neque
1003 4211 1116 4313 plene
1137 4236 1203 4289 ex·
