2678 4794
158 270 232 339 24⁰
568 244 820 336 consracrns
1046 281 1231 338 canan.

156 459 313 535 obscuro
340 457 500 542 consilio,
525 452 660 530 multas
687 450 837 527 fortasse
863 461 947 550 post
970 458 1236 550 generationes,

156 571 362 646 identidem
374 567 555 669 prodeunt
569 563 722 637 minutae
734 563 808 637 illae
820 563 1016 638 bominum
1033 570 1238 657 varietates,

156 708 236 760 non
256 685 376 759 minus
404 701 505 776 purae
530 694 646 774 quam
671 685 757 749 ante
781 673 936 773 triginta
959 676 1081 752 secula
1104 683 1239 755 extite-

157 808 263 873 rantz
289 790 452 887 alioquin
469 784 606 886 singuli
627 783 794 860 homines
810 810 832 860 a
848 811 887 860 se
902 786 1063 861 invicem
1079 788 1145 863 vix
1169 803 1238 865 aut

158 932 208 983 ne
224 907 289 982 vix
305 900 454 1001 quidem
472 899 611 974 secerni
626 908 777 999 possent
792 908 831 972 et
846 898 1052 974 internosci.

205 1035 453 1094 ncctxxxrn.
471 1013 613 1087 Parum
628 1037 714 1087 vero
730 1010 963 1112 profecerunt
978 1009 1154 1086 hactenus
1167 1013 1235 1110 qui

156 1127 275 1207 conati
291 1135 380 1201 sunt
395 1125 575 1199 rationem
593 1123 745 1199 reddere
762 1125 942 1198 variarum
967 1125 1126 1223 partium
1144 1149 1239 1221 quas

154 1249 311 1336 uterque
328 1261 458 1337 parens
475 1238 524 1312 ad
539 1237 815 1338 generationem
827 1233 1017 1311 conferret.
1063 1234 1145 1311 Nec
1160 1257 1238 1309 me·

151 1352 223 1427 lius
248 1351 472 1451 intelligitur
500 1375 673 1450 quaenam
702 1349 821 1424 virtus
856 1348 1006 1425 seminis
1030 1348 1237 1438 masculini,

151 1464 325 1565 quisnam
343 1465 677 1539 minutissimorum
690 1487 776 1560 quae
791 1458 844 1535 ibi
861 1469 1002 1535 scatent
1017 1459 1237 1537 auirnalium

152 1601 252 1665 usus,
278 1585 345 1650 aut
369 1576 461 1674 quid
491 1600 538 1648 ex
564 1574 698 1651 ovorio
722 1580 788 1647 aut
815 1596 965 1670 corpore
980 1570 1084 1647 luteo
1109 1571 1236 1672 depro

152 1702 287 1766 matur.
337 1688 427 1764 Non
456 1687 615 1763 dubium
642 1709 729 1759 vero
757 1692 823 1769 est,
848 1681 1020 1756 fabricam
1037 1683 1235 1782 quandam,

151 1812 347 1902 utcunque
376 1797 638 1900 imperfectam,
668 1797 758 1871 novi
781 1793 959 1882 animalis,
983 1795 1031 1870 ab
1047 1797 1128 1896 ipso
1152 1821 1236 1872 con·

153 1925 264 2012 oeptu
283 1914 441 1999 subesse,
459 1911 628 2011 quamvis
642 1909 773 1984 nostris
790 1931 864 1982 non
882 1908 1032 1982 obviarn
1049 1911 1234 1985 sensibus:

152 2024 345 2112 nimirum,
362 2025 452 2123 quia
467 2021 579 2096 simul
590 2020 752 2121 conspici
764 2029 897 2121 potest,
914 2019 1029 2095 foetus
1045 2022 1233 2097 cerebrum

151 2133 272 2223 habet,
290 2145 329 2210 et
346 2160 408 2210 cor
420 2146 459 2210 et
471 2143 627 2223 cortona,
644 2145 683 2209 et
695 2134 879 2211 actionem
895 2133 1023 2222 cordis,
1036 2146 1075 2208 et
1086 2144 1233 2211 motum

151 2250 354 2348 sanguinis,
379 2249 551 2349 quamvis
567 2248 734 2323 nondum
760 2247 872 2334 rubri,
898 2257 937 2321 et
952 2246 1036 2322 ideo
1053 2249 1232 2323 actionem

152 2361 289 2436 cerebri
306 2362 508 2461 (cccclx);
533 2385 656 2460 neque
683 2359 788 2435 facile
813 2359 1011 2458 quisquam
1036 2360 1233 2435 contende·

151 2474 202 2549 rit
217 2473 312 2548 nihil
327 2472 536 2551 istiusmodi
558 2473 717 2547 adfuisse
734 2471 853 2571 pridie
868 2496 981 2570 quam
998 2481 1077 2546 tota
1101 2473 1233 2547 fabrita

152 2588 285 2662 nostris
301 2587 416 2662 oculis
432 2586 585 2661 visibilis
601 2586 696 2660 facta
711 2594 815 2659 esset.

111 2782 113 2787 ‚
201 2720 449 2774 nccnxxrnv,
480 2698 603 2772 Variae
631 2707 757 2772 autem
787 2706 907 2797 partes
932 2722 1017 2796 quae
1039 2695 1087 2770 ad
1116 2698 1232 2773 vitam

152 2811 305 2882 omnino
322 2811 529 2884 necessariae
548 2821 647 2898 sunt,
672 2809 772 2883 unde
789 2809 950 2895 veniant,
967 2819 1006 2883 et
1020 2810 1173 2907 quando
1196 2820 1233 2884 et

151 2945 228 3020 quo
254 2920 383 2993 ordine
411 2923 656 3019 perficiantur,
672 2943 791 3002 ‚nemo
822 2922 969 3018 estqui
995 2921 1145 3010 dixerit,
1168 2930 1233 2997 aut

153 3029 341 3128 quomodo
355 3032 437 3106 talis
449 3031 613 3105 conditio
626 3032 710 3105 rudi
721 3031 999 3132 indigestaque,
1016 3044 1062 3109 ut
1074 3035 1232 3120 videtur,

151 3166 279 3217 massae
295 3143 415 3232 detur,
438 3142 556 3243 qualis
574 3143 729 3217 eandem
745 3143 915 3219 idoneam
933 3146 1072 3234 fecerit,
1098 3159 1144 3221 ut
1160 3171 1231 3222 cer·

152 3264 193 3329 to
210 3256 321 3330 modo
338 3255 580 3343 distendatur,
605 3266 644 3330 et
673 3267 809 3332 crescat
832 3258 983 3333 tandem
1008 3261 1049 3335 in
1065 3257 1231 3359 pulcher·

153 3368 281 3443 rimam
301 3369 467 3444 formam.

200 3502 439 3556 nccnxxxv.
466 3481 623 3556 Juvabit
639 3490 762 3556 tamen
781 3485 926 3558 novisse
943 3482 1065 3571 talem,
1095 3509 1118 3556 a
1133 3485 1230 3582 prin·
1275 3580 1279 3585 Ι
1331 3548 1337 3555 .

151 3591 254 3691 cipiis
271 3595 368 3680 vitae,
386 3594 533 3668 subesse
549 3592 732 3681 fabricam,
749 3606 849 3669 certo
865 3606 1031 3693 tempore
1049 3605 1087 3669 et
1104 3596 1231 3669 ordine
1270 3582 1274 3587 ¹

150 3705 405 3793 evolvendam,
438 3717 478 3782 et
502 3731 676 3805 magnam
705 3719 744 3782 et
777 3716 1008 3782 constantem
1033 3708 1112 3782 vim
1147 3732 1232 3805 quae

150 3819 346 3906 distendat,
373 3831 411 3894 et
429 3845 645 3920 compagem
662 3818 779 3895 foetus
796 3818 1058 3907 mollissimam,
1083 3830 1124 3893 et
1148 3819 1231 3892 ideo

150 3930 195 4006 ad
212 3933 467 4006 extensionem
485 3934 711 4031 aptissimam
730 3933 889 4023 (Lxxxr,
907 3940 1090 4029 Lxxxrv).

198 4067 445 4120 ucenxxxvr.
471 4045 541 4118 Vis
567 4044 779 4119 distendens
804 4053 859 4115 est
876 4043 971 4118 actio
987 4043 1105 4118 cordis
1121 4051 1162 4117 et
1176 4065 1229 4116 ar-

149 4157 323 4234 teriarum
350 4148 522 4233 humores
539 4178 836 4256 quaquaversum
858 4178 923 4253 per
939 4165 1063 4232 totum
1079 4178 1228 4255 corpus·
