2678 4794
59 384 149 441 CAP.
167 385 224 439 IX·
359 384 578 441 MEDICINAE
597 385 883 442 THEORETICAE.
1084 378 1131 444 81
1179 461 1181 463 ¹

103 584 237 639 ccum
260 561 502 662 Depravatur
526 564 625 638 visus
641 561 852 662 aliquando,
876 572 916 636 et
940 586 997 638 res
1012 562 1130 638 colore

51 699 128 751 non
144 699 219 763 suo,
235 674 295 749 vel
312 676 438 764 etiam,
455 677 558 775 quod
572 677 687 750 rarius
702 675 844 762 accidit,
865 674 986 774 ligura
1000 684 1040 749 et
1056 676 1131 751 situ

50 788 182 876 alienis,
205 797 432 888 spectantur.
481 788 570 863 Hoc
584 787 630 863 fit
645 789 675 863 si
703 788 877 863 humores
905 786 1054 862 insolito
1071 811 1129 861 oo-

54 899 122 975 lore
139 901 248 975 tincti
264 900 416 989 fuerint,
440 902 542 977 utin
558 901 687 975 morbo
702 901 805 998 regio
828 899 944 974 fertur
958 899 1131 987 accidere,

55 1013 150 1111 quod
179 1025 305 1088 tamen
330 1014 439 1089 valde
462 1014 621 1088 dubium
646 1021 715 1102 est,
749 1010 810 1086 vel
835 1035 857 1085 a
881 1012 1059 1111 sanguine
1083 1035 1132 1085 ex

55 1126 204 1224 propriis
220 1127 316 1200 vasis
343 1125 467 1226 elapso
495 1137 534 1200 et
559 1149 646 1199 cum
663 1149 802 1223 aquoso
830 1122 985 1198 humore
1002 1124 1130 1199 mixto.

56 1234 152 1310 Mira
167 1239 391 1336 depravatio,
417 1237 476 1313 vel
502 1237 668 1311 defectus
684 1238 785 1311 visus
801 1245 970 1311 constans
995 1244 1034 1310 et
1050 1259 1131 1334 per·

56 1358 203 1445 petuus,
229 1352 272 1422 in
292 1350 505 1426 bominibus
540 1349 703 1448 alioquin
729 1348 935 1437 sanissimis,
974 1357 1013 1423 et
1037 1347 1132 1423 bene

57 1459 280 1548 videntibus,
315 1485 388 1536 non
414 1461 526 1537 semel
554 1461 765 1537 observatus
790 1468 868 1546 est3
905 1482 1050 1559 nempe,
1086 1471 1132 1539 ut

58 1581 173 1646 certos
187 1570 328 1661 colores,
353 1575 522 1663 viridem,
547 1572 707 1674 exempli
732 1597 851 1662 musa,
875 1573 1035 1661 ambro,
1060 1574 1131 1649 dis·

58 1682 223 1783 tinguere
238 1697 435 1785 nequeant
473 1685 564 1761 Alia
578 1685 790 1787 depravatio
801 1694 867 1774 est,
883 1709 1013 1784 quum,
1030 1685 1132 1761 nulla

58 1793 98 1867 ad
111 1795 262 1872 oculum
274 1797 431 1873 adarim
445 1797 538 1886 luce,
555 1798 738 1888 scintillas,
754 1796 923 1897 guttulas
932 1795 1133 1885 flammeas,

58 1929 183 1995 turma,
199 1908 339 1984 colores
355 1910 474 1985 varios
489 1911 744 2011 conspicimus.
792 1910 899 1986 Leve
910 1910 1132 2010 plerumque

59 2020 226 2119 etfugax
255 2020 345 2097 mali
381 2045 511 2121 genus,
549 2024 812 2099 constitutione
840 2024 999 2124 corporis
1024 2022 1131 2099 valde

59 2132 228 2208 entimte
243 2142 285 2207 et
298 2132 428 2207 mobili
447 2133 609 2233 praeditis
625 2135 813 2227 familiare,
830 2161 852 2211 a
866 2135 951 2225 levi,
968 2146 1014 2210 ut
1029 2136 1131 2211 vide·

60 2247 118 2331 tur,
142 2243 311 2344 impulsu
326 2246 366 2319 in
384 2246 546 2321 retinam
563 2249 690 2337 oritur,
716 2251 932 2324 arteriarum
948 2249 1131 2347 imprimis

58 2354 304 2432 vehementius
337 2357 445 2432 solito
474 2368 540 2434 aut
569 2360 776 2434 inordinate
801 2360 1042 2434 micantium:
1084 2359 1132 2433 ab

56 2463 129 2566 ipso
144 2467 267 2566 digito
281 2469 428 2544 oculum
445 2479 647 2569 premente,
662 2469 793 2544 clausis
808 2469 1000 2567 palpebris,
1017 2470 1132 2543 circu·

56 2573 110 2655 lus·
123 2576 313 2656 flammeus
328 2582 562 2681 conspicitur.
605 2580 680 2655 Par
695 2579 846 2654 fortasse
862 2579 955 2653 ratio
971 2588 1026 2654 est
1040 2579 1132 2657 scin·⁸

56 2689 147 2780 b'llae,
176 2716 290 2792 quarn
304 2693 437 2768 vident
453 2692 656 2793 aliquando
685 2693 815 2767 morbo
843 2691 1018 2768 comitiali
1034 2689 1132 2766 labo-

56 2814 174 2894 nutes,
192 2806 233 2878 in
249 2805 473 2880 immensum
486 2816 524 2880 et
539 2804 774 2904 splendidum
787 2805 899 2903 jubar
911 2811 1132 2881 crescentem

57 2934 133 2993 nox
149 2928 354 3018 antequam
381 2918 547 2993 convulsi
572 2927 755 2994 corruant.
807 2916 935 2992 Simile
954 2917 1067 3015 jubar
1094 2939 1133 2990 se

57 3027 377 3107 vidisseteatantur
389 3031 628 3122 bomines‚ad
640 3031 758 3105 vitam
771 3029 922 3106 reduces
935 3040 1133 3129 postquam

11 3224 13 3231 ,
57 3141 276 3271 ttrmgohti,
302 3155 369 3219 aut
386 3144 456 3218 sub
484 3143 588 3242 aquis
604 3143 716 3217 mersi
744 3142 909 3217 fuissent.
959 3141 1134 3219 Cohibita

11 3338 14 3347 ¹
58 3253 229 3330 nmirum
241 3256 492 3356 respiratione,
509 3279 614 3331 venae
630 3254 759 3354 capitis
785 3253 966 3353 sanguine
982 3264 1134 3349 turgen-

11 3390 14 3395 ·
59 3371 249 3454 lestotum
260 3370 461 3456 cerebrum,
479 3378 674 3496 partesque
683 3388 853 3439 nervosas
866 3388 952 3463 quae
961 3386 1000 3435 ιιι
1013 3362 1134 3461 capite

12 3466 14 3475 ¹
61 3489 144 3565 unt,
169 3479 322 3569 feriunt,
349 3490 390 3556 et
413 3442 674 3579 comprimunt
738 3475 994 3551 Observantur
1025 3498 1134 3573 porro

62 3582 257 3666 itiusmodi
274 3591 452 3680 scintilla,
468 3590 569 3666 haud
587 3589 750 3665 secundo
765 3589 900 3676 omine,
929 3588 1015 3662 ab''
992 3611 1036 3661 ιιι
1052 3587 1135 3686 qui·

63 3693 117 3777 bu
137 3700 243 3778 febre
266 3702 518 3779 laborantibus
541 3702 721 3831 phrenitis
748 3709 814 3774 aut
828 3699 934 3775 ferox
962 3699 1136 3775 delirium

65 3804 267 3903 iaanenu
293 3826 377 3892 tum
396 3839 548 3916 quoque
560 3815 668 3890 abus
680 3812 816 3913 quibus
826 3812 992 3913 graviora
1008 3812 1138 3911 capitis

66 3923 154 4017 Μ’,
179 3926 372 4030 paralysis,
402 3927 615 4058 ppoploarris,
641 3923 831 4028 epilepsia,
858 3924 1006 4000 instant
1069 3923 1137 3998 An

68 4026 140 4130 irus
153 4039 257 4117 libris
274 4041 439 4117 nervosis
455 4040 598 4128 retina,
624 4049 769 4114 motum
785 4046 918 4137 sponte
933 4035 1140 4134 concipien-

68 4143 160 4339 ἓως,
175 4154 370 4256 perceptio
388 4152 494 4246 lucis,
518 4152 584 4231 ubi
599 4150 702 4229 nulla
718 4150 787 4228 lux
810 4159 877 4238 est,
899 4157 998 4225 recte
1012 4143 1141 4222 tribui

102 4283 119 4335 r

586 4395 613 4450 P
733 4372 737 4381 .
