2678 4794
161 387 256 444 car.
274 389 372 445 xxv.
436 385 658 446 harumna
677 388 965 447 annonarrcs.
1170 372 1244 448 827·

161 567 342 642 tiusmodi
358 566 505 655 morbis,
521 575 582 643 aer
595 593 723 668 purus,
741 576 782 642 et
797 591 912 668 quam
928 564 1124 666 saepissime
1139 583 1242 637 reno·

160 690 281 767 vatus,
293 678 459 754 salutaris
474 690 513 754 et
528 682 747 758 necessarius
768 690 834 756 est
884 679 932 761 In
949 677 1087 766 multis,
1103 683 1164 751 aer
1178 671 1241 767 ali·

156 801 343 891 quantum
373 792 541 891 higidior
566 818 680 894 quarn
696 794 791 871 sanis
827 801 894 868 aut
909 800 1036 891 gratus
1051 797 1117 865 aut
1133 797 1240 864 tutus

156 915 263 991 esset,
290 913 329 978 et
355 904 626 996 saluberrimus,
646 917 685 982 et
709 908 798 1007 ipsis
823 905 930 1006 aegris
947 901 1238 1004 jucundissimus

155 1017 295 1090 existit
346 1016 436 1090 Non
453 1041 581 1094 omnes
597 1045 686 1096 vero
701 1019 821 1096 morbi
835 1020 936 1095 acuti
952 1018 1043 1092 adeo
1058 1014 1237 1116 fiigidum

154 1134 238 1201 abra
253 1126 433 1216 toleraut;
457 1133 659 1230 presertim
691 1134 758 1233 qui
786 1158 809 1206 a
835 1132 970 1232 frigore
998 1128 1150 1215 collecto
1165 1126 1236 1217 on}

156 1252 283 1326 untur,
308 1241 369 1315 vel
384 1242 424 1315 in
441 1244 580 1341 quibus
607 1245 801 1346 pulmones
818 1244 983 1320 multum
1011 1241 1235 1341 afficiuntur,

155 1349 410 1452 cujuscunque
426 1354 565 1431 fuerint
579 1358 741 1458 originis
792 1359 838 1433 In
856 1357 1029 1441 omnibus
1040 1379 1128 1431 vero
1137 1376 1233 1451 rnor-

154 1458 212 1535 bis
228 1471 289 1537 aer
303 1465 453 1557 calidus,
469 1477 509 1542 et
524 1468 705 1569 impurus,
734 1481 773 1546 et
789 1470 965 1546 morbosis
981 1466 1141 1543 effluviis
1156 1488 1232 1540 oor·

151 1584 296 1672 ruptus,
324 1586 364 1652 et
388 1589 570 1677 stagnans,
598 1605 722 1682 neque
746 1593 791 1659 ut
807 1583 913 1659 deoet
927 1590 1105 1669 mutatus,
1131 1577 1231 1654 haud

148 1709 280 1784 parum
298 1701 418 1767 nocet.

197 1821 357 1877 mxxxv.
391 1804 526 1904 Neque
550 1807 742 1883 mediocris
766 1808 805 1882 in
830 1806 967 1882 morbis
992 1804 1148 1879 vetustis
1173 1814 1230 1876 est

147 1911 214 2000 vis,
239 1936 363 2014 neque
387 1919 577 1994 mediocris
602 1919 752 2010 utilitas,
777 1920 902 1994 idonei
924 1917 1026 2006 aeris,
1055 1916 1122 2016 qui
1146 1939 1229 2015 pro-

146 2023 244 2100 fecto
258 2027 298 2099 in
315 2028 537 2126 quibusdam
555 2030 692 2105 morbis
704 2031 779 2106 sola
791 2056 872 2132 spes
882 2040 996 2131 atque
1012 2028 1227 2130 praesidium

144 2146 211 2212 eat
262 2137 331 2213 llle
346 2148 472 2215 autem
490 2166 633 2242 semper
645 2143 756 2218 debet
770 2168 847 2218 esse
860 2168 986 2244 purus,
1002 2142 1106 2241 quod
1121 2140 1227 2216 nullo

144 2249 257 2324 modo
280 2252 440 2327 obtineri
463 2265 585 2352 potest
610 2255 681 2329 nisi
705 2255 863 2330 subinde
882 2265 1088 2330 renovetur.
1141 2251 1225 2326 Ple·

141 2385 305 2461 rumque
328 2366 443 2440 siocus
467 2375 528 2441 aer
553 2367 811 2443 saluberrimus
844 2377 921 2453 est;
955 2365 1132 2439 nimirum
1156 2365 1224 2464 qui

140 2474 276 2573 oor'pus
291 2478 454 2552 maxime
481 2479 627 2552 roborat
652 2489 692 2554 et
715 2479 862 2566 excitat,
888 2489 926 2552 et
951 2474 1223 2551 exhalationem

142 2608 211 2682 per
226 2595 346 2662 autem
364 2600 570 2688 promovet,
596 2600 635 2665 et
650 2591 722 2666 sibi
744 2591 953 2691 appetitum
978 2585 1158 2673 conciliat,
1182 2596 1222 2660 et

142 2699 368 2775 concoctioni
391 2700 502 2790 favet,
540 2713 578 2777 et
612 2703 840 2802 respirationi
873 2701 948 2776 fere
973 2697 1220 2774 aooommoda·

140 2808 301 2886 tissimus
325 2823 390 2889 est.
465 2815 602 2890 Fertur
627 2825 763 2903 tantem
792 2813 973 2914 quosdam
996 2837 1019 2887 a
1041 2810 1220 2912 pulmone

138 2918 353 3013 laborantes,
368 2925 408 2998 in
424 2931 507 3001 aere
522 2951 638 3002 crasso
648 2936 686 3001 et
699 2927 918 3016 humidiore,
934 2949 1047 3025 quam
1060 2926 1217 3024 inpuro,

138 3042 175 3108 et
190 3036 296 3125 sicco,
322 3049 361 3111 et
377 3062 503 3112 sereno
518 3045 611 3129 aere,
627 3039 761 3115 melius
772 3065 811 3115 se
826 3039 968 3114 habere.
1018 3037 1217 3112 Interdum

136 3144 285 3223 calidior
309 3157 379 3238 aer,
404 3151 593 3227 interdum
617 3151 823 3252 frigidulus,
860 3150 979 3251 magis
1003 3148 1151 3250 prodest
1175 3149 1216 3223 in

136 3259 272 3334 morbis
297 3260 427 3362 longis,
452 3275 564 3362 prout
586 3263 627 3338 hi
643 3264 703 3339 vel
726 3289 747 3338 a
771 3264 915 3363 higore,
940 3271 979 3336 et
1003 3272 1159 3360 torpore,
1176 3271 1215 3333 et

132 3393 294 3469 repressa
309 3398 376 3472 per
390 3386 516 3451 cutem
532 3377 751 3465 excretione,
776 3376 837 3451 vel
857 3374 1012 3451 aoalore
1035 3382 1074 3447 et
1099 3370 1215 3445 nimia

131 3480 284 3559 laxitate
300 3496 339 3559 et
355 3487 561 3562 mobilitate
578 3488 736 3587 oorporis
757 3485 1011 3588 profluxerint·
1061 3482 1212 3561 Coelum

128 3593 293 3695 denique
318 3607 578 3699 temperatum,
603 3622 784 3686 serenum,
810 3599 951 3673 modice
976 3594 1147 3685 calidum,
1172 3606 1212 3671 et
1268 3646 1270 3656 ·

128 3729 203 3804 prae
220 3709 394 3785 omnibus
410 3710 562 3809 aequale,
589 3710 717 3785 saltem
734 3733 809 3784 non
837 3710 967 3785 subitis
984 3709 1210 3809 tempestatis

127 3821 400 3898 mutationibus
424 3823 642 3911 obnoxium,
667 3824 707 3897 in
724 3822 897 3897 omnibus
913 3822 988 3897 fere
1004 3822 1140 3896 morbis
1157 3845 1208 3895 sa·

113 3927 370 4008 ‚luberrimum
396 3945 463 4024 est,
488 3955 527 4010 er
550 3936 590 4010 in
613 3933 811 4022 nonnullis,
840 3935 879 4007 in
896 3934 1032 4032 quibus
1048 3933 1208 4008 remedia

122 4064 258 4140 parum
275 4046 411 4136 valent,
437 4048 554 4126 veluti
570 4049 609 4126 in
626 4047 776 4149 phthisi,
799 4046 1136 4146 praestantissimum
1153 4067 1206 4151 re

124 4157 307 4233 medium.
