2678 4794
143 388 219 466 260
545 406 795 464 consenesce
1015 413 1222 469 canxxu

200 608 396 664 ccccxcv.
419 582 557 657 Verum
573 581 762 657 enimvero
779 579 939 656 multum
955 582 1067 672 abest,
1085 599 1130 662 ut
1147 590 1226 664 haec

151 708 191 776 et
206 695 416 797 hujusmodi
432 702 640 768 commenta
655 693 928 768 nutrimentum
955 697 1112 793 corporis
1130 699 1227 773 bene

151 810 359 911 explanent
408 806 588 894 Quamvis
605 829 681 880 non
698 804 856 880 dubium
872 805 931 891 sit,
946 806 1134 905 humorem
1152 832 1224 882 nu·

149 922 323 998 trientem
339 943 404 1018 per
418 918 563 994 arterias
575 918 624 992 ad
635 941 762 994 ornnes
775 917 932 1017 corporis
948 927 1066 1016 partes
1079 918 1222 1007 deferri,

147 1040 190 1106 et
203 1031 321 1105 varios
336 1054 463 1105 earum
479 1040 518 1106 et
533 1029 787 1106 musculorum
803 1038 939 1117 motus,
966 1031 1060 1129 ipsas
1076 1031 1224 1104 arterias

44 1144 49 1157 '
146 1150 341 1243 partesque
357 1139 505 1232 vid'mas,
534 1153 573 1218 et
590 1167 675 1218 sane
691 1166 818 1216 omnes
834 1152 964 1241 partes,
991 1167 1109 1240 usque
1125 1167 1224 1215 corn·

142 1254 325 1354 primere3
355 1264 480 1330 tamen
506 1280 580 1330 non
597 1257 692 1330 bene
707 1253 928 1353 intelligitur
944 1253 1131 1352 quomodo
1149 1279 1223 1326 ma-

145 1364 237 1439 teria
252 1367 345 1441 adeo
360 1368 512 1455 diversa,
528 1391 577 1443 ex
593 1367 744 1441 diversis
761 1366 1035 1465 quodammodo
1065 1365 1223 1439 elemen-

144 1477 193 1552 tis
210 1489 390 1567 constans,
406 1480 587 1554 diversam
603 1503 751 1578 prorsus
768 1479 941 1553 fabricam
959 1489 997 1552 et
1025 1477 1222 1576 qualitates

145 1588 294 1679 habens,
330 1592 438 1666 variis
474 1589 648 1691 partibus,
685 1589 869 1675 dentibus,
907 1589 1057 1676 ossibus,
1090 1588 1221 1674 nervis,

145 1702 331 1791 musculis,
356 1700 637 1803 cartilaginibus,
661 1699 881 1800 ligamentis,
910 1700 993 1776 telae
1009 1700 1221 1790 reticulate,

144 1815 212 1890 &c
227 1823 444 1913 apponatur.

195 1946 401 2000 ncccxnvr.
419 1923 586 1999 Plurima
602 1923 702 1998 enim
718 1922 858 1997 ossibus
874 1921 970 1998 inest
986 1932 1092 2011 terra,
1117 1923 1221 2023 cujus

143 2056 277 2135 parum
300 2035 454 2110 omnino
478 2036 517 2110 in
541 2035 620 2110 aliis
644 2034 809 2135 partibus
833 2036 1023 2134 reperitur.
1085 2035 1221 2135 Neque

142 2170 223 2223 ossa
236 2148 313 2222 fere
339 2157 487 2223 tantum
515 2149 812 2251 comprimuntur
838 2171 880 2222 ac
905 2158 1025 2247 partes
1048 2144 1220 2247 quaedam

143 2258 282 2348 molles,
307 2260 425 2335 veluti
449 2261 598 2336 arteriae.
653 2260 759 2348 Quin
787 2267 826 2333 et
853 2284 875 2333 a
900 2261 1003 2347 vitio,
1031 2284 1113 2334 raro
1140 2283 1221 2358 pro-

143 2369 251 2460 fecto,
275 2371 339 2447 sed
355 2373 544 2463 interdum
560 2374 761 2458 observato,
790 2395 920 2467 parum
937 2372 1043 2445 istius
1059 2380 1166 2446 terrae
1180 2371 1220 2445 in

28 2524 30 2529 .
142 2483 283 2559 ossibus
299 2484 507 2585 deponitur,
524 2511 608 2584 quae
616 2484 701 2559 ideo
713 2481 950 2568 molliuntur·
975 2493 1013 2557 et
1030 2484 1219 2559 interdum

139 2590 278 2725 conca,
295 2597 498 2672 substantia
513 2623 613 2673 ossea
627 2597 667 2671 in
683 2594 809 2671 alienis
833 2596 1006 2722 partibus,
1032 2595 1218 2683 musculis,

339 2710 430 2793 ,dac
447 2708 656 2806 deponitur,
672 2709 724 2780 ita
742 2717 785 2780 ut
801 2706 910 2780 miser
925 2708 976 2781 ita
993 2707 1157 2795 affectus,
1186 2707 1216 2782 si

169 2812 179 2829 ⁰
209 2813 239 2911 Ἰ
304 2812 311 2855 ’·
398 2819 474 2892 ‘tan
491 2829 593 2893 totus
609 2843 650 2893 os
665 2816 782 2891 factus
798 2830 901 2892 esset.

284 2932 287 2941 '
412 2929 629 3014 ‚Praeterea
642 2902 788 3001 minuta
799 2937 837 3000 et
849 2927 1100 3007 dehcatrssrma
1110 2954 1214 3030 orga
1245 2983 1249 2991 -

124 3002 661 3145 illorumputcffiusculorum
677 3050 932 3128 nervorumve,
949 3043 1092 3131 fabrica,
1116 3041 1213 3117 inter

138 3146 381 3225 nutriendum
397 3148 641 3276 cqpservatur,
658 3148 710 3221 ita
725 3158 770 3223 ut
786 3149 939 3249 singulis
955 3180 1032 3230 suae
1047 3162 1215 3230 constent

138 3260 245 3337 dotes
261 3258 401 3353 vitales,
403 3250 569 3390 qnod
534 3285 600 3335 ιιι
616 3260 730 3348 fieret,
758 3260 823 3335 tali
838 3265 991 3341 artificio
1007 3267 1118 3367 quale
1133 3291 1214 3343 auc-

138 3381 236 3448 tores
249 3372 449 3463 finxerim
472 3372 661 3462 nimirum,
677 3373 780 3472 quod
796 3398 950 3452 massam
960 3380 1094 3454 rudem
1107 3391 1146 3455 et
1161 3380 1211 3453 in·

135 3481 317 3580 digestam
334 3480 542 3567 sufficeret'
531 3509 571 3559 ιιι
587 3485 710 3561 locum
726 3485 980 3585 pulcherrimae
995 3491 1142 3568 fabrica
1153 3491 1211 3566 de·

134 3595 232 3669 tritae
244 3607 285 3669 et
301 3595 505 3685 dilabentis.

182 3724 432 3784 ncccxnvrn.
450 3710 696 3789 Crediderunt
705 3713 765 3789 alii
779 3714 914 3791 summi
924 3714 994 3789 viri
1004 3717 1209 3791 nutrimen·

132 3829 215 3907 turn
239 3843 305 3947 per
327 3843 469 3910 nervos,
494 3846 569 3897 non
595 3848 660 3923 per
685 3829 841 3917 arterias,
867 3826 965 3911 fietu
1002 3827 1210 3926 glutenque

131 3930 319 4058 sanguinis
334 3932 374 4005 in
390 3934 536 4008 cerebro
552 3945 744 4025 secretum,
760 3948 1006 4025 attenuatum,
1036 3940 1084 4015 ab
1106 3937 1208 4014 omni

130 4040 204 4120 sale
214 4042 281 4142 qui
296 4054 545 4141 corrumperet
557 4048 869 4147 purgatissimum,
886 4074 951 4150 per
967 4074 1101 4135 nervos
1117 4074 1207 4152 quc-

128 4151 328 4235 dammcdo
342 4155 525 4254 percolari,
554 4158 675 4255 adque
690 4160 805 4236 varias
830 4174 949 4262 partes
977 4162 1163 4250 dalem,
1146 4187 1205 4261 Ju-

127 4275 239 4342 vante
271 4275 311 4344 et
346 4267 571 4369 propellente
607 4269 723 4346 fluido
759 4273 921 4373 quodam
951 4273 1200 4359 subtilissimo,
