2678 4794
94 314 184 369 car.
203 312 274 366 xx.
382 306 915 400 munierunrrrsonsrpcn.
1101 294 1174 368 227

92 491 167 564 sibi
199 486 394 573 vindicant,
422 496 603 584 quatenus
632 493 801 559 naturam
819 481 963 567 morbi,
992 482 1173 580 ambiguis

91 599 319 699 caeteroquin
354 600 466 697 signis
499 586 769 695 nonuunquam
808 595 942 693 stipati,
984 593 1174 670 manifeste

93 715 319 813 plerumque
336 710 531 785 declarent.

141 847 334 900 nccxnrx.
361 823 480 897 Causa
504 834 560 897 tot
586 821 768 924 malorum
785 821 869 896 satis
894 821 933 893 in
959 824 1080 919 aprico
1096 829 1174 893 est:

91 961 216 1037 neque
233 936 387 1010 obscura
402 936 495 1009 ratio
511 959 585 1032 qua
598 933 756 1025 calculus
773 933 951 1031 paulatim
968 933 1174 1018 descendat,

93 1059 252 1149 urgente
277 1048 378 1134 lotio,
416 1056 455 1120 et
491 1048 653 1121 distento
677 1058 743 1120 aut
767 1046 928 1120 relaxato
952 1047 1032 1144 ipso
1057 1046 1175 1120 urinae

92 1171 244 1237 meatu:
271 1184 393 1258 neque
409 1157 594 1233 obscurior
611 1159 783 1233 medendi
800 1160 893 1232 ratio
908 1159 955 1231 ad
971 1156 1176 1258 mitiganda

95 1273 243 1372 singula
258 1272 354 1346 mala
370 1298 455 1371 quae
471 1274 635 1346 maxime
652 1266 798 1368 urgent,
825 1270 885 1344 vel
900 1271 1176 1368 expediendum

98 1383 229 1459 calculi
243 1385 468 1471 descensum,
494 1383 663 1473 remediis
680 1406 766 1480 quae
783 1381 1110 1458 inflammationem
1137 1394 1176 1457 et

99 1495 239 1570 febrem
256 1508 513 1571 summoveant
530 1495 589 1572 vel
604 1506 822 1595 temperent,
842 1521 927 1593 quae
944 1519 1089 1570 sensum
1107 1497 1176 1570 mi·

79 1617 227 1697 sanant,
269 1611 510 1684 irritationem
553 1608 693 1696 tollant,
736 1609 1020 1682 contractionem
1062 1611 1176 1707 ipsius

95 1731 239 1796 meatus
264 1723 418 1811 solvant,
445 1733 566 1796 totum
594 1744 725 1820 corpus
749 1720 886 1806 laxent,
923 1721 1098 1795 intestina
1113 1720 1175 1792 de-

93 1833 231 1933 pleant,
247 1836 433 1909 vomitum
450 1848 691 1934 compescant,
719 1834 871 1930 viasque
887 1855 978 1929 quas
995 1833 1101 1906 urina
1117 1855 1176 1906 su·

63 1932 154 2020 ‘bit
177 1946 313 2036 eluant,
348 1950 465 2046 ipsam
492 1950 636 2021 urinam
661 1945 814 2030 diluant,
850 1943 1003 2043 ejusque
1040 1967 1175 2042 organa

94 2059 236 2133 irritata
251 2069 290 2134 et
306 2061 469 2134 dolentia
485 2060 632 2133 foveant
649 2069 686 2131 et
713 2057 878 2131 oblinant
897 2081 1094 2156 gummoso
1110 2066 1177 2131 aut

92 2170 284 2270 glutinosa
311 2174 475 2259 humore,
493 2175 570 2271 ‚qui
589 2170 761 2245 naturalis
787 2171 897 2257 muci,
915 2171 953 2244 vi
969 2171 1088 2244 morbi
1114 2169 1175 2242 ab

94 2285 174 2372 rasi,
192 2284 315 2359 officio
332 2286 519 2384 fungatur.
988 2344 991 2348 -

144 2420 263 2472 neca.
292 2397 379 2471 Hoc
395 2399 506 2472 modo
523 2399 568 2471 ab
585 2398 736 2471 instanti
753 2396 916 2495 periculo
930 2404 1175 2494 praecavetur:
1270 2387 1273 2396 ’

94 2533 225 2609 parum
246 2534 333 2582 vero
362 2509 561 2609 proficitur,
587 2513 617 2585 si
645 2512 682 2581 in
701 2512 818 2582 vesica
847 2508 1005 2582 calculus
1022 2507 1177 2590 haeserit,

95 2622 183 2719 quia
200 2631 284 2694 tum
313 2623 489 2721 paulatim
508 2646 668 2695 crescens
697 2622 799 2694 brevi
817 2621 963 2696 excerni
980 2620 1122 2717 nequit,
1139 2627 1178 2690 et

94 2758 246 2832 gravem
265 2735 516 2821 irritationem,
541 2733 704 2807 dolorem
723 2746 807 2807 tum
823 2734 960 2818 vesicae,
979 2732 1043 2805 sed
1060 2730 1176 2828 magis
1210 2827 1213 2831 ἢ
1252 2778 1258 2784 -

91 2845 215 2922 adbuc
240 2846 324 2920 ostii
349 2846 523 2933 arceb-a,
549 2848 803 2945 stranguriam,
831 2847 1031 2945 dysuriam,
1057 2842 1176 2918 iscla·

96 2957 205 3045 mom,
231 2959 535 3032 incontinentiam
561 2960 686 3046 urinae,
724 2958 1064 3043 inflammationem,
1092 2978 1177 3053 sup-

95 3071 340 3168 purationem,
366 3070 482 3156 ulcus,
518 3096 764 3171 gangraenam,
799 3071 934 3146 callum
959 3070 1097 3155 vesicae,
1123 3068 1178 3139 in·

99 3181 215 3268 ducit,
238 3193 275 3258 et
293 3183 443 3256 tandem
463 3185 547 3275 (nisi
573 3185 629 3258 his
648 3183 748 3258 malis
766 3185 874 3258 citius
898 3208 995 3282 aeger
1011 3204 1178 3255 succum-

100 3292 177 3388 bat)
195 3293 380 3370 exhaustis
411 3297 530 3368 miseri
547 3297 696 3382 viribus,
722 3305 901 3395 perpetuo
917 3293 1041 3367 dolore
1070 3304 1108 3364 et
1133 3293 1179 3362 ir·

99 3406 278 3492 ritutione,
298 3407 434 3480 febrem
449 3406 597 3493 lentam,
614 3407 797 3494 hecticam,
817 3407 980 3491 maciem,
997 3416 1034 3478 et
1045 3405 1178 3490 tabem,

98 3518 200 3590 tarde
215 3519 381 3605 fortasse,
398 3520 460 3593 sed
479 3530 575 3593 certe
591 3519 750 3595 lethales.

145 3652 281 3705 occur.
307 3631 512 3717 Postremo,
531 3630 677 3704 silentio
693 3656 768 3705 non
786 3643 841 3706 est
869 3630 1178 3730 praetereundum,

99 3764 232 3840 organa
249 3745 485 3829 secernentia,
504 3768 589 3840 quau
600 3745 760 3819 strictius
776 3743 980 3820 Glandaloe
992 3757 1180 3829 vocantur,

100 3853 350 3963 obstructioni,
368 3866 406 3929 et
423 3856 512 3930 diris
525 3857 745 3955 quibusdam
764 3881 848 3954 quae
864 3881 912 3929 ex
929 3881 970 3929 ea
987 3853 1180 3954 profluunt

102 3966 211 4053 malis,
230 3992 308 4065 prae
324 3968 474 4066 reliquis
491 3971 657 4067 partibus
673 3968 832 4066 corporis
848 3969 1008 4042 obnoxia
1025 3991 1110 4040 esse.

147 4100 299 4152 uccuu.
318 4078 424 4153 Hinc
440 4104 535 4179 saepe
546 4091 670 4154 tumor
682 4080 846 4178 insignis
863 4091 901 4152 et
914 4080 1006 4152 mira
1018 4077 1181 4160 durities,

102 4208 170 4261 non
190 4190 303 4263 modo
332 4192 409 4265 sine
437 4190 571 4280 dolore,
597 4193 660 4266 sed
679 4217 773 4292 soepe
801 4217 886 4267 eum
906 4193 1050 4264 minuto
1067 4185 1180 4285 partis

103 4298 240 4376 affectae
265 4324 395 4387 sensu;
430 4304 533 4401 quod
557 4305 645 4381 mali
662 4329 786 4405 genus
810 4302 990 4380 &tinas
1018 4304 1179 4373 vocatur.
1203 4320 1206 4327 ·

620 4438 643 4491 P
663 4428 688 4491 2
