2678 4794
110 328 195 383 car.
214 328 280 383 xa.
380 324 601 380 MEmcmAE
627 328 913 384 rasonarrcm.
1110 314 1183 388 547

109 503 271 602 impetus
287 501 378 575 adeo
393 501 528 590 deficit,
555 515 597 578 ut
614 505 660 577 ad
677 505 912 580 excitandum
933 502 1082 601 suisque
1098 524 1179 576 mu·

109 617 257 690 neribus
281 615 481 712 aptandum
507 615 696 691 cerebrum
722 640 796 690 non
826 616 984 716 amplius
1012 613 1182 701 sufficiat,

110 729 210 802 unde
227 727 378 823 vertigo,
396 749 539 812 nausea,
558 730 729 815 vomitus,
747 728 862 801 animi
874 727 1040 814 defectio,
1057 736 1095 799 et
1105 747 1181 803 non

105 839 218 914 modo
234 840 351 912 cordis
367 839 656 936 arteriarumque
684 840 790 926 actio,
816 839 879 913 sed
910 840 1029 912 omnis
1056 847 1181 910 motus

106 962 220 1048 atque
237 974 362 1025 sensus
378 950 615 1047 interruptus.
666 949 745 1037 Qui
774 951 813 1022 in
839 951 939 1023 hunc
960 959 1098 1023 statum
1116 971 1182 1047 per

106 1086 279 1161 magnam
298 1062 485 1158 sanguinis
501 1059 681 1158 jacturam
709 1061 859 1135 deducti
888 1072 987 1147 suut,
1013 1060 1181 1158 quamvis

106 1175 220 1248 animi
238 1171 395 1247 defectio
412 1173 530 1247 brevis
547 1172 684 1258 fuisset,
710 1180 748 1244 et
772 1172 919 1258 sublatu
943 1171 1066 1258 facilis,
1092 1171 1183 1270 pris·
1286 1241 1293 1254 ,

108 1287 203 1360 tinas
220 1286 314 1359 vires
329 1308 426 1383 aegre
454 1293 494 1357 et
523 1284 626 1357 tarde
656 1289 750 1380 saepe
767 1294 991 1381 recuperant,
1016 1292 1055 1357 et
1070 1284 1182 1356 inter·

108 1397 201 1471 dum
218 1397 284 1470 vix
303 1420 467 1493 unquam
484 1396 633 1494 penitus
649 1394 918 1482 convalescunt,
934 1395 1134 1494 praesertim
1151 1392 1184 1466 si

109 1508 240 1583 morbo
256 1518 362 1581 antea
378 1507 483 1581 fracti
498 1517 537 1580 et
553 1507 729 1582 infirmati
757 1516 886 1580 essent
937 1509 1042 1594 Quin
1068 1517 1107 1580 et
1135 1505 1185 1580 ob

109 1620 204 1694 hanc
231 1619 439 1719 generalem
468 1619 734 1706 infirmitatem,
760 1619 1022 1716 sanguinisque
1037 1640 1185 1716 praeser-

109 1733 181 1806 tim
209 1742 355 1807 motum
380 1731 631 1830 languentem,
656 1731 817 1830 plurima
845 1731 1003 1829 corporis
1031 1726 1187 1802 munera

110 1844 210 1919 haud
231 1856 366 1943 'parum
394 1845 671 1942 impediuntur3
697 1843 866 1940 viresque
892 1841 972 1940 ejus
999 1862 1188 1916 conserva·

112 1957 219 2029 trices
244 1957 435 2052 imprimis,
472 1955 608 2052 quibus
637 1952 776 2029 multos
802 1953 949 2029 morbos
974 1976 1104 2039 arcere,
1129 1948 1191 2025 vel

112 2089 197 2139 cum
209 2065 288 2162 jam
304 2064 544 2163 presentibus
556 2063 755 2138 conflictari
771 2064 873 2153 solet,
898 2065 1035 2142 mirum
1052 2065 1092 2137 in
1110 2086 1189 2137 mo·

113 2177 203 2253 dum
221 2177 409 2261 deficiunt.
460 2176 581 2271 Ipsius
593 2174 756 2271 denique
768 2177 956 2272 sanguinis
971 2176 1134 2248 conditio
1149 2182 1190 2247 et

115 2288 331 2387 temperatio
358 2284 423 2361 tali
451 2284 702 2359 exinanitione
730 2283 830 2357 haud
858 2308 990 2382 parum
1019 2285 1190 2373 allicitur,

114 2402 250 2477 scilicet
267 2402 332 2498 qui
351 2410 476 2498 postea
499 2398 646 2471 tenuior
662 2405 700 2469 et
716 2394 884 2493 pallidior
910 2418 1005 2493 saepe
1031 2394 1086 2482 fit,
1110 2417 1192 2492 par·

115 2515 216 2588 tibus
244 2513 322 2611 ejus
349 2511 472 2585 crassis
489 2510 628 2584 tardius
646 2511 818 2606 (nxx1v),
843 2505 1072 2580 tenuioribus
1087 2503 1191 2578 brevi

116 2624 269 2698 refectis.
321 2622 548 2697 Incredibilis
565 2644 653 2693 vero
677 2619 745 2693 hac
762 2619 809 2692 de
824 2643 865 2693 re
880 2620 977 2692 inter
992 2617 1110 2693 varios
1127 2615 1192 2690 ho-

116 2737 236 2809 mines
252 2734 460 2809 differentia
478 2737 676 2829 (mcccux)
692 2731 829 2818 existit,
854 2731 907 2805 ita
936 2741 980 2805 ut
1008 2729 1101 2805 dum
1129 2727 1193 2802 alii

117 2845 259 2945 aliquot
290 2846 400 2931 libras
434 2844 622 2944 sanguinis
656 2841 759 2917 facile
785 2852 824 2917 et
853 2842 931 2917 sine
956 2840 1193 2920 incommodo

116 2961 302 3046 amittant,
327 2958 387 3031 alii
413 2980 612 3056 paucarum
630 2955 821 3029 unciarum
833 2954 978 3053 jactura
995 2953 1053 3028 vel
1069 2955 1194 3028 animo

116 3071 343 3168 linquantur,
360 3069 419 3144 vel
430 3069 633 3167 plurimum
646 3067 829 3141 duntaxat
841 3067 1086 3143 infirmentur.
1129 3065 1193 3139 In·

118 3185 231 3279 signis
247 3207 397 3281 quoque
413 3183 525 3256 etiam
551 3181 591 3254 in
618 3178 674 3253 his
691 3178 799 3254 rebus
815 3191 871 3253 est
887 3180 943 3252 vis
960 3177 1193 3253 consuetudi·

119 3288 179 3366 nis¹
190 3321 200 3378 ;
224 3294 357 3368 assueti
375 3295 474 3367 enim
491 3304 633 3368 tantam
662 3291 766 3366 facile
793 3291 949 3365 tolerant
975 3289 1208 3372 exinanitio,

120 3429 218 3491 nem,
243 3415 381 3502 quanta
407 3404 608 3491 inassuetis,
634 3404 805 3500 quamvis
821 3403 930 3502 plane
946 3399 1193 3488 validioribus,

120 3517 219 3589 haud
237 3540 367 3613 parum
385 3526 542 3590 noceret.
592 3514 727 3612 Neque
740 3515 903 3613 prolecto
920 3517 1016 3588 inter
1032 3512 1195 3612 singulos

119 3639 268 3702 tantum
285 3629 462 3714 hominm,
492 3627 555 3700 sed
585 3625 815 3724 aliquatenus
832 3628 928 3701 inter
944 3637 1039 3701 totas
1054 3637 1196 3724 gentes,

119 3739 331 3836 hujusmodi
360 3739 568 3814 differentia
596 3738 800 3812 intercedit.
850 3738 985 3836 Neque
1013 3735 1197 3812 medicina

120 3851 270 3938 Gallica,
310 3850 413 3925 verbi
445 3851 573 3950 gratia,
609 3849 746 3947 Anglis
779 3859 864 3922 tuto
892 3849 1099 3923 adhibenda
1126 3855 1193 3934 est,

120 3986 245 4057 neque
271 3960 435 4060 Anglica
463 3985 607 4061 semper
632 3959 749 4034 Gallis
775 3961 1028 4061 praecipienda,
1053 3959 1120 4056 qui
1147 3956 1197 4032 ob

120 4094 268 4171 pravam
287 4084 325 4147 et
341 4076 580 4149 inveteratam
600 4073 904 4148 consuetudinem
923 4070 1139 4169 sanguinem
1156 4070 1197 4143 in

120 4184 294 4260 omnibus
310 4186 384 4262 fere
400 4186 537 4264 morbis
560 4185 748 4276 mittendi,
772 4186 882 4262 istam
910 4207 1006 4284 saepe
1033 4181 1198 4258 exinani-

573 4318 609 4372 M
624 4319 663 4374 m
681 4305 705 4374 2
