2678 4794
137 345 185 427 76
538 355 790 417 conserimus
1061 361 1224 416 cunm.

136 544 289 642 spectari
307 549 426 642 potest
442 559 574 636 corpus
591 560 712 624 omne,
730 535 812 610 loco
827 558 904 609 non
920 559 998 624 suo,
1028 537 1089 613 vel
1104 537 1217 639 pluri·

134 655 204 730 bus
229 655 315 729 locis
339 651 468 727 eodem
508 660 700 749 tempore;
735 659 774 722 et
801 648 894 722 radii
919 647 1011 724 lucis
1039 675 1062 722 a
1076 660 1219 750 puncto

136 768 270 867 quovis
287 765 525 849 dimanantes,
542 762 601 836 vel
619 785 740 861 quum
756 762 919 860 primum
937 760 975 835 in
993 761 1144 836 oculum
1160 761 1219 835 in·

133 880 273 962 cidunt,
297 875 358 948 vel
374 885 580 974 postquam,
598 899 619 946 a
636 874 744 948 variis
761 873 977 948 humoribus
994 874 1148 961 refracti,
1165 874 1217 949 ud

134 990 292 1065 fundum
309 990 459 1062 oculum
476 986 712 1087 perveniunt,
739 995 798 1058 tot
814 985 973 1059 diversas
998 984 1218 1060 directiones

133 1102 278 1185 habent,
304 1109 349 1174 ut
366 1101 396 1174 si
411 1100 512 1176 visus
538 1099 628 1173 inde
644 1097 832 1197 penderet,
857 1120 966 1170 omne
983 1096 1138 1184 visibile,
1155 1122 1217 1170 va-

133 1212 192 1286 riis
217 1213 346 1287 eodem
373 1222 539 1312 tempore
564 1210 825 1286 directionibus
842 1218 1057 1309 spectatum,
1086 1209 1215 1350 multi·

132 1324 220 1422 plex
236 1339 275 1400 et
293 1326 500 1401 confusum
508 1326 706 1400 videretur.

180 1438 616 1525 ccxnv11.Quaestiode
634 1435 851 1565 simplice
816 1457 899 1509 visu
915 1459 936 1507 a
953 1433 1136 1535 duplice
1126 1456 1216 1508 una·

131 1548 229 1646 gine,
267 1572 399 1648 porum
424 1560 590 1623 accurate
624 1549 745 1646 primo
782 1548 980 1647 proposita,
1018 1557 1145 1646 postea
1169 1549 1216 1623 ad

131 1659 307 1756 majorem
337 1661 604 1736 accurationem
632 1661 777 1733 redacta
804 1668 879 1733 est:
911 1681 1034 1758 neque
1050 1659 1215 1759 prolecto

131 1794 261 1848 verum
290 1783 358 1862 est,
384 1775 505 1848 visum
536 1774 576 1846 in
594 1772 743 1845 homine
772 1771 961 1845 senissimo
978 1795 1122 1870 semper
1137 1794 1215 1846 esse

130 1884 343 1984 simplicem.
409 1884 577 1982 Simplex
606 1881 667 1957 vel
696 1881 838 1982 duplex
870 1893 936 1968 est,
971 1894 1083 1982 prout
1116 1881 1214 1958 oculi

129 1997 228 2069 varia
244 1996 385 2069 ratione
396 1995 435 2068 in
453 2018 654 2093 remquam
670 2005 876 2093 spectamus
886 1996 1052 2069 conversi
1065 1994 1215 2070 fuerint

63 2166 71 2185 .
130 2106 169 2180 Si
186 2131 273 2181 axes
289 2107 462 2182 binorum
479 2107 669 2182 oculorum
701 2109 741 2182 in
758 2107 858 2181 idem
875 2119 1060 2206 punctum
1085 2106 1215 2183 directi

127 2219 277 2306 fuerint,
302 2217 443 2319 duplex
460 2221 585 2319 imago
612 2221 692 2319 ejus
710 2220 850 2319 puncti,
877 2244 951 2292 una
976 2221 1155 2293 nimirum
1174 2222 1214 2294 in

128 2339 255 2406 centro
279 2332 475 2431 utriusque
499 2331 633 2407 relisus
661 2357 841 2433 expressa,
867 2333 1071 2430 simplicem
1087 2333 1212 2407 visum
1242 2358 1248 2372 ·

128 2443 250 2517 efficit.
305 2444 434 2531 Porro,
459 2468 514 2518 res
531 2456 720 2545 quotquot
747 2448 825 2546 pari
849 2446 896 2519 ab
912 2442 1020 2520 oculo
1037 2446 1212 2520 distentia

128 2554 175 2627 ad
193 2565 398 2655 utrumque
426 2556 522 2632 latus
551 2557 632 2632 talis
648 2560 779 2659 puncti
808 2559 889 2634 sitae
906 2568 1004 2644 sunt,
1030 2557 1213 2655 simplices

128 2665 238 2740 simul
264 2677 494 2765 spectantur:
538 2694 697 2766 quarum
727 2668 863 2744 scilicet
892 2669 1070 2763 imagines
1102 2692 1214 2765 super

127 2775 288 2848 retinam
306 2788 504 2875 utramque
521 2778 686 2874 depictoe,
717 2776 873 2849 similem
890 2799 974 2848 cum
990 2786 1116 2871 centro
1132 2777 1215 2873 ejus

126 2893 381 2980 comparatum
411 2888 526 2959 situm
543 2886 688 2960 habent.
742 2886 877 2958 Centra
906 2886 1024 2984 igitur
1040 2886 1214 2965 binarum

127 2993 350 3079 relictorum,
375 3003 414 3066 et
437 3003 576 3092 puncta
602 2996 642 3069 in
669 2997 713 3069 iis
728 3020 814 3093 quae
840 2996 998 3070 similem
1028 2998 1131 3095 quod
1162 3001 1212 3076 ad

126 3114 296 3178 centrum
314 3104 428 3178 situm
446 3104 593 3193 habent,
621 3131 740 3206 supra,
770 3126 915 3207 nempe,
932 3108 993 3183 vel
1022 3101 1138 3199 infra:
1152 3113 1213 3188 vel

127 3216 372 3302 dextrorsum,
385 3215 445 3291 vel
458 3217 716 3306 sinistrorsnm,
734 3221 939 3294 consentire
951 3220 1138 3310 dicuntur,
1151 3225 1212 3298 vel

126 3329 330 3429 simplicem
348 3330 473 3404 visum
491 3329 587 3405 dare.
637 3332 716 3407 Res
733 3355 820 3407 vero
837 3333 988 3433 propius
1004 3333 1065 3408 vel
1094 3358 1211 3410 remo

126 3441 201 3514 tius
218 3441 265 3514 ab
291 3440 401 3517 oculo
427 3444 566 3542 positae,
592 3467 706 3543 quam
732 3457 916 3543 punctum
943 3445 981 3518 in
999 3447 1103 3544 quod
1124 3471 1211 3522 axes

126 3551 318 3628 oculorum
344 3557 583 3643 conveniunt,
609 3556 722 3631 simul
745 3581 833 3632 cum
863 3556 926 3631 illo
951 3560 1104 3656 spectari
1129 3583 1212 3658 pos·

124 3676 222 3752 sunt,
248 3690 450 3765 earumque
468 3667 608 3768 duplex
625 3669 727 3744 visus
743 3678 808 3743 est.
861 3669 985 3744 Facile
1002 3670 1213 3747 ostenditur

123 3776 303 3876 imagines
319 3802 446 3853 eorum
476 3804 600 3855 rerum
625 3792 746 3881 partes
771 3780 906 3855 retioae
932 3783 1126 3881 utriusque
1151 3807 1210 3859 oc-

122 3912 266 3987 cupane,
283 3913 368 3989 quae
384 3890 608 3968 dissimiliter
624 3893 727 3991 quod
743 3893 790 3966 ad
807 3903 976 3968 centrum
993 3903 1208 3992 ponuntur:

123 4023 268 4100 nempe,
303 4002 344 4076 in
381 4002 514 4076 dextra
538 4015 641 4102 parte
677 4003 827 4079 alterius
852 4002 960 4091 oculi,
998 4007 1036 4079 in
1063 4007 1211 4082 sinistra

122 4111 283 4202 alterius,
300 4113 463 4213 depingi.
515 4115 645 4190 Partes
661 4116 1009 4216 igiturrelinorom
1026 4118 1210 4193 dissimili·

124 4231 181 4299 ter
196 4227 300 4327 quod
316 4226 363 4302 ad
380 4238 505 4304 centra
523 4228 661 4327 posite,
679 4250 754 4304 non
771 4229 1028 4315 consentiunt3
1055 4229 1125 4305 hoc
1140 4242 1209 4316 est,
