2678 4794
128 399 217 457 eas.
233 398 295 455 mr
400 395 624 454 nnmerum
649 399 938 456 annonarios.
1163 392 1219 460 ts

126 578 294 652 stantiam
318 599 516 651 nervosam
540 601 628 652 oum
653 578 859 653 musculosa
884 602 1029 678 semper
1052 578 1205 657 misceri.

127 689 223 765 Nam
244 687 393 766 aninlo
419 690 633 765 tenuissima
669 714 743 765 non
770 702 890 792 potest
924 693 965 765 in
990 689 1205 766 musculum

125 802 227 902 adigi,
250 804 348 902 quin
365 801 455 876 inde
471 801 582 877 simul
598 803 709 877 multi
724 803 858 878 ramuli
874 804 1019 879 nervosi
1035 825 1204 903 pungan-

126 923 182 991 tur
194 915 255 989 vel
273 915 506 1002 laoerentur3
532 928 576 991 ut
591 917 696 990 dolor
712 916 805 990 clare
822 929 978 991 testatur
994 920 1107 1015 (cxi).

107 1046 123 1065 ·
168 1051 280 1104 cxvn
308 1028 435 1128 Igitur
451 1039 530 1103 tam
552 1042 672 1105 arctus
684 1030 782 1102 inter
797 1029 982 1104 musculos
997 1051 1206 1126 nervosque
1280 1122 1284 1135 ι

125 1137 326 1229 intersedit,
343 1165 475 1229 nexus,
500 1151 584 1216 tum
609 1141 710 1241 quod
727 1141 775 1214 ad
794 1141 958 1216 officium
975 1144 1109 1217 attinet
1125 1165 1205 1240 quo

126 1247 344 1351 finguntur,
368 1263 453 1343 tum
466 1254 572 1352 ¹quod
589 1255 638 1328 ad
661 1254 834 1327 fabricam
851 1279 964 1353 quam
982 1255 1128 1342 habent,
1159 1262 1204 1329 ut
1300 1292 1308 1302 ν

126 1365 261 1436 merito
281 1366 401 1438 omnia
423 1363 544 1440 solido
561 1365 648 1440 viva
670 1390 738 1464 pro
759 1366 924 1465 partibus
948 1365 1114 1464 ejusdem
1139 1389 1204 1464 ge·

127 1473 225 1547 neris
236 1473 451 1567 habeantur,
467 1477 528 1552 eui
544 1501 680 1552 nomen
700 1478 833 1554 Genua
848 1478 1063 1555 Nervosom
1087 1505 1109 1552 a
1124 1502 1201 1552 me-

128 1585 216 1661 dieis
231 1587 374 1688 imponi
388 1588 491 1665 solet.

170 1722 299 1775 cxvll.
325 1702 538 1802 Miraequas
554 1704 612 1779 hae
627 1717 746 1805 partes
764 1706 951 1805 possident
960 1706 1071 1800 ¹dotes
1084 1704 1200 1779 medi-

126 1834 247 1887 oorum
273 1824 314 1889 et
339 1814 642 1915 philosophorum
670 1820 915 1893 attentionem
941 1820 1086 1917 optimo
1114 1816 1202 1914 jure

126 1924 190 1998 sibi
206 1925 465 2002 vindicarunt:
502 1926 729 2029 plurimique
755 1941 793 2005 et
822 1930 1105 2031 ingeniosissimi
1129 1926 1201 2001 viri

127 2036 231 2127 (inter
245 2063 341 2138 quos
368 2063 559 2114 summum
576 2043 796 2119 Neotonom
814 2067 1008 2119 numerare
1036 2047 1196 2142 oportet)

126 2173 266 2248 operam
295 2153 397 2226 haud
427 2153 602 2251 exiguam
629 2155 852 2231 collooarunt
880 2159 920 2230 in
937 2157 1053 2230 causis
1069 2177 1199 2228 earun-

127 2261 205 2337 dem
221 2265 501 2364 investigandis,
518 2267 705 2365 modoque
720 2269 982 2367 persorutando
998 2293 1074 2366 quo
1090 2265 1201 2339 variae

127 2371 283 2472 ipsarum
307 2378 516 2453 functiones
544 2378 697 2465 fierent;
723 2382 914 2476 variasque
931 2404 1016 2476 quae
1045 2375 1200 2474 singulis

126 2485 316 2583 plaoebant
329 2491 375 2562 de
403 2491 461 2564 nis
487 2492 595 2566 rebus
624 2491 849 2587 conjecturas
878 2492 917 2562 in
935 2489 1102 2562 medium
1118 2508 1200 2585 pro-

126 2598 299 2675 tulerunt
346 2592 634 2678 Nondum‘vero
650 2602 744 2675 ratio
761 2600 836 2675 ulla
853 2601 1038 2700 proposita
1053 2608 1110 2673 est
1121 2621 1202 2674 rem

125 2731 185 2808 per
198 2714 451 2814 experimenta
467 2715 681 2814 explorandi
696 2742 705 2801 ;
721 2716 769 2787 ἐτ
785 2713 1015 2812 experientia
1029 2711 1085 2786 bis
1097 2709 1201 2785 mille

128 2845 299 2905 annomm
315 2829 403 2902 satis
419 2853 603 2927 superque
619 2826 887 2911 demonstravit
915 2826 1200 2924 sapientissimos

128 2937 227 3013 etiam
256 2939 455 3015 hominum
475 2941 627 3015 Naturae
655 2952 783 3014 areana
798 2939 1038 3038 conjectando
1065 2939 1199 3013 rarissi-

127 3051 378 3152 medetegere.
429 3052 530 3125 Male
546 3053 700 3130 omnino
715 3052 888 3128 Nestorei
916 3053 1078 3139 nomine,
1103 3066 1199 3124 nun·

127 3182 231 3258 quam
246 3187 322 3238 non
340 3164 560 3252 venerando,
577 3164 681 3238 abusi
697 3175 786 3238 sunt
802 3165 995 3263 scriptores
1016 3161 1199 3248 nonnulli,

128 3275 186 3370 qui
202 3276 415 3375 opinionem
432 3301 546 3376 quam
563 3276 659 3350 tueri
685 3286 863 3375 cuperent
878 3277 918 3348 in
948 3277 1027 3373 ejus
1043 3275 1199 3348 auctori·
1328 3349 1335 3363 ,

129 3390 232 3460 tatem
248 3388 457 3487 rejecerunt
483 3398 620 3462 totam:
647 3389 818 3486 quamvis
833 3388 906 3474 ille,
936 3386 1041 3462 solita
1057 3385 1201 3461 modes·

131 3496 170 3569 tia
184 3511 221 3572 et
236 3501 439 3599 prudentia
456 3501 561 3598 (quas
577 3499 725 3574 laudare
743 3525 855 3598 quarn
873 3500 1012 3575 imitari
1034 3498 1201 3598 plerique

79 3686 81 3697 ,
132 3622 282 3686 suctores
310 3611 492 3710 maluere)
519 3638 623 3688 suam
652 3613 701 3701 de
728 3612 796 3686 hac
811 3637 851 3686 re
878 3613 1109 3698 sententiam,
1134 3636 1202 3710 pro

134 3723 326 3821 sonjeetura
343 3733 493 3801 tantum
507 3748 571 3799 seu
588 3725 791 3823 quaestione
804 3724 1045 3823 proposuerit,
1061 3723 1203 3798 idoneis

136 3838 383 3931 experimentis
408 3846 447 3910 et
476 3838 704 3936 argumentis
720 3848 787 3910 aut
815 3835 1012 3910 refellenda
1028 3845 1094 3910 aut
1118 3860 1203 3910 con-

135 3938 304 4023 finmnda.
358 3948 434 4023 Sed
449 3971 498 4022 ne
514 3950 667 4076 quidem
684 3947 857 4022 Neratoni
880 3948 1108 4047 oonjecturas
1134 3972 1203 4045 pro

136 4058 215 4131 veris
228 4084 376 4136 sumere
404 4060 513 4135 lieet.
543 4085 619 4136 non
636 4061 687 4139 sic
702 4059 765 4133 ille
793 4060 1019 4144 imitandus;
1051 4082 1127 4133 non
1152 4059 1203 4131 sic

136 4165 267 4244 motis
282 4172 546 4273 promovenda.

176 4299 313 4360 cxvm.
339 4283 467 4360 Variae
492 4283 656 4384 profecto
682 4287 886 4375 sententia,
915 4284 963 4359 de
991 4281 1105 4356 modo
1123 4225 1205 4409 quo
1321 4270 1324 4277 ⁴

631 4420 654 4474 c
673 4404 696 4475 2
