2678 4794
179 286 253 367 iat
396 329 400 339 ·
579 294 834 359 consuamus
976 288 1072 352 oss.
1088 288 1275 355 xxxmo

179 470 294 584 atque
309 468 482 568 mitescit,
506 479 723 577 vitibusque
739 473 890 551 interim
914 462 1005 574 sgn‘
1029 464 1272 574 aliquantum

42 662 46 669 .
179 596 335 684 reiectis,
359 595 479 693 prima
506 591 682 666 tussicula
711 598 842 687 postea·
866 587 1067 675 aoeideou,
1092 586 1206 662 facile
1234 600 1270 665 et

83 705 87 714 ’
178 708 326 807 aopiose
340 706 496 804 ejicitur.
545 704 740 789 Proeteuea,
758 699 925 774 morbosa
940 698 1131 774 ista'muai
1149 700 1269 778 tenui·

180 830 237 896 tas
254 829 292 894 et
308 817 514 903 acrimonia,
539 815 709 913 quamvis
727 804 923 887 'interdum
952 810 1120 887 accidere
1144 814 1266 889 videa·

180 939 255 1019 tur,
280 948 403 1030 neque
417 929 510 1003 adeo
529 915 674 1002 sertum
690 925 924 1029 usqueadeo
938 925 1115 1024 {iaqueus
1132 926 1265 1002 vitium

180 1051 248 1130 est,
273 1064 396 1147 neque
412 1041 507 1116 tanti
525 1040 715 1126 momenti,
740 1054 782 1114 eo
796 1038 909 1114 multi
926 1038 1062 1113 medici
1078 1037 1265 1113 existima·

180 1156 324 1239 verint3
350 1153 524 1252 pleraque
539 1154 639 1228 enirn
658 1151 763 1252 signa
779 1158 892 1249 atque
920 1150 1103 1225 molestie
1118 1174 1205 1250 quae
1220 1152 1264 1225 ab

180 1289 225 1339 ea
239 1267 433 1363 provenire
457 1265 670 1339 existimata
696 1271 795 1351 sunt,
820 1261 1057 1338 verisimilius
1085 1262 1263 1364 imputari

180 1384 345 1476 possunt,
361 1376 519 1474 partim,
545 1374 708 1450 defectui
723 1376 830 1450 istius
846 1375 958 1461 muci,
984 1373 1107 1471 qualis
1124 1375 1196 1451 sub
1211 1377 1262 1449 in·

179 1485 470 1563 flammationem
505 1509 665 1562 muaosae
698 1482 921 1561 membranae
953 1484 1121 1560 assidere
1154 1487 1261 1574 solet;

180 1600 315 1700 partim
332 1610 496 1700 quoque,
521 1599 649 1674 acriori
675 1597 730 1673 illi
756 1599 888 1695 sensui,
913 1605 1110 1696 auetaeque
1127 1597 1263 1673 stimuli

180 1711 343 1810 cujusvis
360 1712 612 1810 impatientia,
638 1732 724 1809 quae
747 1709 920 1784 omnibus
936 1709 1105 1808 partibus
1123 1709 1261 1784 iniiam·

180 1825 291 1898 matis
322 1823 516 1909 adsiduum
555 1824 689 1922 purtim
723 1821 889 1908 demum,
926 1821 1159 1921 gravissimos
1189 1823 1263 1897 ini·

180 1935 314 2010 tationi
330 1936 439 2009 tussis
455 1933 599 2020 arebrae,
617 1942 738 2007 toturn
756 1933 974 2033 pulmonem
990 1934 1210 2032 quatientis,
1227 1943 1263 2009 et

176 2066 342 2142 asperam
359 2045 541 2132 arteriam,
566 2055 605 2118 et
629 2047 832 2143 prasertim
844 2042 1054 2146 guaidam,
1075 2045 1262 2134 irritantis.

178 2176 382 2255 earumque
395 2178 545 2232 muaum
559 2157 775 2233 abradentis.
826 2157 979 2232 Horum
991 2159 1171 2234 omnium
1187 2170 1262 2233 tan·

177 2276 218 2341 ta
240 2277 296 2342 est
312 2267 369 2343 vis
385 2276 424 2342 et
440 2288 549 2357 noxa,
576 2280 620 2347 ut
646 2277 707 2343 adr
732 2271 821 2368 ipse,
846 2270 1018 2369 quamvis
1043 2269 1262 2357 lenissimus,

179 2379 332 2456 stimulo
347 2381 500 2455 undem
516 2383 575 2468 sit,
591 2404 714 2479 neque
727 2382 876 2480 spiritus
888 2382 1045 2481 quidem
1063 2383 1146 2458 sine
1160 2383 1262 2484 gravi

178 2491 383 2568 irritatione
397 2501 512 2594 atque
528 2493 664 2582 dolore,
691 2503 730 2567 et
747 2493 838 2569 tussi
854 2494 1167 2594 liequentissima,
1182 2516 1260 2595 pos

178 2604 228 2679 sit
244 2605 466 2705 reciprocari.

229 2736 435 2791 mnxxvnr.
461 2716 608 2792 Eadem
631 2741 740 2816 porro
755 2718 849 2793 ratio
864 2727 921 2794 est
936 2713 1060 2794 somni
1076 2718 1258 2804 naturalis,

177 2826 245 2927 qui
277 2848 363 2902 sane
391 2832 679 2905 exscreationem
712 2829 927 2931 aliquandiu
960 2831 1071 2921 sistit,
1107 2831 1254 2906 eandem

176 2960 265 3013 veru
282 2949 408 3040 postea
423 2942 670 3018 efficacissime
693 2954 909 3040 promovet;
933 2952 974 3019 et
1002 2945 1080 3044 opii
1106 2962 1256 3047 quoque

176 3050 308 3124 eodem
325 3053 476 3127 consilio
492 3053 659 3140 adhibiti,
683 3063 729 3128 ut
746 3076 849 3130 nunc
864 3079 960 3154 saepe
976 3055 1080 3145 solet,
1099 3076 1184 3129 eum
1200 3054 1256 3126 in·

144 3186 146 3190 '
176 3162 274 3262 signi
290 3163 552 3260 aegrotantium
568 3163 758 3239 beneficio.

225 3294 398 3351 Muxxrx.
415 3274 554 3350 Omnia
570 3276 767 3352 vomituris
783 3278 1066 3368 meditamenta,
1091 3278 1170 3356 sive
1186 3278 1258 3380 ple·

175 3404 262 3460 nam
280 3387 536 3474 vomitionem,
557 3388 635 3462 sive
650 3410 824 3465 nauseam
842 3402 991 3467 tantum
1008 3392 1182 3482 siverint,
1198 3412 1257 3466 ex·

176 3499 411 3571 screationem
429 3520 452 3570 a
467 3496 646 3598 pulmone
659 3509 698 3575 et
709 3527 834 3603 aspera
845 3505 976 3578 arteria
987 3503 1102 3604 plane
1115 3526 1257 3604 promo-

174 3616 276 3683 vent.
318 3609 407 3684 Hoc
418 3631 494 3684 non
507 3610 574 3686 soll
585 3613 777 3712 agitationi
790 3616 967 3690 vomendi
980 3616 1172 3714 (quamvis
1183 3615 1256 3690 hm
1325 3705 1329 3717 Ι

172 3740 260 3794 sane
276 3721 447 3796 nonnihil
463 3724 653 3801 interdum
679 3727 850 3825 prodesse
865 3725 995 3826 possit)
1013 3726 1256 3803 tribuendum

171 3842 250 3920 est3
276 3834 449 3910 stimulus
465 3834 586 3934 forsan
603 3837 874 3925 medicamenti,
893 3839 1019 3914 ueluti
1046 3839 1162 3916 soillae
1186 3858 1256 3914 ma·

172 3942 602 4044 ritimoe,adpulmonem
615 3949 796 4046 pervenit,
808 3959 847 4026 et
858 3950 909 4025 sic
912 3951 1046 4049 juvat3
1073 3961 1114 4027 et
1124 3974 1255 4028 nausea

172 4051 336 4144 demum,
353 4081 420 4157 per
429 4076 648 4133 eonsensum
666 4060 773 4136 illurn
791 4063 982 4162 egregium
999 4064 1253 4141 ventriculum

95 4232 98 4241 .
171 4163 269 4241 inter
283 4179 323 4241 et
338 4167 476 4244 multas
489 4167 575 4243 alias
585 4181 716 4268 partes,
733 4173 793 4248 vel
809 4184 1009 4274 spaamma,
1027 4175 1147 4276 siquis
1164 4177 1252 4273 forte
