2678 4794
127 349 176 427 36
542 368 795 430 consracws
1042 372 1129 430 car.
1146 374 1212 431 111.

130 572 257 624 sensus
284 555 481 644 motusque
506 545 546 619 in
576 570 728 646 corpore
752 544 903 622 animali
924 545 1035 635 fiunt,
1058 549 1213 648 prolatae

131 670 243 747 sunt;
280 657 451 733 omnibus
479 682 568 733 vero
598 659 667 734 hoo
695 659 983 735 fundamentum
1012 683 1216 739 oommune

132 783 198 861 est,
213 772 362 845 fortasse
371 777 411 843 et
419 769 556 846 vitium
569 795 734 871 quoque,
751 795 899 871 nempe,
916 771 1019 870 quod
1031 773 1217 850 rationem

132 884 326 981 utriusque
342 892 471 981 petant
488 909 510 958 a
525 886 690 961 motibus
705 885 930 984 quibusdam
949 884 1094 961 Generi
1109 886 1217 961 Ner·

132 1018 216 1073 voao
231 995 387 1095 propriis
403 1005 443 1070 et
471 998 727 1095 peculiaribus,
753 999 800 1072 ab
815 1022 954 1097 organo
971 1021 1097 1072 sensus
1126 998 1217 1072 inei-

128 1106 329 1211 pientibus,
365 1119 404 1182 et
432 1132 499 1208 per
528 1134 661 1185 nervos
689 1111 737 1186 ad
769 1111 958 1186 oerebrum
993 1113 1217 1211 propagatis,

130 1219 224 1296 dum
254 1221 457 1306 sentimus;
482 1230 521 1296 et
549 1248 571 1296 a
599 1224 747 1299 cerebro
773 1223 1046 1324 incipientibus,
1076 1247 1217 1323 perque

130 1354 263 1408 nervos
280 1334 373 1427 (sive
388 1334 537 1437 eosdem
555 1337 623 1435 qui
652 1336 774 1412 sensui
791 1336 1010 1422 inserviunt,
1033 1336 1111 1409 sive
1128 1335 1217 1410 alios

129 1447 284 1521 omnino
311 1447 471 1521 diversos
498 1458 538 1521 et
565 1448 771 1537 distinctos,
787 1449 959 1547 quamvis
984 1449 1025 1523 in
1053 1449 1216 1524 eundem

131 1557 347 1635 fasciculum
365 1584 448 1634 oum
476 1558 549 1634 illis
565 1561 767 1661 colligatos)
797 1561 846 1634 ad
863 1561 1049 1637 musculos
1073 1559 1215 1648 delatis,

132 1669 226 1744 dum
243 1671 430 1746 musculos
446 1680 588 1747 nostros
604 1673 652 1747 ad
668 1672 862 1747 arbitrium
878 1696 1087 1748 movemus.
1236 1672 1240 1679 '

181 1806 295 1860 cxrx.
321 1784 406 1859 Hos
422 1795 547 1860 motus
564 1785 625 1859 alii
641 1783 878 1860 crediderunt
902 1809 968 1883 per
997 1786 1114 1882 ipsam
1132 1785 1217 1860 sub-

131 1895 304 1970 stantiam
321 1920 519 1972 nervorum
536 1896 627 1985 fieri,
640 1897 882 1977 trementium
899 1896 958 1970 vel
976 1897 1218 1984 vibrantium,

131 2015 176 2080 nt
192 2006 382 2096 vocabant,
400 2032 476 2083 non
493 2032 597 2084 secus
613 2033 655 2083 ao
671 2008 761 2108 lyrae
778 2007 924 2084 obordae
936 2019 1104 2085 tremunt
1121 2008 1217 2109 pleo-

18 2164 22 2169 -
130 2126 189 2194 tro
204 2144 395 2220 percussae.

180 2256 278 2309 exrr.
316 2235 408 2322 Alii,
438 2235 574 2333 quibus
603 2235 698 2310 bene
731 2244 966 2334 perspectum
995 2243 1082 2309 erat·
1100 2258 1217 2332 quam

130 2346 229 2421 male
245 2347 511 2427 accommodati
528 2357 650 2423 essent
665 2348 769 2422 nervi
799 2360 839 2423 et
855 2349 1045 2422 oerebnrm
1062 2345 1110 2419 ad
1126 2345 1216 2421 tales

130 2459 371 2557 perficiendos
411 2471 451 2536 et
492 2461 746 2562 propagandos
787 2471 964 2536 tremores
996 2458 1057 2537 vel
1089 2469 1216 2543 motus

130 2572 285 2671 (quippe
314 2574 381 2671 qui
410 2575 481 2647 toti
510 2573 716 2648 mollissimi
742 2575 914 2660 existant,
943 2582 983 2646 et
1007 2573 1216 2648 vicinarum

127 2684 292 2778 partium
309 2693 412 2757 tactu
441 2684 606 2757 multum
636 2685 819 2782 impediti,
848 2683 909 2757 vel
925 2707 1021 2779 saepe
1037 2683 1151 2770 etiam
1169 2683 1217 2761 ad

128 2792 267 2868 vicinas
283 2805 403 2892 partes
420 2794 560 2891 alligati
576 2795 665 2890 sint)
698 2802 834 2879 motus,
863 2817 957 2890 quos
973 2792 1057 2867 fieri
1082 2801 1123 2866 et
1152 2818 1217 2871 ne-

129 2904 298 2977 cessarios
314 2927 391 2976 esse
417 2903 700 2991 oontendebant,
725 2903 765 2978 in
791 2902 985 2978 humorem
1003 2914 1159 2981 tenuem
1175 2921 1216 2987 et

129 3014 237 3088 valde
253 3013 428 3092 mobilem
446 3014 660 3114 rejecerunt,
684 3039 798 3114 quem
815 3016 937 3090 nervis
965 3017 1082 3091 inesse
1097 3018 1215 3120 linge·

131 3125 231 3216 bant,
248 3129 363 3228 inque
379 3129 424 3202 iis
440 3130 515 3204 suis
532 3127 675 3227 legibus
692 3130 844 3217 moveri,
860 3128 1072 3229 multasque
1089 3142 1127 3207 et
1143 3134 1214 3208 mi·

127 3264 184 3314 ras
200 3240 305 3317 dotes
321 3252 360 3316 et
376 3241 611 3315 excellentias
626 3242 820 3340 possidere.

177 3349 295 3430 cm
310 3354 392 3431 Alii
408 3355 562 3430 demum
587 3355 633 3428 ad
650 3355 840 3430 AEtherem
857 3356 1119 3433 Universalem
1148 3382 1213 3457 po·

87 3513 90 3517 -
128 3465 203 3541 tius
231 3468 490 3568 confugerunt,
515 3467 667 3567 qualem
696 3477 735 3543 et
760 3492 880 3568 nuper
909 3480 949 3543 et
976 3469 1065 3544 olim
1084 3470 1214 3551 multis

126 3576 352 3679 pbilosophis
367 3604 581 3681 persuasum
598 3590 655 3655 est
680 3590 805 3656 totum
822 3581 1009 3656 mundum
1035 3582 1214 3681 pervade-

125 3713 176 3778 re,
202 3691 366 3791 implere,
395 3695 581 3794 variisque
596 3692 741 3794 legibus
757 3703 983 3792 temperare;
1009 3694 1115 3792 cujus
1141 3719 1214 3794 ope

125 3811 165 3876 et
180 3805 385 3880 ministerio
401 3806 518 3882 sidera
534 3819 710 3894 mearent,
737 3806 792 3881 sol
807 3805 976 3905 fulgeret,
994 3831 1094 3880 mare
1118 3800 1217 3883 coes'

123 3924 221 3990 eeret
247 3917 555 4019 decresseretque,
583 3918 741 3995 flumina
757 3918 977 4006 laberentur,
1005 3918 1111 3993 venti
1136 3919 1212 4018 spi·

124 4037 256 4117 rarent,
282 4030 418 4130 plantae
446 4032 682 4130 pullularent,
713 4030 865 4129 Jupiter
897 4031 976 4128 ipse
1005 4038 1213 4107 tonaret-

124 4139 356 4218 Utilissimus
384 4154 483 4218 oerte
511 4155 550 4218 et
577 4143 849 4218 strenuissimus
876 4143 1000 4231 aether,
1031 4142 1097 4219 sed
1122 4166 1212 4221 nus·

122 4276 237 4359 quam
252 4257 464 4358 prehensus,
483 4280 669 4358 nusquam
685 4255 734 4332 ad
749 4254 995 4356 quaestionem
1010 4255 1208 4346 deductus,
