2678 4794
135 331 288 388 canan
412 333 632 388 numerum
651 331 937 386 runouurrcn.
1155 315 1204 392 99

128 509 272 584 minuat
287 507 346 583 vel
376 507 560 597 destruam
589 519 628 584 et
656 511 706 583 sic
721 506 880 583 musculi
904 507 980 580 fere
1003 502 1200 591 solvantur,

129 621 315 720 pristinam
340 623 422 697 vim
444 647 566 723 neque
589 623 693 698 facile
720 645 842 719 neque
867 619 989 694 subito
1013 638 1197 714 recupera-

128 733 205 807 turi
617 746 621 753 ’
1051 748 1052 751 ’

167 867 344 920 cccxxv,
382 845 509 935 Porro,
548 846 736 923 musculus
760 844 864 921 nullo
888 852 1021 944 praeter
1049 838 1199 916 solitum

123 957 233 1031 modo
257 957 455 1045 distentus,
488 959 535 1033 ad
560 969 768 1034 contactum
798 958 938 1032 stimuli
975 953 1136 1052 cujusvis
1161 974 1200 1026 se

124 1069 315 1144 contrahit.
367 1070 472 1146 Huic
489 1072 736 1146 musculorum
750 1070 951 1146 conditioni
967 1089 1104 1143 nomen
1120 1063 1200 1138 vim

127 1178 276 1255 insitam
293 1181 426 1256 medici
443 1184 711 1282 imposuerunt.

174 1315 364 1368 cccxxvi·
396 1293 583 1394 Denique,
608 1296 747 1368 intacto
772 1292 946 1380 musculo,
971 1293 1001 1366 si
1025 1287 1197 1364 stimulus

131 1423 246 1476 nervo
267 1406 331 1502 qui
354 1430 442 1479 eum
466 1409 545 1481 adit
572 1406 744 1481 admotus
767 1404 889 1492 fuerit,
914 1401 1049 1479 similes
1072 1393 1197 1476 motus

132 1513 341 1590 excitantur.
389 1517 473 1606 Vel,
490 1519 520 1592 si
536 1518 723 1623 cerebrum
739 1518 861 1616 ipsum
874 1516 1058 1592 irritatum
1074 1512 1197 1597 fuerit,

128 1623 276 1723 plurimi
291 1637 358 1702 aut
373 1653 501 1704 omnes
514 1630 668 1705 musculi
684 1630 955 1704 convelluntur.
991 1626 1088 1702 Haec
1100 1648 1199 1697 mus·

125 1735 289 1813 amorum
307 1742 470 1816 conditio
485 1746 542 1817 vis
558 1766 716 1819 nervom
732 1741 955 1840 appellatum
984 1740 1061 1813 avi
1085 1735 1201 1812 insita

126 1848 206 1924 sede
222 1859 373 1925 tantum
390 1853 544 1928 diversa

171 1983 383 2038 cccxxvrr.
413 1965 616 2052 Postremo,
632 1967 778 2042 intactis
793 1964 980 2052 musculis,
997 1962 1128 2049 nervis,
1144 1983 1200 2061 ce-

127 2071 236 2161 rebro,
268 2073 345 2149 sola
361 2076 553 2152 voluntate
568 2079 748 2176 plurimos
764 2079 949 2154 musculos
964 2077 1012 2152 ad
1039 2086 1200 2152 contrac-

126 2183 263 2260 tionem
298 2187 459 2264 ciemus:
501 2189 579 2264 haec
611 2192 666 2265 vis
698 2201 796 2265 recte
831 2188 1005 2266 animalis
1037 2200 1200 2274 vocatur.

125 2297 263 2397 quippe
278 2323 365 2397 quae
381 2300 464 2374 solis
480 2301 698 2376 animalibus
715 2307 918 2399 contingat.

172 2431 401 2490 cccxxvm.
430 2412 517 2486 Non
542 2436 668 2485 omnes
686 2423 810 2484 tamen
831 2410 984 2484 musculi
1000 2410 1201 2484 voluntatis

130 2517 277 2617 imperio
289 2523 558 2620 subjiciuntur:
576 2533 613 2597 et
625 2522 794 2622 plurimae
803 2532 844 2603 et
854 2522 1007 2595 maximi
1023 2522 1202 2594 momenti

130 2631 293 2721 actiones,
318 2635 442 2720 inscio,
480 2635 609 2721 invito,
639 2634 698 2708 vel
725 2645 852 2707 contra
875 2633 1019 2707 nitente
1043 2632 1201 2718 homino,

128 2742 375 2821 absolvuntur.
426 2748 530 2821 Hinc
546 2758 670 2820 motus
695 2745 946 2820 musculorum
975 2754 1031 2820 est
1054 2745 1115 2818 vel
1140 2769 1201 2820 vo

127 2853 306 2932 luntarius
322 2857 383 2932 vel
401 2859 550 2934 invitus.

171 2992 364 3045 cccxxlx
392 2970 524 3045 Motus
551 2975 732 3060 omnium,
762 2971 900 3071 capitis,
927 2969 1064 3058 vultus,
1081 2969 1201 3044 oculo

129 3101 222 3167 rum,
245 3081 318 3155 oris
335 3081 381 3155 ad
394 3081 632 3183 pltntpngem
650 3109 777 3184 usque,
806 3085 964 3181 cervicis,
993 3083 1125 3170 trunci,
1150 3106 1203 3155 ar-

130 3197 248 3278 tuum,
264 3195 529 3282 musculorum,
546 3197 585 3268 in
603 3220 690 3269 sano
706 3196 868 3280 homine,
891 3194 1120 3268 voluntarius
1136 3207 1201 3281 est,

132 3299 273 3391 scilicet,
290 3304 364 3377 sola
382 3304 573 3379 voluntate
589 3307 740 3380 excitari
756 3319 899 3405 potest;
921 3305 1092 3402 quamvis
1115 3327 1204 3378 non-

132 3434 321 3511 nunquam
339 3415 626 3502 cinamomum,
656 3418 770 3491 inscio
786 3426 852 3490 aut
867 3413 1017 3489 nolente
1045 3414 1204 3502 homine,

131 3523 187 3596 isti
205 3526 363 3600 musculi
380 3528 651 3603 contrahantur.

174 3659 351 3712 cccxxx.
377 3637 494 3712 Inviti
511 3651 632 3714 motus
648 3652 736 3715 sunt
752 3641 879 3727 cordis,
899 3639 1125 3728 arteriarum,
1150 3664 1205 3713 or·

131 3769 309 3843 ganorum
335 3751 612 3837 sesementium,
642 3752 756 3824 totius
781 3751 863 3824 tubi
901 3751 1160 3825 intestinorum
1185 3774 1206 3823 a

128 3856 328 3958 plnryngc
341 3860 387 3933 ad
397 3884 520 3948 anum,
533 3860 684 3960 pupillae
693 3861 803 3948 oculi,
815 3861 1045 3961 aliorumque
1061 3861 1207 3960 spiriac-

134 3976 248 4043 ierum
276 3971 458 4067 (quamvis
481 3994 570 4053 sane
592 3973 631 4046 in
658 3971 850 4072 plerosque
879 3973 1012 4048 horum
1039 3970 1208 4046 nonnihil

126 4078 275 4178 'imperii
301 4079 512 4180 habeamus)
539 4095 731 4158 meatuum
762 4087 887 4170 urinae,
924 4086 1063 4178 vesicas,
1103 4082 1207 4159 uteri.

138 4185 401 4266 bracchiorum.

640 4319 706 4382 αἱ)
