2678 4794
125 286 215 348 car.
232 286 377 344 xxvrn.
439 283 660 342 ammonam
678 279 966 343 rnnoacrrcm.
1132 270 1206 353 367

126 465 364 569 gravissimis,
379 473 418 539 et
427 464 493 563 qui
505 464 580 538 fere
592 461 810 538 insanabiles
821 462 1045 539 haberentur
1061 464 1206 554 morbis,

126 579 367 656 vehementes
383 586 421 651 et
438 577 550 651 subiti
567 575 681 650 animi
698 573 851 649 affectus
864 575 1028 650 remedio
1040 576 1204 652 firissent.

179 711 383 766 mcxxxrrr.
421 689 596 763 Leviores
621 711 710 762 vero
736 687 842 761 istius
867 689 1011 785 generis
1040 688 1205 777 affectus,

124 801 309 904 gaudium
327 800 464 875 scilicet
479 824 555 874 non
571 800 684 874 nimis
709 799 877 875 subitum
901 810 968 875 aut
995 801 1206 889 vehemens,

125 923 167 989 et
189 937 283 1012 spes,
308 921 347 985 et
362 911 533 998 hilaritas,
558 911 717 1009 optimos
744 934 889 1010 semper
914 911 1068 987 effectus
1097 937 1205 1012 praes-

127 1034 220 1112 tant,
245 1024 286 1098 in
302 1022 505 1096 reficiendis
521 1022 671 1110 viribus,
697 1023 913 1122 cunctisque
937 1024 1022 1098 ideo
1046 1025 1205 1123 corporis

126 1135 380 1214 functionibus
408 1135 478 1209 rite
503 1135 762 1234 promovendis
782 1133 1056 1235 juvandisque;
1080 1159 1204 1234 neque

121 1247 243 1323 ullam
271 1257 355 1346 post
385 1269 423 1320 se
451 1246 670 1345 relinquunt
698 1245 937 1334 debilitatem,
975 1270 1098 1347 neque
1127 1246 1206 1321 ullo

127 1360 241 1434 modo
256 1359 397 1457 corpori
408 1367 553 1433 nocent
602 1358 791 1445 Quoniam
805 1382 892 1431 vero
903 1358 1083 1432 rarissime
1093 1381 1206 1457 penes

126 1470 317 1545 medicum
333 1479 400 1557 est,
417 1468 638 1544 hilaritatem
652 1470 837 1557 moerenti,
854 1478 921 1543 aut
937 1494 1039 1570 spem
1057 1470 1205 1557 infelici,

128 1591 198 1657 aut
212 1581 389 1682 gaudium
402 1581 499 1655 tristi
515 1591 554 1656 et
569 1582 703 1656 misero
718 1582 919 1669 conciliare,
937 1591 1083 1681 oportet
1099 1583 1144 1656 ad
1162 1607 1207 1656 ea

127 1692 202 1769 niti
217 1718 303 1793 quae
317 1694 486 1793 proxima
501 1703 599 1781 sunt,
622 1694 813 1793 magisque
829 1696 868 1769 in
886 1704 1068 1793 potestate
1084 1704 1208 1769 nostra
1255 1788 1258 1793 ι

127 1808 267 1906 posita3
292 1806 519 1881 etaerumnis
535 1814 574 1880 et
590 1806 778 1881 moestitiis
795 1807 1066 1906 aegrotantium,
1091 1830 1207 1904 quan-

129 1929 215 1993 tum
230 1918 270 1992 in
287 1918 393 1992 nobis
409 1916 560 1992 facultas
576 1918 634 2005 sit,
650 1931 765 2017 opem'
777 1928 816 1992 et
833 1917 1004 1993 solatium
1022 1918 1206 2017 praebeoe3

128 2051 277 2128 eosque,
301 2029 404 2103 verbi
420 2031 548 2128 gratia,
573 2029 620 2102 de
649 2054 715 2104 sua
740 2030 857 2105 salute
879 2031 1122 2129 desperantes,
1146 2028 1208 2103 fir-

130 2165 233 2217 mare
246 2150 360 2240 atque
376 2142 524 2240 erigere,
549 2153 586 2215 et
603 2139 740 2216 hortari
769 2151 813 2215 ut
843 2144 918 2217 sint
945 2143 1043 2217 bono
1072 2142 1209 2229 animo,

129 2276 254 2352 neque
280 2264 359 2328 tam
389 2255 505 2329 tristia
535 2252 582 2326 de
611 2277 649 2327 se
677 2262 916 2352 augurentur.
976 2254 1078 2327 Rara
1106 2255 1208 2326 enim

129 2365 302 2465 exempla
316 2366 577 2464 aegrotantium
594 2365 731 2464 quibus
748 2388 821 2437 non
841 2363 990 2462 prodest
1007 2364 1071 2437 tali
1089 2388 1153 2461 spe
1169 2373 1209 2436 et

128 2476 277 2564 fiducia,
302 2487 495 2575 utcunque
519 2501 623 2563 vana,
649 2476 752 2573 erigi,
777 2485 815 2548 et
843 2475 1142 2571 magnitudinem
1170 2483 1209 2546 et

130 2588 337 2687 periculum
365 2590 484 2663 morbi
512 2612 589 2686 quo
617 2587 783 2661 laborant
812 2587 971 2671 nescire;
1009 2595 1048 2659 et
1077 2584 1209 2658 rariora

130 2699 255 2774 adhuc
269 2701 438 2800 exempla
461 2700 733 2799 aegrotantium,
758 2699 895 2798 quibus
912 2690 993 2772 non
1005 2695 1209 2796 plurimum

129 2820 242 2888 nocet
257 2812 462 2911 periculum
489 2836 600 2886 omne
628 2837 705 2910 quo
720 2821 914 2887 versantur
930 2810 1083 2884 novisse.
1136 2808 1210 2883 Ne-

128 2949 207 3024 que
222 2923 385 3023 prosecto
400 2934 466 2998 aut
482 2922 637 2998 dubium
664 2933 730 2999 aut
759 2948 883 2998 rarum
900 2931 965 3010 est,
991 2931 1211 3021 aegrotantes

129 3061 181 3111 ex
192 3036 302 3109 variis
318 3045 358 3108 et
369 3035 592 3134 gravissimis
604 3033 803 3134 aliquando
813 3036 949 3109 morbis
962 3033 1212 3109 convalescere

130 3147 197 3222 tali
214 3148 431 3246 ignorantia,
455 3159 493 3222 et
511 3172 585 3246 spe,
611 3158 650 3221 et
665 3147 822 3233 fiducia3
848 3146 959 3220 nullis
988 3145 1124 3220 scilicet
1149 3144 1212 3218 ad·

129 3259 270 3346 bibitis,
286 3258 397 3333 nullis
411 3259 540 3334 saltem
552 3261 773 3358 juvantibus
790 3257 1068 3334 medicamentis
1085 3255 1211 3330 aliisve

129 3370 325 3445 remediis:
352 3395 475 3469 neque
492 3396 578 3445 sane
594 3372 664 3445 alia
681 3373 774 3447 ratio
799 3383 854 3446 est
879 3369 1081 3445 multarum
1113 3389 1213 3440 sana·
1247 3383 1248 3387 ’

130 3481 278 3557 tionum
309 3507 396 3580 quae
424 3481 540 3580 vulgo
565 3481 727 3557 multum
753 3483 952 3583 jactantur,
977 3489 1016 3553 et
1044 3479 1119 3553 fere
1146 3502 1213 3578 pro

130 3592 318 3668 miraculis
335 3592 529 3681 habentur,
554 3604 592 3669 et
609 3594 780 3668 remediis
796 3593 1019 3693 quibusdam
1044 3593 1213 3668 tribuun-

133 3711 196 3778 tur
213 3706 360 3779 aecretis
376 3716 490 3804 atque
506 3706 665 3804 ignotis;
690 3705 771 3780 haec
792 3717 914 3781 autem
934 3706 1213 3803 quamprimum

133 3813 364 3915 detegrurtur
375 3818 546 3916 pristinas
558 3817 792 3892 excellentias
809 3817 908 3891 haud
927 3842 1006 3891 raro
1022 3818 1213 3902 amittunt,

116 3942 119 3947 ·
134 3935 173 4000 et
189 3951 285 4027 saepe
300 3928 458 4016 inutilia,
483 3929 673 4004 interdum
691 3929 803 4002 etiam
830 3929 999 4002 nocentia
1028 3929 1213 4027 reperiun-

136 4045 219 4127 tur;
244 4041 298 4114 ita
314 4050 359 4114 ut
375 4041 530 4117 minime
546 4039 718 4116 credibile
735 4041 784 4116 sit
800 4064 842 4116 ea
859 4064 1026 4140 unquam
1036 4050 1215 4138 aegrotan-
