2678 4794
180 366 252 435 438
549 371 802 427 cousrucrus
1023 367 1114 421 car.
1133 368 1277 424 xxxn.

183 554 356 639 relaxare,
381 551 441 625 vel
457 549 608 623 demum
642 549 787 623 urinam
804 545 864 619 vel
893 543 1065 617 sudorem
1098 569 1276 631 movere;

184 691 271 766 quae
288 665 421 750 omnia,
445 662 714 735 medicamenta
730 682 816 758 quae
832 657 1009 731 dicuntur
1024 661 1275 744 attenuantur,

185 780 387 880 prudenter
402 774 577 860 adbibita,
602 773 746 846 efficere
762 781 925 869 possunt

237 913 356 968 nicee.
384 888 571 976 Quoniam
598 885 731 959 medici
761 884 851 957 olim
879 893 1024 956 tantum
1057 880 1273 955 tribuerunt

188 1004 307 1088 variis
324 1012 363 1076 et
380 1023 476 1101 saepe
487 1023 616 1097 parum
631 995 826 1070 intellectis
840 995 1036 1071 humorum
1048 995 1271 1080 acrimoniis,

186 1113 465 1190 meditamentis
489 1109 713 1210 quibusdam
742 1108 902 1183 multum
933 1107 990 1181 usi
1020 1120 1121 1193 sunt,
1148 1106 1271 1204 qualis

188 1228 320 1301 idonea
347 1223 538 1323 crederent
566 1222 612 1296 ad
643 1221 906 1319 corrigendam,
944 1217 1004 1292 vel
1030 1221 1269 1293 minuendam

189 1338 315 1412 saltem
328 1361 480 1412 onmem
497 1335 573 1409 fere
589 1335 834 1419 acrimoniam,
851 1345 1047 1432 partesque
1059 1345 1268 1407 nostrorum

189 1475 383 1551 corporum
402 1450 533 1523 solidas
549 1446 828 1522 defendendasa
843 1446 879 1518 vi
896 1456 934 1518 et
951 1468 1051 1519 noxa
1068 1442 1269 1518 humorum

188 1576 321 1662 praeter
346 1574 516 1638 naturam
542 1562 690 1634 acrium.
743 1555 974 1654 Hujusmodi
1003 1556 1271 1630 medicamenta

190 1700 326 1752 nomeu
338 1671 637 1750 Demulcentt'unt
654 1670 800 1745 sibimet
817 1680 923 1741 nacta
940 1682 1051 1742 sunt:
1076 1668 1202 1767 deque
1219 1667 1271 1741 bis

190 1787 462 1864 observandum
475 1796 541 1870 est,
559 1793 750 1877 utcunque
764 1781 889 1853 futiles
905 1780 1045 1861 fuerint
1058 1782 1190 1855 multae
1201 1803 1271 1854 me-

190 1903 359 1975 dicorum
376 1899 566 1995 opiniones
583 1893 630 1967 de
646 1891 823 1966 morbosis
835 1893 1041 1967 acrimoniis
1057 1917 1152 1991 quas
1169 1903 1271 1992 puta·

190 2011 281 2084 bant
299 2007 516 2081 humoribus
528 2006 660 2079 nostris
671 2005 805 2089 inesse,
822 2027 864 2079 ee
877 2003 1067 2081 interdum
1080 2005 1271 2080 utilissima

190 2119 280 2195 fieri.
332 2118 494 2217 Minime
511 2118 612 2191 enim
629 2117 755 2214 negari
771 2127 905 2214 potest,
925 2117 1098 2191 humores
1115 2118 1272 2216 eorporis

190 2231 357 2316 humani,
382 2240 514 2305 natura
530 2229 762 2329 aliquantum
779 2253 877 2303 acres
895 2230 1085 2328 (uxxxu),
1103 2231 1213 2305 variis
1227 2229 1272 2302 de

191 2345 309 2420 causis
341 2343 530 2418 interdum
565 2343 738 2440 majorem
772 2354 885 2440 atque
916 2344 1086 2418 nocivam
1121 2341 1270 2442 adipisci

195 2458 443 2544 acrimoniam,
466 2467 515 2543 et,
540 2456 643 2555 quod
658 2454 789 2533 mdem
807 2453 882 2528 fere
897 2454 1005 2542 redit,
1022 2456 1141 2531 varias
1156 2467 1272 2555 partes

192 2594 260 2672 per
289 2594 378 2668 quas
403 2593 500 2643 acres
525 2566 699 2643 humores
727 2568 881 2647 transire
910 2567 1059 2655 debent,
1085 2569 1271 2643 interdum

193 2682 289 2756 male
305 2707 343 2755 se
360 2681 503 2768 habere,
528 2690 567 2754 et
585 2679 644 2753 vel
660 2704 728 2755 suo
747 2702 868 2766 muco,
893 2681 960 2778 qui
976 2704 1037 2754 eas
1053 2681 1272 2766 defenderet,

192 2794 339 2893 privari,
364 2792 423 2866 vel
442 2791 542 2871 bunc
559 2793 689 2873 saltem
706 2793 757 2869 ita
774 2791 895 2872 vitiari
920 2803 965 2869 ut
994 2815 1064 2891 pro
1092 2793 1272 2870 tutamine

193 2927 270 2978 uon
287 2903 447 3002 amplius
464 2902 632 2983 sufficiat.

244 3036 383 3090 Mcccr.
410 3015 458 3089 In
475 3016 545 3090 boc
560 3017 677 3113 igitur
693 3024 791 3093 statu
809 3019 1044 3118 perspicuum
1063 3029 1126 3108 est,
1146 3040 1273 3094 omnes

192 3137 304 3229 potus
322 3136 452 3200 tenues
469 3140 508 3202 et
524 3126 687 3215 blandos,
703 3131 896 3229 variasque
912 3157 968 3209 res
985 3131 1124 3211 oleosas
1139 3142 1177 3206 et
1191 3155 1272 3207 mu·

193 3264 304 3327 cosas,
341 3263 451 3338 opem
482 3262 558 3313 esse
585 3238 712 3317 latura.
774 3242 908 3322 Omnis
941 3247 1043 3319 enirn
1081 3245 1274 3321 acrimonia

193 3353 360 3429 multum
377 3351 506 3437 diluta,
523 3350 688 3439 debilior,
705 3363 744 3430 et
760 3356 910 3430 tandem
929 3357 1026 3432 iners
1042 3361 1199 3433 omniuo
1212 3357 1271 3441 fit;

193 3475 233 3538 et
259 3464 443 3538 acerrimae
467 3485 535 3549 res,
559 3461 726 3539 admistis
756 3465 1016 3557 blandioribus,
1041 3471 1163 3547 veluti
1190 3469 1272 3545 oleis

192 3573 359 3661 mitibus,
384 3583 451 3648 aut
467 3575 577 3649 variis
601 3579 760 3674 gummi,
785 3579 838 3659 ita
859 3581 1072 3670 mitescunt,
1098 3594 1144 3658 ut
1160 3583 1271 3684 pristi·

195 3709 282 3763 uam
309 3708 415 3759 suam
432 3696 603 3766 naturam
620 3688 695 3764 fere
713 3689 922 3790 deposuisse
938 3693 1160 3769 videantur:
1185 3695 1271 3794 quin

193 3808 233 3873 et
249 3796 388 3872 eaedern
408 3823 565 3876 mucosae
580 3812 645 3875 aut
661 3801 791 3876 oleosae
807 3827 875 3891 res,
901 3816 1022 3903 partes
1039 3819 1182 3884 nostras
1197 3805 1272 3881 soli·

193 3913 258 3986 das
275 3909 485 4000 oblinendo,
503 3936 562 3987 eas
578 3938 600 3987 a
617 3915 757 3989 viribn's
772 3917 953 3992 acriorum
971 3919 1138 3996 multum
1156 3919 1271 3994 defen·
1326 4002 1329 4009 ⁵

192 4025 293 4098 dent
344 4021 399 4098 Et
415 4025 579 4122 profecto
595 4024 839 4103 dentulcealt'a
855 4030 1039 4128 Querella
1066 4032 1116 4109 de
1145 4033 1273 4133 quibus

192 4136 252 4211 hic
267 4135 402 4234 agitur,
432 4135 527 4210 nihil
542 4137 645 4213 aliud
669 4149 758 4214 sunt
786 4165 901 4239 quem
918 4142 1111 4234 diluentis,
1141 4160 1180 4223 et
1197 4168 1271 4221 mu·

191 4272 285 4345 coss,
321 4255 361 4331 et
389 4246 509 4333 oleosa
536 4249 816 4359 medementa.
850 4278 1012 4360 quorum
1040 4258 1162 4363 igitur
1188 4278 1270 4343 usus
