2678 4794
138 328 161 395 8
557 333 807 395 commotos
1080 336 1166 392 cnr.
1184 337 1211 390 r.

139 517 320 594 fidentem
336 520 460 620 potius
482 515 673 604 invadunt,
703 540 804 593 nnnc
820 515 893 589 cita
907 520 1027 588 morte
1055 515 1216 613 rapiunt,

139 655 242 708 nunc
258 633 356 708 lenta
371 630 454 704 tabe
469 639 713 704 consumunt:
739 629 832 703 dum
849 626 910 701 alii
926 625 1082 699 labentis
1098 632 1218 705 aetstis

141 748 310 822 semitam
328 742 442 840 magis
457 741 636 830 obsident,
654 768 728 842 quo
744 764 892 840 corpusp
912 737 1043 824 debile,
1061 737 1217 816 exhaus-

140 866 240 946 tum,
264 852 388 954 praelio
414 842 541 953 impar,
565 855 708 930 facilius
734 855 966 954 opprimant·
985 848 1058 938 vel,
1083 851 1113 923 si
1139 874 1217 926 non

141 971 262 1046 statim
279 967 531 1065 oppresserint,
560 967 671 1069 longo
687 965 898 1041 valetudine
928 971 1125 1050 macerent,
1151 964 1216 1037 do-

139 1105 206 1155 nec
233 1075 383 1151 tandem
411 1077 489 1152 vita
516 1090 665 1179 prorsus
692 1083 796 1180 inops
823 1088 862 1153 et
890 1075 1095 1155 miseranda
1127 1099 1216 1151 curn

139 1188 298 1290 optando
313 1199 433 1263 morte
450 1204 711 1268 commutetur.
1163 1184 1166 1189 ¹

184 1316 303 1377 xxm.
330 1301 405 1379 Tot
441 1316 594 1405 tamque
631 1309 815 1382 variorum
845 1303 1091 1404 graviumque
1119 1326 1216 1375 mor·

136 1414 267 1489 borum
285 1414 434 1490 multas.
451 1431 597 1516 oportet
623 1443 700 1496 esse
716 1444 860 1503 musam
891 1439 1050 1515 quarum
1075 1424 1216 1490 naturae

134 1535 173 1599 et
188 1526 284 1601 sedis
299 1538 339 1602 et
354 1526 569 1616 effectuum,
585 1542 623 1604 et
639 1532 742 1605 modi
767 1556 843 1628 quo
859 1552 989 1626 corpus
1007 1527 1215 1602 humanum

134 1636 307 1729 afficiant,
337 1642 498 1731 scientia,
532 1641 750 1740 Pathologio
777 1650 938 1715 vocatur.
1006 1639 1101 1713 Haec
1127 1663 1216 1713 vero

133 1760 191 1828 est
207 1752 269 1828 vel
296 1757 475 1855 generalis
492 1754 550 1829 vel
579 1753 760 1853 specialis;
795 1776 954 1851 quarum
983 1752 1112 1849 prioris
1135 1761 1214 1824 ton·
1292 1839 1295 1847 Ι

134 1873 221 1941 tum
238 1868 299 1943 hic
314 1870 513 1945 traduntur
528 1866 718 1965 principio.

184 2001 302 2054 xxm.
321 1979 477 2053 Morbus
492 1977 605 2065 adest,
625 2002 744 2077 quum
762 2001 893 2079 corpus
911 1986 1059 2050 tantum
1076 1984 1214 2051 ostatu

133 2108 223 2161 sono
249 2089 453 2177 deflexerit,
485 2099 528 2163 ut
553 2090 668 2165 solitae
692 2090 852 2163 actiones
877 2087 936 2161 vel
973 2112 1120 2187 prorsus
1145 2089 1215 2162 im·

132 2199 331 2296 pediontur
356 2199 415 2275 vel
451 2228 549 2301 aegre
586 2214 653 2278 aut
689 2227 776 2277 cum
814 2201 938 2274 dolore
967 2201 1212 2299 perficiantur.

133 2309 244 2388 Tunc
273 2313 409 2389 dicitur
437 2314 552 2390 homo
578 2316 1032 2415 aegrotare.-Uniouique
1056 2316 1216 2413 corporis

131 2424 238 2522 porti,
264 2433 340 2498 tom
357 2425 484 2501 fluidae
501 2453 614 2527 quam
633 2429 767 2515 solidae,
793 2430 996 2526 unicuique
1020 2427 1214 2515 functioni,

131 2557 199 2609 sua
225 2538 387 2637 occidere
412 2554 567 2640 possunt
596 2542 696 2617 vitia.
753 2542 848 2616 Haec
872 2565 959 2614 vcro
985 2539 1044 2614 rel
1069 2538 1215 2637 singula

130 2661 330 2728 occurrunt
345 2652 406 2727 vel
423 2655 529 2751 plura
546 2654 657 2729 simul
676 2655 818 2751 juncta.
870 2653 975 2724 Hinc
991 2651 1110 2722 morbi
1128 2653 1213 2722 sim-

130 2758 242 2859 plices
259 2764 319 2837 vel
336 2766 542 2863 compositi.

109 2920 115 2933 -
160 2895 269 2975 ¹tnrv.
310 2875 577 2973 simplicissimi
615 2874 832 2973 exemplum
859 2873 938 2958 erit,
977 2872 1006 2943 si
1035 2872 1213 2969 quaelibet

129 2985 289 3085 corporis
324 2997 445 3085 partes
469 2995 599 3086 ruptae,
630 2985 690 3059 vel
714 2985 837 3085 quivis
866 2982 937 3056 olio
966 2984 1078 3056 modo
1104 2982 1211 3076 laesae,

129 3097 284 3196 propriis
300 3099 517 3176 muneribus
534 3100 659 3173 minus
676 3098 819 3171 idoneae
836 3094 939 3168 factae
956 3095 1113 3172 fuerint:
1143 3113 1210 3175 aut

129 3209 172 3294 si,
197 3207 296 3284 calm
318 3211 473 3283 omnino
498 3209 727 3311 singularum
751 3210 912 3308 partium
940 3208 1085 3299 fabrica,
1111 3212 1210 3311 ipsso,

128 3319 207 3395 sive
233 3320 358 3397 solidae
386 3322 463 3398 sive
491 3324 629 3412 fluidae,
658 3349 680 3396 a
708 3333 805 3397 statu
836 3346 924 3397 sano
941 3321 1208 3400 oberraverint:

128 3429 248 3507 veluti
264 3434 305 3522 si,
332 3437 490 3537 propriis
505 3438 645 3512 amissis
662 3435 722 3511 vel
739 3436 919 3534 corruptis
935 3436 1094 3523 dotibus,
1124 3436 1210 3511 alias

128 3551 168 3617 et
191 3543 342 3621 sortasse
366 3550 495 3624 noxios
519 3549 589 3625 sibi
614 3549 757 3650 odeptae
784 3549 882 3627 sint:
907 3548 968 3623 vel
992 3549 1154 3646 denique
1179 3549 1210 3622 si

126 3654 222 3731 vires
239 3670 442 3750 moventes,
471 3673 537 3738 aut
554 3662 690 3751 nimiae,
712 3671 778 3738 out
793 3663 904 3736 nimis
921 3686 1044 3761 parvae
1059 3660 1208 3747 fuerint,

124 3776 193 3865 out
207 3781 334 3846 contra
350 3785 492 3849 naturae
508 3799 677 3852 normam
695 3776 852 3850 direotae.

177 3902 294 3961 xxv1.
321 3885 554 3987 Hujusmodi
579 3915 667 3964 vero
691 3890 839 3964 morbos
863 3888 1043 3961 rarissime
1072 3893 1208 3983 specta·

125 4013 222 4083 mus,
239 3995 315 4070 fere
332 3998 406 4072 sola
422 4003 559 4076 mentis
576 4004 653 4085 acie
669 4002 910 4100 attingimus3
935 3999 1075 4098 quippe
1099 3997 1193 4070 nimi

124 4127 209 4181 rum
247 4108 507 4210 simplicissimi
546 4115 670 4202 etiam,
705 4108 794 4186 alios
830 4112 907 4185 sive
935 4111 1091 4199 morbos,
1129 4111 1207 4184 sive

122 4219 337 4299 morborum
354 4222 491 4300 indicia
523 4248 588 4301 seu
605 4232 852 4326 symptomata
879 4224 1049 4325 gignant,
1083 4223 1207 4299 ethis
