2678 4794
527 270 777 333 cosarrrcrus
811 246 814 251 ’
1008 269 1094 324 ω’.
1112 266 1195 320 xrs,

194 1053 287 1128 Cur.
304 1049 531 1127 XIV.-De
546 1046 749 1232 sattguirgis
764 1055 863 1123 motu
879 1044 1058 1122 consitioni
1074 1054 1108 1120 et

559 1168 701 1236 natura
717 1158 742 1234 i.

123 1910 281 1965 ccccm.
308 1838 565 1959 Puoxnuurr
591 1883 763 1984 peculiari
793 1884 907 1982 ipsius
932 1882 1067 1956 cerebri
1092 1881 1194 1956 func·

125 2000 229 2084 tioni,
254 2008 292 2070 et
320 1996 494 2094 profecto,
519 1996 558 2069 in
581 1996 730 2070 homine
755 1994 1008 2091 similibusque
1033 1992 1195 2068 animali·

123 2111 204 2196 bus,
230 2109 294 2181 vix
313 2107 517 2181 secuudum
546 2106 684 2197 locum,
709 2107 902 2206 occupavit
918 2105 1107 2204 sanguinis
1131 2107 1196 2178 cir·

124 2222 269 2309 cuitus;
294 2218 430 2296 scilicet
445 2241 581 2319 organa
604 2245 689 2318 quae
716 2220 932 2318 sanguinem
950 2229 1102 2291 movent
1119 2225 1199 2291 tan·

124 2343 207 2411 tum
225 2356 308 2409 cum
327 2330 474 2406 cerebro
496 2333 757 2406 commercium
785 2330 930 2415 babent,
956 2340 995 2403 et
1010 2329 1198 2428 sanguinis

125 2456 259 2531 motus,
275 2444 321 2518 ad
335 2443 585 2531 excitandum,
603 2445 751 2542 suisque
765 2442 978 2516 muneribus
995 2441 1199 2539 aptandum

125 2558 326 2643 cerebrum,
343 2556 435 2630 adeo
445 2558 663 2631 necessarius
676 2567 741 2644 est,
759 2566 803 2631 ut
816 2555 978 2629 haebinae
992 2553 1200 2629 functiones

127 2669 331 2743 subsidium
349 2668 467 2743 ferant
479 2679 516 2742 et
533 2679 661 2767 petant
671 2669 841 2754 vicissim,
859 2691 980 2767 neque
995 2666 1106 2740 altera
1124 2666 1202 2742 sine

125 2780 275 2853 alterius
291 2804 361 2876 ope
377 2778 500 2875 perfici
518 2789 639 2877 queat.

175 2912 349 2964 ccccxu.
381 2891 606 2986 Sanguinem
637 2912 703 2985 per
735 2898 858 2963 totum
888 2913 1019 2988 corpus
1048 2891 1201 2980 moveri,

126 3003 234 3075 docet
250 3000 391 3097 iugens,
416 2998 475 3070 vel
493 2997 635 3072 lethalis
652 3022 932 3099 nonnunquam,
958 3001 1036 3101 ejus
1047 3001 1202 3100 jactura,

126 3137 149 3184 a
165 3135 279 3210 parvo
294 3109 447 3185 vulnere
464 3109 503 3183 in
521 3111 643 3209 quivis
659 3112 816 3210 corporis
833 3127 943 3211 parte.

176 3246 369 3299 ccccxru.
396 3223 534 3297 Cursus
556 3224 744 3323 sauguinis
760 3225 798 3299 in
816 3226 945 3300 adulto
962 3227 1112 3301 homine
1138 3227 1205 3303 hac

126 3337 267 3410 ratione
300 3336 509 3411 absolvitur.
574 3336 731 3435 Sanguis
763 3338 810 3411 ab
838 3340 1010 3414 omnibus
1043 3340 1204 3439 corporis

126 3449 292 3546 partibus
308 3449 437 3536 redux,
453 3450 492 3522 in
510 3448 632 3524 sinum
647 3473 820 3526 venusam
837 3466 874 3526 et
887 3450 1097 3526 auriculum
1114 3453 1203 3527 dex·

127 3571 222 3634 tram
239 3560 356 3634 cordis
381 3561 530 3649 transit3
557 3561 650 3636 bano
676 3562 864 3650 distendit,
890 3563 1066 3651 stimulat,
1092 3576 1132 3640 et
1158 3564 1205 3639 ad

126 3673 411 3747 contractionem
435 3673 529 3748 ciet:
556 3673 732 3750 auricula
749 3700 787 3749 se
804 3663 1032 3766 contlihens,
1058 3678 1206 3779 sangui·

125 3808 213 3858 nem
230 3783 434 3861 ventriculo
450 3786 583 3861 dextro
600 3787 732 3862 tradit:
769 3787 828 3862 hic
846 3813 943 3875 vero,
969 3790 1047 3888 pari
1064 3792 1207 3864 ratione

125 3897 309 3971 distentus
325 3908 363 3970 ct
380 3898 552 3985 irritatus,
578 3924 616 3973 se
632 3898 827 3986 contrabit,
853 3902 1150 4001 sanguinemque
1166 3902 1204 3977 in

123 4009 293 4083 arteriam
300 4007 551 4109 pulmonalem
560 4011 728 4110 impellit,
743 4011 848 4109 cujus
860 4013 970 4086 ramis
983 4039 1050 4114 per
1060 4028 1207 4089 utrum·

124 4145 201 4219 que
216 4121 431 4220 pulmonem
451 4122 588 4198 transit.
638 4124 705 4200 Ab
722 4148 765 4196 eo
789 4124 979 4201 reducitur
995 4128 1099 4204 venis
1117 4126 1206 4229 pal·
