2678 4794
131 345 179 419 'to
535 353 787 411 consancrus
1014 355 1207 413 canna.

129 534 381 619 ossiculomm,
418 539 484 606 aut
515 530 820 617 membranamm,
858 538 924 604 aut
957 532 1208 609 musculorum

128 646 292 746 aliquem
308 641 508 740 labyrinthi
523 642 649 740 ipsius,
666 642 906 729 concretione,
925 666 1081 742 spasnw,
1106 669 1210 741 para·

129 757 212 858 lysi,
238 770 392 856 torpore,
420 753 625 844 affectum
665 763 703 827 et
737 753 898 852 denique
926 763 1076 853 propter
1094 756 1211 853 ‚varia

128 870 265 951 cerebri
282 889 528 941 nervorumve
539 866 640 953 vitia,
665 866 763 939 salva
779 867 933 960 omnino
948 865 1064 964 ipsius
1078 866 1219 965 organi·

128 972 271 1057 fabrica.
321 978 426 1055 Hinc
439 1002 534 1077 saepe
546 979 696 1053 morbus
707 976 856 1053 nervosi
866 977 1023 1076 generis
1039 975 1210 1067 ariditas,

128 1091 251 1167 subito
266 1089 443 1165 invadens
472 1102 511 1165 et
537 1101 668 1189 sponte
695 1089 884 1163 decddens.
935 1089 1039 1163 Hinc
1054 1076 1209 1186 quoque

127 1201 273 1277 senibus
289 1191 485 1290 familiaris,
503 1202 639 1302 quibus
652 1225 779 1275 omnes
795 1212 915 1299 partes
933 1200 1057 1276 solidae
1073 1199 1209 1298 rigent,

126 1335 254 1387 omnes
270 1337 433 1391 nervosae
448 1316 572 1390 minus
589 1315 764 1390 sentiunt.

176 1447 329 1503 ccxxx.
356 1427 476 1503 Febre
492 1426 708 1512 laborantes,
733 1424 797 1498 illo
820 1423 1001 1522 imprimis
1018 1423 1128 1498 febris
1143 1448 1208 1524 ge-

125 1561 223 1625 nere,
248 1536 351 1636 quod
375 1537 542 1611 debilitas
567 1537 720 1635 insignis
745 1546 782 1609 et
807 1546 936 1636 stupor
960 1537 1126 1611 comitari
1151 1562 1207 1611 so-

126 1648 217 1737 lent,
234 1673 330 1748 saepe
347 1649 447 1724 surdi
463 1648 585 1723 fiunt:
611 1650 713 1748 quod
729 1648 878 1722 forsitan
895 1647 1103 1746 aliquando,
1120 1672 1209 1724 cum

126 1761 206 1837 aliis
223 1763 336 1862 signis
353 1763 489 1838 cerebri
501 1761 609 1835 valde
625 1760 797 1860 oppressi,
811 1760 1022 1858 viriumque
1038 1761 1127 1858 aegri
1143 1783 1209 1833 ex·

127 1872 342 1950 hausturum
360 1873 544 1959 accedens,
568 1873 709 1946 malum
732 1873 882 1970 signum
907 1872 986 1946 erit.
1037 1871 1208 1946 Plerum-

125 2007 202 2084 que
218 2008 305 2059 vero
322 1985 455 2083 optimi
472 1984 605 2059 ominis
622 1993 689 2072 est,
705 1984 875 2083 quamvis
891 1984 1003 2059 etiam
1021 2009 1128 2083 sopor
1143 1983 1208 2058 ali-

125 2096 210 2195 quis
227 2095 434 2169 comitetur.
485 2096 614 2194 Hujus
640 2096 694 2170 rei
718 2096 811 2169 ratio
837 2096 922 2169 satis
947 2095 1118 2182 obscura;
1144 2120 1208 2171 ne·

125 2230 201 2308 que
216 2206 285 2281 alia
301 2206 462 2296 fortasse,
487 2232 601 2308 quam
618 2208 721 2307 quod
739 2207 820 2282 talis
837 2207 993 2282 surditas
1009 2207 1170 2306 pendeat
1186 2234 1207 2282 a

126 2326 224 2392 statu
241 2319 379 2394 cerebri
394 2319 565 2395 morbido
581 2331 689 2412 certe,
715 2321 778 2395 sed
801 2345 867 2395 sua
882 2333 1012 2395 natura
1030 2320 1095 2393 vix
1112 2322 1206 2419 peri-

125 2430 272 2518 culoso:
297 2455 384 2508 cum
401 2434 543 2508 acutior
553 2433 658 2531 justo
674 2434 824 2508 auditus
839 2432 884 2505 fit
899 2445 1049 2532 propter
1064 2431 1207 2530 aliquid

123 2543 425 2621 inflammationis
442 2547 590 2624 cerebro
606 2545 826 2645 obrepentis,
842 2569 927 2642 quae
944 2568 1086 2643 semper
1099 2544 1207 2618 valde

124 2656 325 2755 periculosa
340 2667 405 2731 est.

174 2762 340 2841 cchxr.
368 2768 606 2865 Depravatur
622 2763 957 2865 saepeauditushac
970 2766 1206 2862 potissimum

125 2877 276 2962 ratione,
312 2885 358 2948 ut
382 2878 473 2963 soni,
498 2878 617 2950 veluti
642 2876 823 2974 tympani,
858 2899 1053 2973 campanae,
1081 2871 1207 2974 laps'ds

123 3009 314 3082 aquarum,
340 2984 548 3071 audiantur,
573 3009 657 3059 cum
683 2984 807 3059 nullus
823 2986 862 3058 in
879 2996 960 3060 aere
976 2998 1113 3060 tremor
1138 3002 1205 3079 est,
1244 3062 1249 3069 .

123 3117 248 3195 neque
278 3118 386 3169 sanus
415 3095 527 3170 homo
552 3096 757 3195 quidquam
784 3097 899 3172 audit.
950 3097 1037 3173 Hoc
1063 3101 1204 3177 malum

124 3209 284 3285 tinnitus
312 3208 459 3283 aurium
475 3218 640 3297 vocatur,
664 3207 770 3306 cujus
796 3210 896 3282 varia
924 3235 1059 3308 genera
1084 3213 1205 3287 obser·

123 3330 210 3393 vata
225 3330 323 3396 sunt.
375 3321 480 3396 Leve
496 3320 717 3420 plerumque
733 3332 772 3396 et
788 3323 905 3421 fugax
921 3325 1061 3398 malum
1078 3355 1086 3398 :
1112 3350 1203 3399 non-

122 3453 316 3529 nunquam
330 3456 418 3505 vero
435 3433 615 3530 pertinax,
633 3433 866 3522 diuturnum,
891 3435 1204 3527 molestissimum,

123 3541 189 3616 diu
206 3551 396 3641 noctuque
411 3554 533 3619 vexat.

173 3677 359 3731 ccxxxn.
386 3656 574 3731 Tinniunt
589 3682 685 3756 saepe
701 3682 806 3732 aures
832 3684 854 3731 a
878 3657 1059 3732 levissima
1085 3685 1202 3748 causa,

121 3776 287 3841 meatum
304 3768 428 3865 ipsum
448 3768 507 3843 vel
532 3769 661 3845 tubam
679 3770 979 3846 Eustoclrionaor
1008 3797 1075 3869 pro
1099 3784 1204 3871 parte

122 3877 346 3966 obstruente,
370 3880 423 3954 ita
449 3889 494 3954 ut
522 3880 768 3980 imperfectus,
793 3883 1021 3983 interruptus
1037 3886 1108 3957 ac'ri
1126 3888 1203 3960 adi-

121 4000 185 4070 tus
200 3990 442 4078 concedatur3
467 4015 544 4090 quo
560 3992 605 4066 fit
618 4005 662 4067 ut
675 3994 734 4068 bic
750 3995 1001 4069 membranam
1020 3999 1203 4095 tympani,

122 4101 182 4181 rel
197 4101 346 4179 fortasse
369 4114 490 4203 partes
515 4106 715 4194 interiores,
740 4107 978 4208 inaequaliter,
1002 4117 1040 4182 et
1056 4108 1201 4207 impetu
