2678 4794
218 288 291 360 400
594 300 845 359 consorores
1090 297 1183 355 ese.
1200 298 1302 360 xxx.

217 479 282 554 sed
298 476 440 579 reliquo
456 479 566 555 etiam
583 477 735 576 oorpori.
783 473 1016 574 Hujusmodi
1026 476 1300 557 verostimulm

218 592 403 690 (quamvis
418 592 492 666 suis
519 589 709 664 interdum
726 589 854 664 usibus
869 611 944 662 non
968 596 1101 687 eareat)
1127 611 1209 664 non
1225 616 1300 667 ver·

217 703 274 777 bis
289 726 382 803 opus
406 714 462 777 est
488 712 533 777 ut
558 703 672 799 probe
698 710 842 776 constet
869 724 984 798 quam
1011 726 1145 799 parum
1163 700 1319 779 tsooom·¹

217 817 388 891 modatus
413 816 460 888 sit
484 814 674 888 communi
700 814 929 888 medioorum
967 813 1061 887 usui.
1131 815 1240 903 Quin
1263 827 1298 891 et

217 925 313 1002 eolor
327 926 449 1001 multo
463 925 589 1013 lenior,
617 925 737 1024 qualis
752 947 835 1000 non-
846 925 958 999 modo
975 924 1053 999 sine
1069 925 1208 1015 dolore,
1236 927 1296 1002 sed

217 1039 295 1112 sine
319 1062 454 1137 magns
479 1037 647 1112 molestia
674 1034 819 1111 tolerari
851 1038 975 1136 possit,
1000 1036 1061 1110 vel
1086 1038 1157 1135 qui
1180 1038 1295 1114 forsan

216 1149 357 1224 multus
384 1151 531 1249 aegmtis
550 1149 741 1249 jucundus
767 1150 872 1236 foret,
896 1150 1022 1248 grevia
1045 1151 1223 1249 quaednm
1247 1153 1295 1225 in·

214 1262 409 1336 oommods
424 1263 462 1335 in
482 1261 659 1349 sehabet,
682 1286 806 1360 neque
827 1263 911 1336 ideo
928 1285 1073 1361 semper
1090 1287 1160 1362 pro
1175 1264 1294 1338 stimu-

214 1371 314 1448 lante
328 1374 494 1448 remedio
519 1375 684 1449 adhiberi
713 1374 842 1459 debet3
867 1373 1047 1471 imprimis
1072 1375 1164 1473 quia
1187 1399 1235 1450 ex
1248 1374 1293 1451 el·

215 1484 371 1560 lectibus
396 1487 471 1562 suis
495 1488 535 1561 in
560 1488 733 1563 universo
751 1509 894 1586 genere
913 1509 1069 1567 nervoso
1090 1488 1293 1587 generalem

215 1597 458 1672 mobilitatem
484 1599 568 1699 plus
592 1623 699 1698 aequo
723 1608 858 1697 auget:
891 1607 974 1672 tum
1004 1598 1093 1696 quia
1116 1599 1295 1699 impeturn

110 1726 119 1745 ‘
215 1709 405 1810 sanguinis
432 1710 543 1785 nimis
567 1709 740 1797 intendit,
765 1708 866 1807 quod
884 1733 979 1808 saepe
994 1709 1104 1784 valde
1125 1710 1293 1810 periculo

216 1848 299 1898 sum
316 1823 407 1908 erit;
434 1833 517 1898 tum
535 1846 643 1920 pono
659 1821 748 1919 quie
764 1830 901 1908 cutem,
927 1830 966 1895 et
982 1845 1067 1896 mne
1084 1832 1215 1899 totum
1230 1847 1295 1899 eor·

216 1958 286 2030 pus
303 1933 467 2006 multum
483 1931 584 2005 laxat
609 1942 648 2005 et
670 1932 792 2020 solvit,
816 1942 855 2006 et
880 1934 932 2007 sio
955 1933 1189 2012 debilitando
1211 1958 1296 2036 πρε

215 2043 298 2140 plus
314 2052 424 2116 nocet
440 2066 554 2142 quam
571 2043 797 2120 stimulando
809 2069 1042 2145 compensare
1057 2048 1199 2146 possit;
1221 2059 1294 2124 tum

108 2214 110 2218 ,
213 2152 377 2252 denique
392 2155 481 2253 quia
497 2155 688 2254 putredini
704 2156 906 2232 humorum
922 2156 1089 2234 multum
1100 2158 1214 2251 favet,
1230 2182 1294 2262 qut

216 2264 311 2340 nihil
328 2266 404 2340 fere
420 2268 548 2341 existit
564 2269 706 2368 corpori
723 2271 970 2368 pemiciosius.

266 2402 403 2454 mcc1v.
441 2381 620 2455 Proxime
646 2390 730 2481 post
755 2381 912 2457 calorem
936 2381 1054 2482 frigus
1089 2407 1294 2461 enumerare

216 2503 372 2591 oportet,
398 2493 535 2569 scilieet
552 2495 672 2594 quod,
706 2494 912 2570 seeundum
936 2495 1117 2571 rationem
1143 2522 1219 2597 qus
1240 2495 1292 2570 sd·

216 2604 376 2694 hibetur,
413 2608 556 2705 oorpori
580 2607 769 2684 interdum
795 2608 1019 2683 validissimo
1056 2610 1211 2686 stimulo
1234 2618 1292 2694 at,

216 2719 385 2814 quamvis
411 2718 516 2794 aliter
544 2719 755 2795 adhibitum
784 2719 1076 2795 efficacissimum
1093 2721 1224 2797 sedans
1245 2744 1293 2795 re·

215 2827 385 2903 medium
401 2830 478 2917 fiet,
494 2842 540 2906 ut
555 2857 623 2906 suo
640 2832 719 2907 looo
735 2832 882 2932 plenius
899 2832 1159 2932 explimndum
1176 2837 1256 2909 erit

265 2960 389 3016 nrccv.
416 2942 554 3042 Frigus
578 2943 695 3040 igitur
719 2945 860 3040 oorpori
885 2954 1034 3035 tentum
1057 2944 1207 3021 stimulo
1229 2953 1294 3032 est,

215 3073 304 3125 cum
320 3053 405 3127 satis
431 3055 620 3128 intensum
650 3063 780 3142 estet
809 3054 935 3131 subito
950 3066 989 3131 et
1004 3057 1195 3158 perbreve
1221 3081 1295 3157 sps·

214 3162 311 3237 tium
336 3163 556 3252 adhibitum,
593 3164 713 3240 veluti
748 3166 863 3266 siquis
897 3170 936 3243 in
966 3195 1104 3269 equom
1127 3169 1292 3270 frigidum

215 3274 443 3351 descenderit
460 3275 577 3375 (quod
606 3300 725 3374 genus
742 3280 895 3355 remedii
924 3282 1010 3357 satis
1027 3283 1094 3357 diu
1111 3283 1292 3357 dontinus·

215 3398 299 3463 tum
317 3388 513 3464 nonnullos
539 3388 758 3487 paralyticos
775 3415 916 3467 sanasse
932 3391 1074 3493 fertur),
1105 3394 1166 3470 vel
1183 3395 1214 3469 si
1237 3384 1292 3468 triss

212 3500 301 3595 gida
329 3524 426 3598 aqua
453 3498 582 3574 hausta
610 3500 723 3576 fuerit
751 3503 912 3579 instante
940 3506 1056 3580 animi
1085 3505 1291 3591 defectione,

212 3632 300 3705 quae
315 3621 398 3683 tum
415 3609 516 3684 istud
533 3611 675 3687 melum
692 3639 790 3715 saepe
816 3620 926 3705 arcet,
951 3616 1011 3692 vel
1027 3616 1060 3692 si
1075 3619 1208 3695 vultus
1224 3629 1291 3693 tan·

213 3732 297 3796 tum
314 3721 474 3798 hominis
491 3724 551 3798 eui
568 3728 714 3802 animus
737 3728 817 3827 jem
835 3729 1035 3817 defecisset,
1065 3755 1164 3830 equo
1180 3728 1291 3833 gelide

212 3857 355 3932 sparsus
372 3835 494 3923 fuerit,
510 3840 613 3937 quod
631 3865 726 3939 saepe
742 3842 837 3916 vires
854 3851 1053 3940 motusque
1069 3844 1232 3942 eorporis
1245 3862 1290 3914 re·

211 3956 335 4021 novet
408 3948 581 4024 sobitum
608 3952 724 4051 igitur
749 3953 865 4051 frigus
889 3977 965 4028 non
991 3955 1182 4031 immerito
1206 3955 1290 4029 inter

210 4058 441 4135 stimulantis
456 4065 617 4137 remedia
632 4075 851 4154 recensetur,
868 4067 1003 4165 partim
1022 4067 1177 4143 fortasse
1193 4088 1287 4167 prop

209 4182 266 4249 ter
283 4175 538 4252 vehementem
558 4201 703 4253 sensum
717 4202 832 4276 quem
844 4179 959 4255 efficit
971 4179 1072 4270 (nam
1086 4182 1211 4257 omnis
1219 4198 1287 4255 seo·
