2678 4794
183 354 231 423 88
584 361 837 422 cousracrus
1109 362 1253 421 cra-x.

175 566 303 645 genas
318 541 521 627 nervosam
536 539 668 614 habet:
693 538 863 638 quamvis
879 534 1053 611 memoria
1068 537 1146 636 ipsa
1162 565 1256 615 non-

183 655 278 732 nihil
293 653 501 754 hujusmodi
517 652 573 727 vis
588 650 780 751 possideat.
801 723 807 735 ,

235 786 439 847 οοωωιν.
457 764 717 864 Cogitationes,
733 786 825 862 quas
839 763 917 837 haec
928 760 1078 836 facultas
1088 765 1258 861 suggerit

185 881 405 965 innumeras,
431 877 497 952 vix
512 899 681 976 unquam
696 877 737 950 in
753 900 841 951 sano
857 876 1018 962 homine,
1047 898 1133 949 cum
1149 874 1261 950 rebus

185 990 375 1092 praeteritis
390 1013 482 1090 quas
497 991 671 1065 memoria
693 989 974 1089 contemplatur,
999 986 1120 1061 multo
1135 988 1262 1061 minus

186 1126 267 1177 cum
293 1099 402 1177 rebus
427 1101 523 1178 veris
547 1112 586 1177 et
608 1103 861 1202 praesentibus,
889 1125 981 1201 quas
1005 1123 1130 1175 seusus
1147 1100 1261 1198 perci-

184 1214 305 1313 piunt,
322 1213 626 1290 confunduntur:
651 1237 774 1314 neque
789 1238 898 1289 sanus
914 1214 1039 1299 homo,
1055 1212 1207 1298 sobrius,
1222 1219 1262 1285 et

182 1324 350 1424 vigilans,
386 1350 443 1400 res
467 1350 560 1426 quas
584 1327 810 1426 imaginatio,
848 1326 895 1400 ad
919 1350 1029 1401 suum
1056 1323 1260 1411 arbitrium,
1287 1364 1296 1386 ι

182 1435 306 1537 fingit,
331 1448 399 1514 aut
413 1461 491 1513 esse
506 1463 625 1528 veras,
640 1448 707 1514 aut
723 1463 889 1537 unquam
905 1439 1030 1526 fuisse,
1047 1435 1171 1512 credit.
1222 1436 1260 1510 Si

182 1546 265 1625 talis
280 1574 378 1624 error
392 1549 574 1638 acciderit,
589 1574 657 1650 pro
675 1551 809 1625 morbo·
817 1550 1006 1626 habendus
1023 1559 1087 1624 est.

187 1700 190 1706 ·
230 1683 451 1738 ccnxxxvr.
469 1661 691 1761 Imaginatio
706 1662 839 1737 infanti
855 1688 977 1763 parva,
991 1662 1124 1760 juveni
1142 1664 1264 1738 maxi·

180 1794 253 1862 ma,
277 1775 358 1850 viro
371 1776 627 1874 temperatior,
657 1774 735 1849 seni
758 1774 834 1848 fere
856 1774 1090 1874 reprimitur:
1128 1774 1258 1849 eadem

178 1879 364 1975 hilaribus,
387 1886 633 1975 imitabilibus,
657 1885 867 1975 mobilibus,
884 1896 937 1971 ¹et
951 1897 1084 1985 praeter
1108 1886 1259 1962 solitum

178 2000 309 2074 acriter
323 1999 576 2088 sentientibus,
604 1999 791 2087 vividior3
820 1998 984 2098 torpidis,
1013 1999 1167 2099 frigidis,
1183 2009 1258 2075 stu-

177 2109 285 2209 pidis,
308 2104 384 2185 fere
398 2111 510 2187 nulla
561 2112 696 2213 Neque
712 2112 799 2187 solis
813 2111 932 2212 potitis
956 2111 1060 2186 utilis
1084 2111 1257 2198 facultas;

177 2223 318 2323 quippe
341 2223 446 2322 cujus
471 2226 618 2324 species,
641 2249 764 2301 rerum
788 2223 1047 2300 similitudines
1063 2235 1102 2299 et
1126 2248 1258 2300 conve-

178 2335 344 2426 nientias,
378 2335 541 2438 evulgo
565 2337 762 2416 hominum
786 2360 863 2413 non
887 2337 1104 2426 observatas,
1129 2336 1257 2437 fingat,

178 2457 330 2547 querat,
366 2447 525 2549 detegat,
562 2449 610 2526 ad
643 2450 867 2550 conjecturas
891 2451 1024 2550 primo,
1060 2449 1108 2524 ad
1132 2473 1257 2527 veram

177 2561 377 2649 sciendam,
415 2585 485 2661 ope
515 2562 660 2663 judicii,
685 2563 837 2639 tandem
874 2563 1088 2662 perducens.
1152 2561 1258 2636 Huic

177 2670 327 2748 forsitan
344 2674 566 2763 Neutoauou
582 2674 718 2774 pariter
734 2699 776 2749 ac
792 2674 1006 2748 Homerum
1021 2673 1207 2747 debemus.

224 2804 462 2857 cccxxxvn.
489 2784 753 2883 Imaginationi
779 2791 819 2854 et
844 2782 1032 2854 memoriae
1059 2780 1129 2853 hoc
1156 2805 1258 2859 com.

176 2914 293 2964 mune
320 2901 386 2977 est,
421 2893 524 2989 quod
556 2895 597 2966 in
625 2892 876 2990 perceptiones
904 2892 1005 2966 visus
1037 2903 1077 2966 et
1103 2892 1257 2978 auditus

177 3011 325 3076 tantum
349 3003 548 3100 imperium
569 3002 728 3078 habent:
766 3025 890 3101 neque
912 3002 1075 3102 profecto
1098 3003 1255 3083 aliorum

175 3134 352 3187 muscum
367 3122 605 3189 externorum
621 3113 883 3215 perceptiones,
905 3125 972 3192 aut
987 3126 1163 3207 accurate,
1187 3129 1254 3195 aut

174 3224 317 3300 fortiter
333 3247 508 3301 renovare
523 3237 687 3326 possunt.

224 3361 459 3414 caxxxmn.
496 3337 524 3414 J
526 3339 690 3415 udicium
716 3339 869 3416 facultas
900 3349 967 3430 est,
999 3365 1074 3440 qua
1105 3365 1252 3443 percep

173 3447 293 3524 tiones
308 3459 349 3525 et
376 3449 614 3548 cogitationes
638 3453 863 3554 omnigenas,
890 3478 1025 3543 musas,
1053 3457 1251 3545 memoria,

172 3557 455 3659 imaginationis,
488 3563 803 3665 contemplamur„
826 3592 1087 3667 comparamus,
1124 3592 1252 3644 earum

172 3670 432 3748 similitudines
448 3684 488 3749 et
502 3672 727 3754 differentias
744 3678 963 3779 detegimus,
979 3681 1171 3779 variasque
1195 3681 1255 3754 in·

40 3798 45 3809 ·
170 3783 220 3858 de
232 3783 481 3862 conclusiones
497 3787 723 3868 deducimus
774 3790 870 3866 Haec
885 3791 1035 3867 facultas
1051 3791 1184 3866 infanti
1212 3805 1253 3867 et

169 3901 286 3996 puero
301 3896 431 3981 debilis
448 3912 523 3986 est3
548 3904 769 3980 consistente
797 3913 915 3990 aetate,
943 3903 1082 3978 firmior
1109 3914 1147 3978 et
1176 3927 1250 3978 cer-

171 4007 262 4093 tion
286 4016 395 4085 aute
421 4011 600 4111 paulatim
629 4015 887 4112 corrumpitur,
916 4024 954 4089 et
979 4015 1112 4090 morbis
1140 4027 1250 4115 quot·

170 4128 265 4220 quot
293 4123 508 4197 memoriam
524 4123 726 4212 minuunt;
751 4147 838 4201 nam
866 4126 945 4203 sine
960 4129 1139 4205 memoria
1166 4127 1249 4204 nul·

168 4229 251 4311 lum
263 4243 388 4334 potest
404 4257 481 4310 esse
491 4232 689 4332 judicium.
