2678 4794
51 348 187 406 ¹aaa
204 345 277 401 xx.
393 345 615 401 nanterus:
631 344 960 402 rnuoau‘rmm·
1107 338 1181 406 223

102 536 174 601 star
191 523 462 628 urinaer(nxxv‚
480 545 625 612 uxxvr,
644 532 745 622 oxu)
771 524 838 622 qui
855 524 1008 598 demum
1025 526 1065 597 in
1083 528 1183 600 varia

103 664 188 713 cava
213 637 372 735 corporis
401 646 440 709 et
466 637 594 734 capitis
619 637 734 734 ipsius
758 631 974 725 effunditur,
1000 662 1181 736 soporem,
1231 649 1237 664 ’

16 807 18 811 ψ
103 761 284 835 tremores,
302 747 566 834 convulsiones‚
584 757 623 820 et
640 758 793 821 mortem
811 749 914 823 brevi
930 750 1166 823 inducturus..

146 883 314 937 nccxm.
354 860 420 933 Ab
447 859 578 932 iisdem
608 862 734 948 causis,
760 861 823 935 sed
848 864 972 935 minus
999 861 1181 949 violentis,

103 976 201 1049 omni
219 972 360 1047 scilicet
387 971 590 1052 irritatione
618 974 774 1062 insolita,
799 974 1104 1061 inflammatione,
1128 972 1182 1047 ul·-

103 1111 188 1174 cere,
228 1085 333 1170 cailo,
372 1084 519 1172 calculo,
545 1086 683 1174 vesicae,
710 1111 819 1160 muco
843 1088 923 1185 ejus
947 1087 1082 1173 abrasa,
1116 1094 1183 1160 aut

103 1199 272 1273 morbido
307 1196 416 1282 facto,
455 1198 597 1272 acribus
630 1199 851 1296 quibusdam
893 1198 1192 1285 medicamentis*

104 1311 239 1384 morbis
250 1310 455 1383 vicinarum
473 1311 648 1407 partium,
664 1310 770 1383 urina
786 1333 884 1408 aegre
900 1321 1037 1385 etcum
1056 1309 1182 1383 dolore

105 1419 286 1507 redditum
310 1422 412 1520 quod
430 1421 515 1494 mali
533 1446 654 1520 genus
669 1423 836 1520 Dysuria
849 1434 1010 1498 vocatur.
1060 1424 1182 1500 Urina
1304 1486 1311 1499 .

107 1557 253 1632 quoque
269 1558 363 1633 saepe
380 1535 499 1620 rubra,
525 1535 640 1634 nigra,
666 1533 955 1634 sanguinolenta,
973 1534 1180 1634 purulenta,

107 1669 259 1732 mucosa,
284 1645 461 1733 sabulosa,
478 1645 668 1721 redditur:
694 1671 853 1746 quarum
869 1672 991 1721 rerum
1010 1647 1180 1722 omnium

105 1756 203 1834 baud
219 1757 371 1832 obscura
388 1770 443 1831 est
459 1758 562 1831 ratio.

149 1892 332 1945 nccxun.
359 1870 719 1968 Frequentissimum
748 1871 941 1972 mingendi
965 1872 1099 1946 vitium
1123 1894 1182 1946 ac·

106 1981 202 2069 cidit,
223 1981 288 2056 ubi
305 1981 459 2055 molesta
474 1982 549 2057 fere
566 1996 744 2083 perpetua
759 1995 798 2060 ct
815 1984 1045 2084 inexplebilis
1064 1983 1181 2058 urinae
1264 2050 1267 2063 ,

106 2093 300 2168 reddendae
327 2094 508 2192 cupiditas
537 2107 657 2194 urget,
682 2100 853 2195 quamvis
877 2121 1003 2196 paucae
1026 2106 1178 2172 tantum

103 2207 262 2305 guttulae
277 2217 531 2294 excernuntur,
552 2208 772 2307 plerumque
789 2234 864 2282 non
881 2211 959 2284 sine
976 2209 1101 2283 dolore
1117 2209 1180 2281 ali-

103 2342 187 2416 quo.
237 2317 327 2393 Hoc
344 2319 481 2393 malum
507 2320 721 2418 stranguria
738 2331 898 2394 vocatur.
949 2321 1063 2394 Acria
1081 2344 1179 2417 qure-

103 2430 196 2518 dam,
213 2431 323 2504 etiam
341 2432 381 2503 in
398 2455 487 2504 sano
511 2431 673 2517 homine,
698 2430 768 2504 hoc
784 2432 920 2505 vitium
952 2454 1047 2528 saepe
1071 2425 1193 2504 indu-⁹

102 2555 191 2616 cunt
203 2571 212 2628 ;
230 2542 371 2617 malum
383 2544 529 2617 senibus
543 2542 718 2615 familiare
731 2555 796 2629 est,
809 2544 875 2640 qui
889 2567 983 2640 saepe
996 2567 1017 2615 a
1030 2540 1180 2615 renibus

103 2665 138 2728 et
153 2655 275 2728 vesica
291 2655 398 2728 variis
416 2653 532 2727 modis
548 2653 733 2740 laborant;
758 2655 876 2728 oritur
892 2678 989 2752 saepe
1004 2678 1024 2726 a
1042 2652 1180 2727 calculo

102 2768 257 2841 vesicam
269 2767 446 2852 irritante,
459 2777 525 2840 aut
536 2767 615 2865 ipsa
624 2767 742 2840 vesica
754 2764 992 2853 inflammata,
1011 2765 1180 2853 ulcerata,

102 2901 166 2952 suo
183 2902 295 2953 muco
311 2879 449 2968 orbata,
466 2879 525 2953 vel
542 2879 612 2954 hoc
628 2878 782 2977 propriis
800 2879 899 2952 vitiis
915 2891 1098 2976 corrupto,
1120 2878 1181 2952 vel

104 2988 262 3088 denique
279 3014 301 3062 a
316 2991 453 3065 morbis
469 3002 535 3066 aut
551 3000 649 3066 statu
670 2992 844 3090 peculiari
867 2992 1027 3090 partium
1046 2992 1182 3064 vicina·

104 3124 197 3188 rum,
222 3111 287 3177 aut
305 3103 627 3192 consentientium,
644 3104 761 3179 veluti
780 3106 886 3191 uteri,
911 3105 1067 3203 vaginae,
1096 3126 1181 3178 ure-

108 3211 207 3299 rtrae,
217 3211 417 3314 glandulas
426 3224 620 3314 proatatoe,
646 3207 812 3291 intestini
832 3217 934 3303 recti,
957 3239 1101 3300 renum,
1126 3216 1182 3288 in·

108 3320 363 3413 flammaticus,
389 3334 567 3414 tenesmo,
584 3325 735 3415 calculo,
752 3328 933 3426 prolapsu,
951 3325 1181 3423 graviditate.

151 3458 350 3512 occxurn.
376 3436 483 3511 Huic
499 3438 775 3535 quodammodo
792 3439 911 3513 affinis
935 3446 990 3511 est
1015 3437 1094 3525 alia,
1119 3462 1181 3511 ne-

104 3571 271 3646 querare
287 3550 449 3623 meiendi
466 3550 621 3637 affectio
645 3550 781 3626 scilicet
807 3552 871 3626 ubi
888 3550 1032 3636 lotium,
1059 3548 1101 3624 u't
1120 3550 1182 3623 de-

103 3673 167 3749 cet,
184 3662 334 3737 retineri
348 3662 490 3760 nequit,
507 3674 545 3736 et
555 3662 659 3762 justa
676 3666 780 3762 copia
792 3674 1007 3762 ettempore
1024 3664 1181 3748 excerni,

105 3773 164 3848 sed
176 3773 239 3848 vel
255 3773 406 3848 nolente
423 3774 483 3849 uel
499 3776 613 3848 inscio
637 3799 783 3873 prorsus
799 3786 1011 3875 aegrotante,
1037 3775 1182 3873 propria

105 3907 251 3962 suorum
270 3911 492 3984 organorum
510 3888 654 3961 actione
670 3886 846 3974 redditur,
872 3886 985 3973 nullo,
1011 3898 1056 3960 ut
1073 3886 1109 3958 in
1128 3908 1181 3956 sa-

104 3997 155 4071 nis
171 3999 276 4086 solet,
301 3998 468 4073 adhibito
494 3999 696 4075 voluntatis
724 4000 901 4098 imperim
928 4010 966 4072 et
983 3995 1181 4096 aliquando

106 4100 212 4188 inscio
228 4135 340 4210 aegro,
358 4112 510 4199 assidue,
527 4113 602 4186 fere
618 4113 796 4213 guttatim
815 4110 944 4196 effluit,
963 4109 1064 4207 quod
1081 4105 1180 4179 stric-

105 4218 172 4297 tius
187 4225 460 4302 incontinentia
475 4226 593 4301 urina
609 4235 782 4312 vocatum
807 4222 995 4298 interdum
1008 4241 1094 4291 vero
1109 4213 1185 4287 uri*
