2678 4794
169 343 239 409 184
568 347 818 407 consencrus
1016 348 1102 403 cnr.
1120 346 1233 405 xvnt

217 552 357 604 Dcxrx.
393 528 525 625 Neque
560 523 722 622 prolecto
757 521 868 595 homo
902 546 1045 620 semper
1078 526 1237 599 esurite

167 665 284 716 vacuo
298 635 519 714 ventriculo:
545 634 747 708 exinanitio
756 633 878 732 aliqua
890 635 1051 709 universi
1068 635 1239 733 corporis,

167 751 278 825 libera
307 747 486 847 imprimis
512 770 577 844 per
602 753 724 819 cutem
754 746 925 832 excretio,
953 745 999 819 ad
1017 746 1116 821 hunc
1131 745 1240 819 effec-

168 872 251 937 tum
268 860 367 934 haud
384 882 514 957 parum
539 858 713 931 conducit
741 842 942 954 (cccivn).
980 857 1082 945 Quin
1100 867 1138 930 et
1153 878 1240 929 con-

167 974 295 1046 tractio
311 970 476 1069 quaedam
505 968 676 1043 fibrarum
708 968 996 1044 musculosarum
1022 969 1135 1067 ipsius
1151 990 1242 1040 ven·

167 1081 287 1156 triculi
304 1083 449 1157 subesse
464 1080 623 1170 videtur,
653 1082 863 1178 famemque
885 1081 1058 1178 (ucxvn)
1074 1078 1240 1152 efficere:

164 1216 251 1266 nam
281 1193 400 1269 multa
426 1191 654 1268 stimulantis
682 1193 721 1267 in
747 1216 834 1266 eum
861 1205 1015 1291 recepta,
1052 1191 1242 1290 ipsiusque

163 1304 317 1377 demum
335 1306 479 1380 modica
492 1305 676 1392 distentio,
693 1305 902 1403 appetitum
914 1303 1075 1401 aliquem
1088 1301 1240 1389 bomini,

163 1413 328 1513 alioquin
345 1441 419 1490 non
438 1418 632 1503 esurituro,
649 1414 916 1489 conciliabunt:
935 1415 1037 1512 quod
1052 1412 1241 1488 helluones

163 1550 269 1624 saepe,
286 1552 360 1601 non
379 1528 456 1600 sine
473 1551 609 1624 magno
626 1550 692 1599 suo
708 1525 818 1615 malo,
835 1527 1087 1623 experiuntur.

213 1660 334 1714 ncxx.
369 1640 495 1726 Porro,
531 1639 560 1712 si
595 1638 697 1711 cibus
721 1662 867 1737 prorsus
891 1636 1029 1711 fluidus
1054 1648 1092 1710 et
1119 1637 1239 1711 tenuis

161 1761 369 1850 assumptus
395 1750 517 1837 fuerit,
541 1774 673 1847 corpus
689 1748 788 1822 haud
804 1750 898 1822 bene
923 1747 989 1821 alit
1017 1759 1083 1823 aut
1100 1746 1238 1822 reficit:

162 1861 289 1937 docuit
323 1864 439 1962 igitur
462 1862 605 1936 Natura
628 1859 828 1947 hominem,
855 1860 1065 1934 crassiorem
1089 1858 1151 1933 vel
1174 1861 1239 1934 sic·

161 1974 297 2047 ciorem
322 1973 482 2072 aliquem
507 1971 633 2047 cibum
658 1996 821 2070 quaerere
846 1982 885 2046 et
908 1981 1089 2072 appetere,
1127 1994 1239 2071 quem

162 2095 284 2158 sumat
301 2084 422 2173 simul,
448 2085 618 2184 quamvis
634 2107 729 2183 saepc
744 2083 936 2171 insulsum,
962 2098 1000 2158 et
1022 2108 1153 2182 parum
1170 2107 1239 2159 nu·

162 2195 343 2271 trientem.

209 2328 351 2384 ncxx1.
389 2309 523 2384 Omnis
557 2310 660 2383 cibus
683 2307 744 2383 vel
768 2333 817 2383 ex
850 2307 1069 2383 animalibus
1093 2306 1154 2382 vel
1188 2331 1238 2384 ex

160 2417 328 2519 frugibus
352 2421 549 2497 derivatur.
603 2410 816 2520 Utrumque
839 2445 957 2521 genus
982 2421 1091 2495 homo
1107 2414 1245 2497 naturi-

160 2536 324 2633 appetit:
350 2546 388 2609 et
404 2535 464 2611 vel
481 2535 604 2623 altero,
630 2533 689 2608 vel
715 2544 875 2633 utroque
901 2532 1021 2620 simul,
1046 2534 1149 2632 quod
1165 2535 1239 2609 usi·

160 2647 273 2720 tatius
300 2659 354 2720 est
383 2660 422 2720 et
447 2646 590 2735 melius,
615 2648 700 2720 satis
727 2646 847 2733 alitur,
872 2655 910 2720 et
937 2646 1029 2718 bene
1054 2669 1092 2719 se
1117 2644 1237 2721 habet.

160 2757 342 2842 Quamvis
359 2757 540 2847 nonnulli,
566 2782 604 2831 se
628 2757 815 2831 credentes
833 2741 975 2832 Natur'd
991 2758 1236 2855 sapientiores,

159 2878 288 2940 vetent
304 2867 470 2941 animalia
487 2871 622 2942 mensis
646 2869 798 2965 imponi,
824 2879 862 2948 et
881 2868 1037 2964 jubeant
1062 2869 1147 2945 solis
1162 2868 1236 2943 fru-

158 2978 268 3077 gibus
285 2978 417 3051 vivere.
525 3044 529 3052 .
819 2979 827 2995 ’

207 3110 365 3162 ncxxn.
391 3088 545 3162 Fossilia
570 3089 750 3187 quaedam,
776 3100 813 3163 et
839 3092 968 3166 multae
991 3091 1125 3193 fruges,
1152 3116 1236 3193 quoe

81 3236 90 3252 ·
158 3223 288 3297 parum
307 3199 366 3273 vel
384 3199 476 3273 nihil
493 3201 669 3288 nutriant,
686 3225 752 3298 pro
769 3204 1012 3279 condimentis
1025 3216 1235 3280 sumuntur.

158 3312 388 3409 Hujusmodi
406 3313 650 3401 condimenta,
666 3311 805 3411 aliquid
818 3316 996 3390 nimirum
1010 3320 1139 3416 gustui
1155 3342 1252 3417 gra..

157 3423 198 3509 ti,
216 3424 276 3497 vel
292 3424 418 3499 saltem
436 3426 536 3512 acris,
553 3427 724 3524 quamvis
735 3451 829 3528 saepe
845 3430 982 3503 rancidi
995 3429 1185 3517 ebfoetidi,
1196 3439 1236 3504 et

129 3575 132 3583 ·
156 3534 357 3610 admodum
387 3538 533 3637 ingrati,
558 3536 676 3611 donec
700 3539 928 3614 consuetudo
951 3564 1072 3614 amare
1096 3542 1235 3630 docuit,

156 3670 266 3719 omne
292 3648 437 3735 animal,
461 3661 499 3722 et
523 3649 636 3724 lromo
660 3652 872 3749 praesertim,
896 3651 1047 3751 appetit.
1099 3654 1236 3753 Neque

156 3758 231 3832 suis
248 3759 374 3833 usibus
391 3773 514 3834 carent
530 3763 738 3838 istiusmodi
754 3765 997 3839 condimenta.
1041 3766 1234 3865 Linguam

155 3869 357 3957 stimulant,
393 3873 599 3972 meliusque
635 3886 783 3973 gustare
807 3875 957 3962 faciunt,
994 3900 1072 3974 quo
1096 3879 1235 3975 gratior

153 3980 255 4059 cibus
288 3984 432 4070 evadat,
471 3987 549 4083 ipse
582 3987 699 4061 forsan
736 4012 867 4086 parum
903 3990 1039 4086 saporis
1073 3989 1231 4063 babens:

153 4094 246 4194 quin
262 4104 301 4169 et
316 4098 523 4171 ventriculo
551 4124 701 4198 quoque
718 4098 866 4173 stimulo
895 4110 992 4186 sunt,
1017 4101 1124 4174 etsie
1147 4125 1233 4176 oon·

151 4208 317 4298 coctioni,
333 4210 532 4309 praesertim
551 4211 581 4283 si
598 4210 658 4283 ille
671 4210 824 4286 debilior
839 4211 960 4299 suerit,
976 4211 1231 4311 opitulantur:
