2694 4792
127 258 201 331 514
340 219 345 231 ⁸
539 259 791 337 consracros
950 261 1051 320 car.
1069 263 1229 322 xxxma

130 445 270 546 insigni
292 442 334 518 vi
361 440 504 543 pollent
519 439 793 516 exhalationem
819 462 888 539 per
918 450 1062 519 autem
1093 468 1231 544 promo

134 558 259 646 vendi,
276 566 315 633 et
326 556 482 630 minime
493 553 652 630 dubium
664 562 732 642 est,
747 576 810 627 eos
821 551 895 628 hoc
905 554 1032 630 modo
1044 555 1230 633 interdum

134 667 390 748 saluberrimos
406 666 558 743 effeetus
573 675 755 766 praestare.

185 801 486 859 nccccnxxxva
511 777 681 853 Effectus
697 800 786 851 vero
810 774 918 876 quod
934 778 1078 854 attinet
1093 782 1227 882 oopiosi

137 892 292 981 sudoris,
307 903 374 967 aut
389 889 630 966 exhalationis
646 899 855 988 perentam
871 887 1063 978 liberioris,
1084 916 1137 967 ex
1145 893 1226 992 jam

136 1003 245 1080 dictis
261 1005 309 1078 de
325 1002 518 1078 effectibus
534 1000 688 1077 aliarum
709 1001 1026 1090 exinanitionum,
1047 1000 1152 1078 facile
1166 1006 1225 1080 in-

136 1115 362 1216 telligentur.
413 1114 510 1190 Haec
534 1114 711 1189 nimirum
736 1114 993 1212 quantitatem
1023 1115 1222 1193 humorum

137 1227 446 1302 circumeuntium
465 1227 612 1314 minuit,
637 1227 822 1301 tenuiores
850 1224 1008 1301 illorum
1026 1238 1149 1325 partes
1163 1228 1218 1303 de-

138 1337 261 1426 trahit,
285 1337 555 1436 impedimenta
570 1362 656 1437 quae
671 1336 828 1413 naturali
856 1362 925 1437 per
952 1348 1088 1417 cutem
1104 1359 1217 1415 exora

137 1449 232 1524 tioni
262 1448 458 1525 obstabant
487 1461 710 1538 summovet,
736 1450 909 1527 humores
938 1461 1072 1531 eutem
1101 1475 1216 1528 versus

136 1560 292 1651 derivat,
316 1561 496 1662 aequalem
522 1587 650 1638 eorum
676 1562 716 1638 in
745 1563 911 1663 partibus
927 1563 1092 1639 internis
1107 1565 1213 1640 distri·

137 1671 331 1750 butionem
348 1674 473 1763 efficit,
497 1698 685 1776 spasmum
696 1699 793 1775 saepe
809 1674 931 1764 solvit,
947 1676 1141 1776 impetum
1157 1677 1213 1752 hu·

135 1808 285 1863 morum
301 1798 494 1888 temperat,
519 1787 605 1862 alias
629 1788 896 1863 exinanitiones
921 1786 1092 1877 oohibet,
1116 1789 1212 1865 actio

137 1922 226 1974 nem
241 1925 411 1976 vasorum
427 1900 702 1977 absorbentium
718 1911 914 2001 promovet
937 1910 981 1975 et
1010 1912 1138 2002 auget,
1159 1925 1211 1976 ou·

138 2018 216 2084 tem
248 2011 368 2085 mollit
400 2021 514 2112 atque
545 2010 695 2101 relaxat,
719 2023 760 2087 et
788 2012 953 2100 demum,
995 2024 1045 2089 ut
1072 2013 1208 2089 medios

136 2145 281 2222 semper
304 2148 520 2224 persuasum
539 2135 606 2215 est,
631 2125 761 2200 nociva
788 2123 973 2223 quasdam,
999 2149 1070 2224 per
1098 2135 1208 2202 cutem

136 2243 269 2310 natura
283 2239 524 2326 exoemenda,
549 2238 757 2338 promptius
773 2246 814 2312 et
827 2235 1017 2312 efficacius
1032 2236 1189 2337 expellit

185 2369 504 2427 uecccnxxxvn.
530 2349 655 2425 Facile
679 2350 795 2449 igitur
822 2348 1025 2438 constabit,
1048 2351 1089 2426 in
1114 2347 1208 2422 variis

136 2460 271 2536 morbis
288 2460 388 2537 haud
403 2486 535 2562 parum
560 2487 638 2537 esse
665 2460 916 2562 profuturum,
941 2461 1207 2537 exhalationem

135 2596 363 2672 promouere,
387 2573 636 2673 sudoremque
651 2573 799 2662 elicere3
823 2584 862 2648 et
888 2573 931 2648 in
960 2575 1010 2651 iis
1039 2573 1207 2674 imprimis

136 2686 204 2782 qui
219 2711 242 2760 a
257 2710 448 2787 suppressa
463 2695 531 2762 aut
546 2686 740 2762 deficiente
768 2711 834 2787 per
861 2697 994 2763 cutem
1011 2688 1207 2764 exoratione

134 2798 373 2892 proveniunt,
397 2799 458 2875 vel
474 2800 514 2875 in
531 2799 666 2898 quibus
682 2798 762 2875 haec
779 2806 914 2899 praeter
929 2809 1104 2876 naturam
1118 2796 1203 2874 solsi-

134 2904 254 2996 betur,
280 2911 383 3009 quod
399 2910 621 3011 plerumque
648 2910 761 3010 signis
789 2908 889 2985 haud
918 2911 1102 3012 ambiguis
1126 2907 1204 2982 sciri

132 3028 266 3116 potest,
293 3023 413 3119 rigore
425 3023 617 3122 imprimis,
642 3023 703 3097 vel
718 3022 814 3098 cutis
831 3022 1001 3099 neoimte
1017 3037 1051 3099 et
1063 3019 1204 3106 duritia,

133 3127 212 3202 sive
227 3128 343 3205 calida
358 3131 471 3206 fuerit
487 3133 565 3207 sive
587 3132 739 3234 frigidm
764 3144 804 3210 et
825 3145 1009 3235 praeterea
1035 3134 1207 3235 suspimn·

132 3238 226 3315 dum
250 3253 306 3318 est
334 3267 356 3317 a
384 3243 533 3343 oognita
548 3269 654 3318 oausa
671 3247 791 3322 morbi
816 3255 987 3337 externa,
1012 3247 1129 3325 veluti
1152 3245 1207 3320 fri

131 3374 221 3451 gare
244 3355 406 3431 collecto.
470 3354 700 3452 Hujusmodi
734 3357 905 3458 exempla
938 3383 1021 3434 esse
1049 3369 1206 3460 possunt,

131 3461 249 3539 febres
265 3468 384 3553 variae,
409 3465 546 3566 aliique
562 3468 682 3542 morbi
705 3493 864 3567 quorum
881 3469 996 3546 febris
1014 3497 1099 3573 pars
1114 3495 1206 3569 mag·

130 3594 179 3646 na
194 3584 261 3661 est,
277 3577 449 3675 gravedo,
475 3579 593 3666 tussis,
617 3579 914 3669 rbeuntotismus,
931 3593 971 3656 et
988 3582 1122 3659 multa
1136 3582 1207 3657 alia

68 3779 71 3783 Ι
128 3680 449 3779 inflammationes,
474 3701 512 3765 et
539 3691 708 3791 quaedam
737 3694 925 3795 sanguinis
951 3694 1153 3795 profluvia,
1174 3704 1207 3771 et

127 3795 295 3896 phthisis,
311 3801 376 3876 bre.

178 3933 505 3989 Mccccaxxxvnr.
523 3915 631 3991 Utile
647 3941 799 4017 quoque
814 3919 869 4007 fit,
885 3918 1110 4019 ubicunque
1135 3942 1208 3995 san·

125 4020 250 4116 gsrinis
282 4022 558 4101 distributiones
592 4029 784 4106 abnormes
812 4029 1037 4118 acciderint;
1075 4043 1119 4108 et
1144 4031 1209 4106 hoe

124 4130 245 4221 modo,
269 4136 461 4235 pariterue
478 4139 598 4236 priore
622 4141 981 4243 (mccccnxxxvu),
1008 4144 1050 4218 in
1079 4143 1208 4220 multis
