2678 4794
129 384 259 442 cnnr
409 338 632 440 mnnrcnsn
651 381 943 448 rnnonnrrcn.
1167 377 1214 455 19

130 562 201 639 bus
224 562 311 638 varii
333 560 492 637 obnoxii
516 572 605 639 sunt
629 563 794 649 artifices,
818 560 979 635 morbosi
1006 560 1082 635 fere
1097 575 1136 638 et
1151 567 1212 640 de-

127 700 275 777 generes
300 675 493 762 homines;
531 676 669 751 scilicet
693 677 760 774 qui
797 676 928 759 eedem
958 696 1103 772 semper
1127 688 1213 768 arte,

126 791 277 891 ipsaque
292 788 447 863 forsitan
458 813 590 887 parum
608 787 757 874 salubri,
773 788 956 886 occupati,
973 797 1095 887 partes
1107 811 1214 887 quas-

123 902 206 977 darn
226 902 390 1001 corpoeis
407 899 624 1001 plurimum,
650 925 746 1000 saepe
764 901 884 988 nimis,
910 909 1096 988 exercent,
1120 904 1215 977 dum

124 1016 253 1091 multis
277 1015 359 1089 nliis
383 1015 551 1114 partibus
576 1039 709 1116 perum
744 1024 930 1104 utuntur;
967 1014 1029 1087 vel
1061 1013 1215 1089 fortasse

125 1151 239 1227 pravo
254 1128 417 1228 corporis
434 1128 518 1214 situ,
536 1142 605 1204 aut
621 1128 719 1203 malo
735 1129 824 1200 vitae
840 1149 985 1225 genere,
1007 1125 1212 1204 earundem

126 1238 335 1315 functiones
359 1238 527 1314 multum
551 1240 789 1339 impediunt;
814 1251 853 1313 et
876 1239 938 1326 sic,
965 1240 1055 1313 dum
1073 1241 1214 1315 mirum

129 1351 360 1451 quarundam
395 1351 560 1451 partium
598 1351 853 1450 adipiscuntur
890 1375 1002 1426 usum
1027 1361 1066 1426 et
1090 1353 1215 1439 robur,

131 1463 336 1565 generalem
352 1466 510 1564 corporis
528 1465 707 1564 vigorem,
732 1475 785 1552 et,
815 1487 901 1561 quae
916 1462 963 1535 ab
978 1463 1043 1537 illo
1059 1464 1214 1561 pendet,

128 1600 339 1677 prosperam
356 1576 621 1665 valetudinem,
639 1575 736 1650 male
752 1577 926 1675 perdunt.

173 1712 261 1764 nxr.
291 1688 479 1764 Caeterum
497 1703 535 1764 et
551 1691 598 1765 ab
624 1692 668 1764 iis
684 1714 777 1788 quas
793 1688 899 1764 nullo
915 1696 1041 1762 nostro
1061 1690 1212 1764 arbitrio

124 1802 299 1903 regimus,
315 1811 394 1877 tam
405 1803 519 1876 animi
533 1826 647 1901 quam
658 1803 817 1902 eorporis
833 1801 1099 1888 functionibus,
1116 1800 1212 1875 vale·

126 1914 267 1990 tudinis
283 1914 483 1989 discrimen
499 1939 573 1989 non
591 1916 674 1990 leve
703 1938 780 1990 esse
795 1923 929 2014 potest.
980 1913 1117 1987 Animi
1141 1915 1211 1988 irn-

127 2027 254 2126 primis
270 2024 437 2113 affectus,
459 2028 527 2127 qui
544 2028 680 2103 modici
697 2038 802 2127 grate
817 2029 995 2116 excitant,
1014 2026 1211 2102 vehemen-

126 2146 190 2227 tes,
214 2149 282 2215 aut
306 2164 438 2239 graves
454 2157 493 2214 et
509 2140 690 2228 diuturni,
714 2140 827 2239 hujus
843 2141 979 2241 pariter
994 2164 1037 2214 ac
1052 2141 1212 2240 camaris

126 2251 220 2326 vires
247 2250 451 2352 tanguam
488 2251 680 2327 hominem
718 2253 909 2328 interdurn
938 2254 1064 2326 statim
1091 2255 1213 2327 extin-

128 2373 264 2460 guunt,
287 2365 422 2464 saepius
446 2364 557 2465 longa
581 2364 796 2439 valetudine
825 2375 1021 2437 macerant.
1083 2364 1214 2438 Somni

129 2473 344 2574 etiamque
360 2476 408 2550 ad
425 2476 621 2552 exhaustas
633 2478 729 2549 vires
747 2474 960 2548 reficiendas
972 2496 1140 2573 egemus,
1150 2494 1215 2546 ex·

130 2607 250 2662 cessus
267 2587 323 2662 vel
339 2589 516 2676 defectus,
533 2600 572 2663 et
588 2588 715 2662 animo
731 2598 769 2662 et
787 2587 929 2685 corpori
947 2595 1092 2660 nocent

177 2722 280 2776 Lxrr.
317 2700 414 2776 Sunt
451 2702 572 2776 multa
597 2701 637 2775 in
663 2711 761 2776 statu
800 2699 990 2777 sanissimo
1014 2723 1037 2772 e
1064 2720 1215 2796 corpore

128 2837 270 2913 semper
285 2812 525 2888 excemenda.
576 2814 673 2889 Haee
689 2814 720 2887 si
737 2813 957 2902 retinentur,
974 2809 1115 2886 malum
1137 2821 1214 2885 est:

128 2927 154 3000 si
170 2926 257 3026 plus
267 2925 373 3025 justo
389 2938 649 3013 excernuntur,
666 2924 809 3002 malurn
826 2949 998 3026 quoque:
1026 2925 1057 2999 si
1081 2931 1215 2998 natura

128 3038 333 3129 retinenda,
357 3051 499 3138 sponte,
525 3039 585 3113 vel
610 3063 707 3126 casu,
744 3038 805 3112 vel
838 3048 916 3112 arte
948 3045 1214 3124 excernuntur,

127 3150 265 3233 malum
283 3150 433 3225 iterum.
471 3152 535 3225 Ex
553 3150 897 3250 hisquoque(nx1,
915 3157 1023 3248 Lx11)
1040 3147 1214 3222 facillime

127 3260 365 3363 intelligetur,
387 3264 649 3363 gravissimum
666 3287 763 3362 saepe
779 3264 866 3337 oriri
882 3286 989 3361 posse
1004 3259 1214 3359 pericnlum

126 3374 171 3449 ab
186 3376 317 3475 inepto
332 3384 399 3450 aut
414 3376 680 3475 intempestivo
692 3375 940 3451 remediorum
952 3398 1045 3448 usu:
1071 3371 1214 3471 quippe

126 3508 208 3584 quae
223 3489 344 3562 varias
359 3488 579 3574 functiones,
597 3490 738 3587 corpmi
751 3489 914 3588 proprias
930 3497 969 3562 et
986 3483 1212 3572 necessariae,

127 3612 187 3675 aut
203 3603 372 3677 excitent
398 3609 438 3674 et
463 3600 660 3675 intendant
676 3616 810 3700 preter
838 3611 1010 3675 naturam
1026 3607 1092 3673 aut
1117 3595 1213 3693 sopi-

127 3720 187 3787 ant
211 3722 252 3787 et
276 3713 496 3813 reprimant,
521 3712 814 3812 secretionesque
842 3711 996 3786 demum
1020 3719 1060 3784 et
1088 3728 1211 3782 excre-

128 3824 240 3901 fianes
268 3848 369 3925 saepe
397 3824 582 3912 minuant,
617 3848 713 3923 saepe
737 3824 834 3915 ultre
857 3824 1014 3899 modum
1039 3826 1212 3920 augeant»
1274 3874 1289 3880 ¹·

130 3934 182 4009 vel
197 3936 665 4037 deniquenovaseffioiant
678 3935 953 4012 excretioneset
966 3935 1217 4009 detractiones
1287 3969 1289 3973 ·

130 4042 339 4139 humarum,
365 4047 495 4147 quales
510 4058 646 4125 natura·
657 4072 780 4146 neque
804 4049 1015 4124 instituerat
1038 4055 1240 4144 unquam·
1279 4132 1287 4146 0

128 4154 164 4232 in
179 4171 275 4239 statu
292 4185 397 4249 sano,
415 4182 538 4260 neque
554 4162 633 4238 sine
648 4160 787 4237 damno
802 4161 896 4236 ferre
911 4168 1043 4260 potest.
1198 4162 1202 4169 ”
1221 4183 1226 4193 ·

638 4282 704 4353 138
750 4321 756 4332 -
1081 4284 1089 4291 ”
1159 4290 1163 4297 ’
1204 4290 1212 4298 “
