2678 4794
86 326 175 383 CAP.
192 323 295 379 xun.
362 316 584 377 MEDICINAE
602 315 893 377 THEOBETICAE.
1095 309 1168 387 573

88 513 129 578 et
157 501 260 576 lenta
287 506 326 573 et
354 496 485 572 misera
508 493 618 570 febris
647 495 810 583 aeeedit;
836 496 971 571 stridor
998 496 1172 575 dentium

88 606 188 689 intei
203 636 375 689 somnum
392 634 489 708 saepe
500 609 726 698 observatur,
743 633 811 683 nea
823 634 903 684 raro
915 610 1171 687 oonvulsiones

89 728 206 826 magis
230 722 425 826 generales,
451 731 490 795 et
514 720 668 797 demum
697 723 849 799 morbus
878 723 1073 799 oomitialis
1101 724 1170 799 fre·

87 862 205 937 quens
232 848 270 912 et
294 836 505 922 vehemens,
531 843 568 909 et
596 859 644 909 ex
673 835 744 910 hoo
772 835 970 935 aliquando
994 836 1167 913 fatuitas:

87 974 230 1024 vermes
246 948 409 1046 denique
425 945 721 1044 frequentissime
736 971 805 1047 per
820 973 947 1036 anum,
972 947 1073 1024 haud
1089 974 1171 1026 raro

85 1088 173 1139 vero
189 1086 256 1160 per
271 1085 322 1148 os,
347 1059 577 1145 redduntur;
603 1082 874 1160 nonnunquam
892 1062 1017 1149 etiam,
1035 1060 1099 1136 sed
1113 1085 1169 1136 ra·
1251 1136 1255 1142 .

85 1177 235 1262 tissime,
261 1184 348 1247 ante
372 1183 542 1259 mortem,
567 1194 663 1269 saepe
684 1182 778 1270 post,
803 1174 978 1249 intestina
994 1175 1169 1273 ipsosque

84 1286 292 1361 abdominis
309 1285 463 1383 parietes
480 1283 677 1383 perforant,
694 1284 801 1359 etsie
817 1309 894 1359 sese
910 1286 1085 1385 produnt.

136 1421 343 1473 Mucxxvr.
361 1391 503 1471 Praeter
514 1422 603 1473 vero
615 1395 694 1470 haeo
709 1405 749 1470 et
764 1396 898 1471 similia
908 1399 1011 1496 signa
1022 1397 1170 1473 morbo·

85 1535 134 1599 sa,
159 1534 321 1609 quorum
338 1510 432 1584 ratio
448 1509 571 1608 aliqua
595 1508 696 1583 haud
712 1533 810 1609 aegre
826 1509 931 1583 reddi
946 1512 1072 1608 possit,
1097 1510 1168 1585 alia

85 1623 268 1721 quaedam,
294 1623 412 1721 magis
427 1623 613 1722 ambigua,
638 1632 677 1697 et
693 1621 894 1722 explanata
911 1621 1126 1708 difficiliora,
1146 1647 1169 1696 a

83 1734 235 1809 medicis
260 1735 438 1809 recenseri
463 1734 602 1819 solent;
642 1734 764 1833 qualia
794 1742 893 1821 sunt,
930 1733 1169 1832 amplitioatio

82 1846 180 1920 oculi
198 1846 360 1946 pupillae,
378 1856 504 1920 tumor
519 1847 653 1945 aliquis
666 1847 924 1946 palpebrarum
941 1845 1184 1933 inferiorum,

81 1958 246 2057 pruritus·
262 1958 421 2041 narium,
444 1981 537 2053 quas
553 1957 712 2033 infantes
729 1982 848 2057 usque
864 1958 1023 2057 scalpere
1039 1958 1169 2032 dicun-

69 2078 156 2154 ·tur,
181 2076 220 2140 et
235 2067 314 2140 nasi
330 2065 441 2153 albor,
467 2066 621 2164 ejusque
650 2079 690 2140 et
716 2069 803 2143 labii
820 2070 1015 2169 superioris
1044 2079 1170 2145 tumor
1255 2055 1261 2071 ’

82 2179 216 2278 aliquis
240 2177 432 2252 insolitus:
458 2177 665 2274 amplitudo
691 2179 791 2249 enim
821 2180 974 2277 pupillae
1002 2181 1169 2260 multum

82 2293 223 2386 variam
249 2315 332 2389 quae
348 2312 434 2363 sane
449 2289 573 2388 pueris
598 2288 674 2361 fere
691 2286 848 2387 amplior
863 2296 920 2361 est
936 2313 1047 2385 quam
1065 2292 1169 2365 adul.

83 2405 154 2479 tis:
180 2415 219 2477 et
236 2403 378 2501 reliqua
402 2402 506 2500 signa
535 2400 575 2473 in
602 2400 793 2475 strumosis
810 2399 1033 2500 plerumque
1048 2402 1168 2475 obser·

82 2527 230 2603 vantur,
248 2526 287 2589 et
303 2513 492 2589 interdum
510 2538 532 2587 a
546 2500 747 2618 graiedine
763 2513 960 2587 oriuntur:
985 2522 1024 2586 et
1039 2537 1168 2588 omnes

83 2628 237 2702 demum
255 2627 414 2701 infantes
431 2649 536 2699 nares
551 2624 708 2699 subinde
725 2625 795 2699 sibi
811 2623 990 2723 saalpunt

134 2757 350 2815 srucxxvrr.
378 2737 594 2837 Diligenter
609 2746 736 2811 autem
752 2737 958 2811 cavendum
976 2746 1033 2812 est
1048 2736 1095 2812 ab
1112 2762 1173 2812 er-¹

82 2875 164 2926 rore
192 2851 293 2950 apud
322 2850 504 2952 populum
534 2850 677 2950 passim*
699 2858 856 2948 recepto,
882 2858 921 2923 et
950 2874 1036 2924 sane
1064 2849 1185 2950 apud·

82 2965 221 3040 multos
239 2965 401 3040 medicos
419 2965 572 3038 minime
588 2986 679 3050 raro,
696 2963 774 3060 qui,
792 2961 1008 3062 ubicunque
1024 2985 1168 3036 vermes

82 3076 422 3177 deprehenduntnr,
447 3076 541 3151 nibil
559 3075 713 3151 ulterius
742 3074 945 3173 respiciunt
972 3082 1039 3148 aut
1067 3068 1167 3173 qua·

81 3200 182 3276 runt,
206 3213 280 3262 non
299 3189 405 3264 dubii
421 3189 603 3289 quicquid
632 3187 721 3261 mali
748 3188 788 3260 in
817 3211 968 3287 corpore
996 3186 1093 3261 adsit
1120 3186 1167 3260 iis

81 3299 166 3375 solis
196 3323 273 3373 esse
301 3300 553 3375 tribuendum.
604 3301 693 3378 Non
723 3300 860 3375 desunt
891 3311 1017 3373 tamen
1046 3296 1168 3371 multa

81 3419 303 3511 argumenta
320 3419 358 3483 et
374 3409 656 3501 observationes,
673 3438 759 3511 quae
771 3410 978 3499 ostendant,
995 3411 1106 3485 etiarn
1125 3410 1165 3486 in

82 3522 309 3611 verminosis,
325 3544 467 3595 vermes
479 3546 663 3621 saepeesse
673 3526 877 3614 minimam,
894 3522 1083 3598 interdum
1095 3523 1168 3598 for·

80 3645 177 3711 tasse
193 3632 346 3722 nullam,
365 3633 481 3707 morbi
491 3643 634 3733 partem
647 3638 714 3735 qui
724 3649 857 3736 urget;
882 3660 1005 3735 neque
1014 3636 1084 3710 alia
1096 3637 1164 3735 igi·

82 3758 146 3823 tur
162 3746 323 3822 remedia
340 3770 417 3821 esse
427 3745 659 3846 negligenda,
676 3758 721 3823 ut
737 3749 782 3822 iis
798 3748 1026 3846 expellendis
1043 3747 1165 3821 omnis

82 3860 217 3935 medici
234 3883 343 3959 opera
359 3858 478 3933 detur.
531 3858 630 3934 Cum
647 3859 692 3934 iis
704 3882 794 3933 vero
811 3861 962 3935 medicis
977 3862 1044 3935 vix
1060 3857 1164 3939 locus

82 3980 140 4046 est
165 3970 444 4059 ratiocinationi,
474 3972 540 4071 qui
567 3972 661 4047 serio
689 3971 923 4071 profitentur,
948 3997 987 4048 se
1015 3992 1167 4045 omnem

83 4084 158 4157 fere
176 4082 347 4157 morbum
358 4083 561 4183 insolitum,
578 4092 617 4159 et
629 4085 831 4184 praesertim
843 4082 993 4162 nervosi
1000 4082 1168 4182 generals,

82 4194 149 4294 qui
166 4194 205 4270 in
217 4193 428 4292 junioribus
444 4198 613 4286 occurrit,
639 4198 782 4298 quique
798 4209 931 4275 natura
957 4205 995 4270 et
1024 4196 1168 4293 origine
