2678 4794
90 284 176 343 (ΣΔῙ.
193 282 235 341 11.
385 281 608 341 MBDIclNAE
626 282 915 343 ΤΗΕΟΒΕΤΙΟΕ.
1116 279 1163 349 31

93 471 193 540 cunt
239 459 321 537 Viri
337 485 494 563 quoque
507 462 678 540 habitum
694 465 853 564 corporis
868 462 947 540 laxi
965 475 1014 540 et
1027 463 1168 544 flaccidi

92 575 307 652 firmioribus
321 576 507 653 obesiores
521 575 630 653 fiunt.

138 713 210 765 cn'.
235 687 441 790 Colligitur
463 689 574 791 adeps
597 715 669 766 usu
692 692 805 769 multi
829 690 912 779 cibi,
937 690 1062 781 olecsi,
1100 716 1169 769 nu-

89 803 238 890 trientis,
254 824 307 876 ex
320 800 492 878 carnibus
507 804 708 903 presertim
725 805 852 898 (modo
867 805 1057 879 concoctio
1073 804 1171 880 bona

87 915 145 1014 sit)
160 925 201 989 et
229 923 345 1014 potus
361 913 486 1003 validi,
509 918 693 992 cerevisiae
707 919 901 1018 imprimis,
926 930 965 992 et
990 919 1106 993 animi
1130 926 1172 993 et

88 1027 245 1127 corporis
259 1027 389 1126 quiete
405 1037 444 1102 et
459 1028 735 1128 tranquillitate,
755 1029 877 1105 multo
892 1053 1024 1106 somno
1040 1039 1080 1106 et
1096 1043 1170 1106 tor·

88 1162 184 1237 pore,
207 1139 439 1228 castratione,
471 1140 617 1241 frigore,
642 1143 832 1243 sanguinis
866 1143 1093 1218 detractione
1117 1167 1172 1216 re·

90 1251 215 1350 petita,
225 1250 432 1351 multisque
446 1250 526 1327 aliis
542 1254 856 1330 exinanitionibus
870 1284 879 1341 3
905 1255 1088 1355 quicquid
1105 1255 1171 1330 sci·

94 1363 192 1451 licet,
214 1363 312 1439 salva
325 1366 491 1455 sanitate,
517 1365 613 1442 vires
630 1366 760 1441 vitales
776 1378 814 1443 et
837 1366 1023 1455 animales,
1047 1376 1087 1441 et
1101 1366 1172 1441 im·

97 1475 224 1574 primis
239 1474 357 1552 solitas
373 1478 609 1566 excretiones,
634 1479 783 1565 minuit,
812 1477 900 1554 huic
916 1479 1025 1555 favet.
1068 1477 1171 1553 Mul·

96 1598 176 1662 tum
200 1612 288 1664 vero
310 1590 449 1690 pendet
473 1591 519 1664 ab
543 1592 658 1690 ipsius
682 1595 840 1691 corporis
868 1588 1009 1681 habitu,
1047 1614 1170 1690 neque

91 1700 213 1790 homo,
231 1711 276 1776 ut
292 1701 370 1790 bos,
388 1703 435 1776 ad
452 1701 601 1777 libitum
619 1704 776 1801 saginari
792 1712 924 1804 potest.

135 1837 199 1891 cv.
225 1813 351 1902 Certa,
378 1813 582 1890 secundum
619 1825 767 1891 aetatem
792 1815 967 1906 hominis,
1003 1814 1170 1905 obesitas,

89 1944 271 2028 prosperae
286 1924 509 2001 valetudinis
533 1928 683 2027 signum
701 1939 757 2004 est
773 1939 812 2005 et
828 1926 992 2004 effectus.
1043 1927 1172 2002 Nimia

91 2062 184 2128 vero,
208 2041 291 2138 ipsa
307 2039 456 2114 morbus
480 2049 546 2127 est,
571 2049 610 2114 et
632 2041 788 2117 aliorum
806 2041 1022 2117 morborum
1039 2064 1169 2115 causa:

89 2176 231 2252 semper
246 2176 337 2226 vero
360 2160 399 2226 et
422 2152 620 2227 certissime
644 2153 870 2242 debellanda,
896 2155 926 2229 si
952 2153 1066 2229 modo
1090 2152 1171 2227 fue·

90 2264 162 2338 rint
176 2265 276 2339 bona
300 2263 472 2339 voluntas
495 2274 534 2339 et
550 2265 607 2339 vis
623 2266 750 2354 animi,
775 2265 898 2341 valida
922 2266 1081 2365 corporis
1106 2288 1170 2338 ex·
1241 2242 1263 2273 ⁸

93 2376 312 2463 ercitatione,
335 2376 600 2463 brevimmno,
629 2401 736 2474 parca
752 2387 790 2449 et
808 2378 900 2452 sicca
916 2366 1040 2450 diaeta.
1089 2375 1170 2450 Nec

60 2469 72 2494 ⁹
95 2483 197 2561 boile
211 2488 313 2564 miles
328 2489 516 2588 gregarius
532 2495 699 2586 repertus
715 2485 838 2575 fuerit,
854 2487 922 2585 qui
938 2486 985 2559 de
998 2485 1062 2558 tali
1076 2508 1171 2559 mor·

95 2597 143 2673 bo
157 2611 411 2700 conqueratur.

141 2733 221 2788 cvr.
237 2712 369 2813 Adeps
385 2736 529 2814 semper
544 2719 684 2811 partem
703 2708 805 2785 baud
821 2709 997 2809 exiguam
1014 2710 1174 2809 corporis

92 2823 188 2916 facit,
212 2824 413 2926 aliquando
428 2826 641 2900 maximam.
692 2821 781 2897 Non
798 2834 856 2898 est
868 2822 986 2922 igitur
1002 2821 1174 2896 dubitan-

92 2936 194 3026 dum,
218 2936 314 3038 quin
339 2963 424 3013 suos
440 2962 529 3013 usus
546 2936 689 3011 habeat.
739 2934 895 3011 Motum
920 2934 1117 3010 faciliorem
1136 2949 1176 3010 et

93 3051 298 3127 liberiorem
322 3049 455 3139 reddit,
479 3061 599 3150 partes
615 3048 817 3124 movendas
833 3046 1043 3136 oblinendo,
1068 3049 1175 3123 etsie

95 3160 300 3238 frictionem
334 3162 548 3237 minuendo.
599 3160 687 3237 Hoc
723 3161 846 3249 modo,
872 3184 920 3235 ne
953 3160 1175 3236 abraduntur

96 3273 216 3350 solidae
231 3283 364 3375 partes,
388 3276 490 3375 quod
515 3274 620 3348 aliter
644 3273 759 3363 fieret,
784 3274 964 3374 impedit;
994 3295 1062 3345 nec
1087 3273 1175 3346 sinit

95 3398 212 3486 partes
247 3386 387 3462 vicinas
420 3409 658 3474 concrescere,
695 3387 799 3484 quod
832 3383 1032 3482 aliquando
1055 3381 1110 3470 fit,
1145 3384 1176 3458 si

95 3498 215 3574 ulcere
233 3498 294 3574 vel
310 3499 381 3573 alio
393 3523 489 3587 casu,
506 3522 588 3598 pars
600 3498 724 3597 aliqua
735 3496 818 3573 telae
835 3521 920 3598 quae
930 3496 1077 3595 adipem
1091 3521 1176 3572 ecn-

95 3610 235 3688 tinebat
252 3613 441 3688 destructa
457 3611 577 3688 fuerit.

139 3747 237 3800 cvrr.
263 3722 382 3814 Quin,
412 3733 450 3798 et
465 3725 512 3798 ad
529 3724 687 3824 corporis
704 3724 861 3798 formam
877 3732 916 3797 et
933 3719 1176 3821 pulchritudi-

95 3857 178 3910 nem
208 3835 309 3914 baud
337 3860 467 3935 parum
502 3836 656 3925 confert,
681 3859 816 3935 magna
849 3837 1048 3911 interstitia
1080 3837 1177 3907 inter

92 3948 279 4027 ,musculos
307 3943 508 4046 implendo,
534 3972 619 4046 qnae
634 3972 767 4049 corpus
784 3946 946 4022 deforme
963 3958 1001 4021 et
1030 3947 1178 4049 borren-

97 4052 185 4137 dum
200 4060 409 4137 redderent.
459 4054 571 4136 Justa
586 4071 709 4137 autem
728 4061 966 4162 pinguedine,
988 4060 1067 4146 boe,
1093 4054 1177 4127 niti·

99 4167 194 4264 ditm,
211 4184 321 4259 teres,
338 4181 452 4271 atque
467 4173 669 4249 rotundum
689 4174 742 4250 fit..
794 4172 920 4260 Porro,
948 4171 1059 4268 adeps
1083 4159 1178 4236 colo-
