2678 4794
212 341 283 414 186
614 358 866 416 couseacrus
1063 362 1281 417 cauxvnr.

207 559 295 611 rum
329 541 530 633 occupant;
572 533 718 609 tandem
745 559 842 623 vero,
879 533 1040 609 relaxato
1074 538 1210 612 iterum
1246 547 1284 610 et

210 647 451 723 descendente
460 644 606 746 pyloro,
623 644 792 722 duodeno
804 646 961 720 traditur
972 646 1085 734 cibus,
1096 648 1177 744 jam
1190 648 1287 722 mul·

209 767 292 834 tum
309 759 459 845 solutus,
482 767 524 832 et
539 759 680 832 actione
696 757 1089 846 ventrium-subactus,
1112 761 1289 858 agitatus,

210 869 414 970 propulsus.

255 1003 421 1056 ncxxvr.
449 980 588 1055 Similis
607 1005 721 1056 massa
737 981 974 1068 alimentaria,
991 1004 1039 1053 ex
1056 981 1225 1054 carnibus
1252 990 1298 1056 et

204 1092 372 1191 frugibus
389 1093 516 1167 mixtis
533 1093 708 1181 confecta,
725 1117 812 1169 oum
828 1118 926 1192 aqua
942 1103 1009 1167 aut
1027 1092 1138 1167 saliva
1153 1092 1193 1164 in
1205 1091 1298 1191 pul.

203 1228 290 1301 pam
308 1202 455 1277 mollem
473 1206 586 1303 probe
616 1206 776 1293 subacta,
801 1203 1010 1292 emollita,
1035 1212 1073 1277 et
1094 1202 1226 1290 diluta,
1253 1214 1297 1280 et

202 1315 357 1390 demum
374 1315 499 1404 calore,
525 1317 644 1415 qualis
677 1318 716 1391 in
733 1340 882 1415 corpore
898 1325 964 1402 est,
980 1315 1066 1403 fota,
1092 1325 1196 1388 extra
1213 1339 1296 1391 cor·

202 1449 273 1524 pus
290 1430 466 1503 continuo
492 1428 772 1503 fermentescere
791 1429 942 1527 incipit:
968 1429 1129 1527 agitatur
1153 1426 1296 1503 scilicet

203 1538 377 1626 multum,
402 1551 440 1612 et
457 1539 662 1638 plurimum
679 1549 759 1614 aera
775 1538 933 1628 exhalat,
951 1548 990 1613 et
1008 1538 1142 1613 acescit
1157 1539 1295 1637 primo,

203 1661 243 1724 et
260 1650 393 1725 deinde
410 1654 598 1750 putrescit.
736 1658 741 1665 '

253 1786 436 1841 ncxxvu.
463 1765 567 1864 Saepe
591 1767 702 1840 etiam
728 1766 768 1839 in
793 1764 881 1838 vivo
897 1763 1048 1837 homine
1071 1763 1173 1837 idem
1196 1761 1295 1837 acci·

206 1876 292 1949 dere
309 1877 415 1951 dccet
442 1892 579 1964 ructus,
603 1877 737 1951 docent
764 1875 869 1950 dolor
885 1875 1091 1962 ventriculi,
1116 1885 1155 1950 et
1169 1872 1293 1949 vomi-

207 1999 268 2061 tus
285 1989 447 2062 materiae
462 1988 576 2064 acidae
591 1988 659 2065 vel.
667 1989 836 2088 putridae,
861 1987 956 2061 male
972 1986 1292 2084 concoquentibus

204 2098 404 2177 familiaria.
1155 2156 1164 2173 .

253 2234 451 2291 ccxxvnr.
477 2216 605 2302 Porro,
629 2215 879 2312 experimenta
896 2213 995 2287 hand
1012 2235 1137 2311 pauca,
1160 2211 1209 2284 de
1233 2209 1292 2283 iu-

203 2324 344 2399 dustria
359 2327 541 2416 instituta,
568 2327 809 2401 ostenderunt
833 2324 1006 2400 alimenta
1024 2325 1063 2398 in
1080 2321 1292 2397 ventrimrlo

207 2437 378 2525 hominis,
403 2440 571 2538 quamvis
596 2438 786 2525 sanissimi,
811 2461 952 2536 semper
969 2435 1202 2537 aliquantum
1219 2432 1292 2507 fer·

205 2562 440 2639 mentescere,
465 2554 658 2651 ipsamque
683 2575 835 2627 massam
863 2548 1139 2634 alimentariam,
1162 2546 1292 2645 paucis

206 2674 291 2758 post
307 2666 502 2761 prandium
521 2664 629 2750 horis,
647 2675 764 2739 totam
782 2658 951 2737 acescere.

254 2797 425 2849 ncxx1x.
452 2775 667 2849 Fatendum
684 2787 806 2848 tamen
825 2785 894 2862 est,
911 2774 972 2850 vel
988 2772 1091 2849 nulla
1106 2770 1290 2867 veilevis·

202 2881 297 2956 sima
321 2885 449 2959 saltem
474 2885 682 2959 istiusmodi
709 2887 927 2960 mutationis
951 2886 1097 2972 indicia,
1135 2885 1175 2958 in
1201 2906 1291 2959 sano

206 2993 365 3083 homine,
390 3019 428 3070 se
455 3018 620 3092 unquam
637 2994 829 3070 manifeste
846 2998 1019 3095 prodere:
1048 3015 1088 3071 et
1111 2995 1209 3071 bene
1224 3018 1290 3069 nc·

204 3115 287 3179 tum
305 3117 370 3193 est,
387 3131 464 3205 quo
475 3106 733 3181 vehementius
745 3107 1005 3184 fermentatum
1023 3108 1187 3183 fueritin
1199 3130 1288 3181 ven·

205 3217 348 3307 triculo,
366 3243 411 3294 ec
425 3218 501 3293 fere
518 3218 706 3292 hominem
725 3219 830 3318 pejus
842 3232 880 3294 et
898 3221 1036 3295 tardius
1048 3236 1287 3318 concoquere.

254 3354 404 3408 ncxxx.
434 3330 593 3406 Videtur
616 3332 733 3428 igitur
757 3331 897 3431 aliquid
922 3335 962 3406 in
979 3330 1187 3407 ventriculo
1202 3351 1289 3418 esse,

205 3445 308 3541 quod
332 3445 434 3519 istud
450 3443 728 3519 incommodum
751 3445 940 3545 impediat,
965 3468 1088 3544 neque
1112 3445 1212 3517 sinat
1226 3439 1288 3517 ali·

205 3564 331 3628 menta
355 3555 446 3630 adeo
471 3558 710 3630 vehementer
732 3558 1017 3631 fermentescere.
1069 3556 1210 3630 Succus
1234 3555 1288 3653 ip·

203 3666 280 3740 sius
296 3669 491 3742 ventriculi
508 3669 687 3768 proprius,
712 3670 878 3768 copiosus
908 3677 1076 3754 secretus,
1102 3667 1173 3741 hoc
1198 3689 1286 3765 praa

202 3787 298 3878 stare
314 3778 472 3853 videtur.
512 3782 551 3856 Si
564 3805 651 3856 vero
668 3780 809 3855 diutius
820 3780 924 3877 justo
935 3781 1006 3854 cibi
1024 3781 1064 3852 in
1077 3776 1285 3853 ventriculo

203 3890 345 3965 detenti
362 3892 500 3966 fuerint
530 3893 645 3991 (quod
663 3916 749 3966 sane
765 3893 830 3966 vix
852 3892 1022 3967 acciderit
1040 3890 1070 3965 si
1098 3888 1287 3964 concoctio

202 4001 366 4100 alioquin
384 4004 480 4077 bona
496 4003 622 4102 fuerit)
647 4004 707 4078 hic
724 4026 853 4078 succus
870 4028 944 4076 non
963 4001 1099 4077 sufficit
1125 4001 1172 4075 ad
1190 4024 1285 4075 ccm-

203 4114 421 4215 pescendam
438 4117 542 4190 istam
562 4116 820 4190 alimentorum
834 4115 879 4187 ad
891 4113 1191 4188 fermentandmn
1205 4134 1284 4211 prc-

202 4226 416 4316 clivitatem,
433 4254 518 4328 quae
534 4236 616 4305 tum
635 4251 711 4302 sese
731 4225 931 4303 manifestis
948 4226 1062 4326 signis
1079 4224 1215 4325 prodit.
