2678 4794
143 393 217 470 am
447 412 464 439 -·
552 397 802 456 consedemus
831 434 836 443 .
1019 396 1109 452 cae.
1127 397 1223 453 xxa

143 582 263 658 veluti
273 578 496 656 ranunculus
505 576 708 661 sceleratus,
719 572 972 659 urtioadioico,
982 598 1089 648 arum
1102 598 1223 649 macu-

147 695 277 782 latum,
293 716 435 767 asarum
454 690 694 786 Europaeum,
710 685 904 762 colchicum
921 685 1153 774 autumnale,
1169 685 1222 760 ai-

142 807 292 882 cotr'ana
303 804 481 888 tabacum,
491 800 664 900 digitalis
673 822 886 899 purpureo,
898 796 1091 872 callicocca
1106 798 1221 896 ἱρεοα·

141 919 301 1004 raama,
317 913 557 992 convolvolus
559 911 713 1011 jotopa,
729 911 860 985 abeam
874 908 1093 1008 palmatam,
1105 912 1219 984 rham-

142 1054 213 1104 nus
237 1029 464 1113 catharticus,
491 1027 695 1099 helleborus
712 1024 826 1121 niger,
851 1022 1000 1120 daphne
1016 1021 1220 1109 nteaeriam,

140 1152 181 1214 et
197 1141 327 1215 similia
343 1140 418 1214 iere
430 1141 635 1224 innumera,
652 1160 738 1235 qum
751 1136 810 1208 vel
824 1137 993 1209 universo
1009 1135 1155 1232 corpori
1164 1133 1219 1206 vel

139 1254 364 1350 quibusdam
381 1253 508 1326 saltem
539 1252 617 1348 ejus
634 1248 799 1347 partibus
815 1272 889 1345 prae
906 1248 1047 1321 caeteris
1072 1243 1218 1319 stimulo

140 1374 236 1438 sunt.
288 1366 577 1462 Variisquoque
594 1363 724 1436 harum
742 1360 937 1435 herbarum
955 1359 1134 1457 partibus,
1162 1379 1216 1431 ve-

139 1475 210 1550 luti
238 1477 430 1563 radicibus,
455 1488 520 1551 aut
547 1476 651 1560 foliis,
677 1485 743 1547 aut
768 1471 978 1557 seminibus,
1004 1479 1151 1545 constat
1167 1468 1215 1541 vis

135 1589 344 1677 stimulans,
368 1614 491 1688 neque
507 1591 546 1662 in
561 1587 641 1660 aliis
658 1585 823 1683 ejusdem
841 1584 962 1658 herbae
979 1586 1147 1682 partibus
1162 1605 1216 1681 pa·

140 1701 230 1775 riter
247 1703 437 1801 reperitur.

191 1837 329 1889 rrcxcr.
358 1815 582 1888 Aromaticae
598 1834 749 1910 quoque
765 1810 901 1909 fruges,
925 1815 1215 1888 numerosissima

139 1927 291 2022 quidem
319 1925 464 2008 familia,
490 1924 535 1997 ad
566 1947 679 1997 unam
707 1948 835 1996 omnes
858 1925 936 1997 vim
967 1924 1131 2023 aliquam
1160 1926 1215 2000 sti·

138 2036 343 2108 molantem
369 2035 515 2122 habent,
541 2045 580 2109 et
605 2036 776 2134 quaedam
803 2061 851 2109 ex
876 2038 919 2109 iis
936 2037 1162 2112 validissima
1182 2047 1216 2111 et

137 2146 249 2219 simul
278 2147 483 2243 gratissima
510 2148 672 2221 remedia
700 2148 926 2221 stimulantia
953 2148 1077 2224 fiunt:
1103 2150 1215 2249 cujus·

137 2259 238 2331 modi
257 2259 428 2357 exempla
443 2283 521 2333 esse
537 2273 703 2357 possunt,
721 2263 825 2360 piper
841 2285 963 2346 omne,
981 2262 1144 2361 nigrum,
1171 2261 1214 2336 al·

136 2371 239 2458 burn,
257 2371 423 2468 longum,
442 2380 587 2469 myrtae
600 2372 777 2470 pimenio,
796 2372 919 2446 laurus
931 2373 1214 2457 cinnamomum,

135 2483 279 2559 canello
293 2482 390 2571 albo,
408 2482 544 2559 lauram
556 2484 688 2570 cassio,
705 2482 972 2583 carpopbyllas
984 2487 1214 2573 aromaticus,

136 2598 328 2693 nrpristr'ca
341 2598 536 2683 moscltoto,
551 2597 672 2683 atacis,
684 2612 808 2671 cortex
821 2596 988 2670 ailiterae
997 2597 1214 2687 armnaticoe,

134 2734 327 2783 amomum
352 2710 529 2806 zingiber,
559 2712 646 2793 &c;
673 2711 808 2806 quibus
833 2708 1036 2806 adjungere
1065 2719 1213 2808 oportet,

135 2820 261 2891 herbas
279 2821 456 2916 quasdam
474 2823 685 2895 aromaticas
701 2823 874 2907 mitiores,
899 2820 1028 2918 quales
1057 2821 1211 2919 frigidio-

133 2955 189 3002 res
207 2940 340 3003 nostrae
357 2933 522 3027 regiones
541 2934 701 3004 ubertim
715 2932 849 3018 ferunt,
867 2933 970 3005 verbi
981 2957 1095 3018 causa,
1112 2953 1209 3005 men-

47 3069 50 3075 ·
133 3041 236 3112 thanr
255 3042 424 3128 viridem,
450 3042 642 3115 mentham
669 3044 875 3140 piperitam,
906 3045 1095 3119 mentham
1112 3041 1211 3141 pule·

132 3152 249 3250 glum,
278 3152 454 3250 thymum
481 3152 692 3250 serpyllum,
713 3153 931 3253 juniperum
963 3156 1136 3242 sabinam,
1160 3152 1210 3229 lo·

133 3263 331 3339 nandulum
348 3264 498 3364 spicam,
516 3266 760 3339 rosmarinum
773 3266 1004 3354 officinalem,
1021 3280 1061 3342 et
1076 3266 1209 3342 similia

133 3377 201 3450 Vis
218 3389 342 3453 autem
361 3377 554 3451 stimulans
571 3404 656 3475 quae
672 3379 845 3452 omnibus
873 3378 994 3452 herbis
1011 3378 1209 3453 aromaticis

130 3490 326 3588 contingit,
352 3491 523 3586 quamvis
540 3491 579 3563 in
597 3492 705 3564 variis
730 3516 856 3564 earum
874 3491 1041 3588 partibus
1070 3492 1208 3588 detega-

131 3610 202 3683 tur,
228 3600 303 3672 fere
328 3613 406 3675 tota
431 3604 568 3699 pendet
594 3628 642 3677 ex
666 3604 747 3678 oleo
783 3603 925 3677 illarum
962 3605 1122 3703 proprio,
1151 3624 1207 3675 seu

128 3710 327 3796 essentiali,
353 3725 396 3786 ut
413 3727 576 3803 voratur,
605 3716 714 3814 quale
742 3739 808 3814 per
823 3717 901 3789 vim
929 3717 1027 3814 ignis
1052 3715 1135 3791 elici
1150 3736 1207 3813 po

129 3833 226 3910 test;
254 3834 292 3897 et
309 3825 425 3922 igitur
452 3827 665 3927 ubicunque
691 3828 760 3902 hoo
777 3829 940 3904 maxime
956 3828 1135 3914 abundat,
1160 3822 1207 3899 ibi

127 3937 362 4034 potissimum
380 3940 570 4036 reperitur.

175 4049 486 4147 mcxc11.Aquae
520 4054 638 4150 igitur
674 4053 829 4125 istorum
856 4052 1204 4126 medicamentorum

125 4158 331 4247 destillotae,
356 4162 433 4233 sive
449 4170 580 4236 tenues
609 4165 686 4237 sive
710 4163 934 4262 spiritaosoe,
960 4174 1005 4237 ut
1023 4176 1202 4242 vocantur,

124 4273 243 4348 veluti
271 4274 434 4350 menthae
458 4275 636 4373 piperitae,
661 4284 728 4349 aut
755 4275 848 4353 lauri
881 4274 1121 4365 cinnamomi,
1144 4279 1201 4348 aut
