2678 4794
175 258 247 331 226
579 269 828 330 cousrrrcros
1074 272 1251 328 (τως,

177 472 254 552 que
269 448 390 551 primo
406 409 560 548 exiguae,
585 446 702 520 indies
719 453 895 532 crescunt,
923 455 1074 546 propter
1099 450 1256 524 rationes

47 575 50 581 ’
180 566 391 660 (nccxnvr)
417 570 642 634 memoratas.
693 559 797 657 Saepe
825 558 1053 634 descendunt
1070 584 1092 633 e
1107 564 1258 636 renibus

181 688 321 776 sponte,
337 675 414 747 sine
430 696 566 770 magno
581 670 705 745 dolore
722 681 787 747 aut
803 671 1046 758 incommodo,
1076 697 1200 770 neque
1216 676 1260 747 in

180 789 299 863 vesica
314 793 595 872 commorantur,
620 784 683 860 sed
701 785 804 859 brevi
828 807 914 857 cum
931 784 1036 857 urina
1051 808 1262 867 excemun·

182 908 254 975 tur.
304 897 442 995 Saepius
458 920 545 970 vero
574 896 615 970 in
641 895 789 970 renibus
805 896 955 983 baerent,
980 897 1095 969 donec
1112 905 1264 970 tantam

179 1011 323 1108 adeptae
355 1008 494 1082 fuerint
518 1008 665 1095 molem,
703 1018 842 1106 quanta
865 1031 961 1106 aegre
984 1032 1050 1105 per
1073 1016 1264 1082 meterem

181 1120 417 1195 descenderit.
468 1120 551 1193 Diu
576 1119 775 1218 aliquando
799 1121 838 1193 in
861 1143 950 1193 rene
972 1118 1099 1206 latent,
1124 1144 1263 1217 parurn

180 1240 363 1319 nocentes,
388 1255 511 1330 neque
534 1227 846 1331 prius'suspectae,
875 1255 986 1328 quam
1011 1230 1051 1302 in
1075 1240 1263 1306 meterem

179 1342 336 1443 delapsae
351 1343 452 1418 huno
467 1344 612 1418 irritent
628 1353 667 1418 et
682 1343 885 1430 obstruant,
904 1366 1114 1441 renemque,
1132 1344 1192 1417 vel
1208 1345 1262 1418 al·

180 1463 313 1545 terum,
330 1456 394 1530 vel·
406 1467 610 1555 utrumque
626 1480 691 1555 per
707 1479 935 1544 consensum,
960 1455 1130 1543 afficiant,
1148 1466 1186 1529 et
1203 1466 1261 1531 to-

181 1575 266 1642 tum
283 1593 413 1668 eorpus
442 1567 658 1642 convellant.
710 1568 815 1642 Hinc
837 1567 970 1668 ingens
984 1578 1022 1642 et
1051 1567 1129 1641 dira
1146 1568 1261 1643 malo·

181 1702 266 1755 rum
277 1680 425 1767 cohors:
443 1680 546 1754 dolor
555 1704 649 1778 saepe
659 1679 832 1753 immanis
842 1679 1013 1766 arcteris,
1023 1703 1170 1768 renum,
1179 1705 1261 1779 par·

181 1792 354 1893 tiumque
383 1793 597 1880 vicinarum,
621 1816 766 1878 nausea,
796 1792 967 1880 vomitus,
996 1793 1184 1867 concoctio
1209 1795 1260 1868 ci-

181 1904 314 1980 borum
331 1905 536 2004 depravata,
561 1905 760 1978 contractio
775 1904 946 1990 arcteris,
972 1905 1039 2002 qui
1055 1904 1155 1978 fibris
1180 1928 1261 1980 mo-

182 2018 354 2092 ventibus
382 2018 587 2104 instruitur,
626 2016 827 2092 obstructio
863 2017 988 2102 urinae,
1022 2016 1145 2116 gravis
1181 2016 1261 2091 irri-

181 2129 284 2217 tatio,
301 2153 395 2227 saepe
423 2129 677 2216 inflammatio
701 2128 900 2227 aliquando
921 2130 1136 2227 suppuratio
1151 2130 1263 2216 renis,

181 2241 396 2340 stranguria,
415 2241 572 2340 dysuria,
589 2239 765 2329 isclrmic,
782 2240 1049 2341 urinalimpida
1061 2241 1262 2330 interdum,

182 2369 278 2452 saepe
295 2378 451 2442 mucosa,
468 2355 572 2453 quasi
588 2353 796 2453 purulenta,
812 2352 873 2428 vel
889 2354 1177 2453 sanguinolenta,
1199 2351 1262 2427 vel

183 2465 299 2564 nigra,
328 2476 367 2540 et
394 2468 501 2541 febris
530 2465 729 2565 aliquando
748 2468 965 2552 vehemens;
989 2490 1263 2566 nonnunquam

183 2577 285 2652 tabes
301 2577 453 2668 renatis,
480 2579 573 2652 mira
599 2578 798 2678 aliquando
825 2580 1020 2678 corruptio,
1048 2578 1264 2666 obstructio,

183 2698 320 2774 tumor,
338 2691 480 2777 macies,
511 2690 585 2764 fere
601 2690 802 2764 destructio
818 2691 925 2778 renis,
952 2691 1003 2763 ita
1018 2698 1063 2763 ut
1079 2689 1171 2765 alter
1199 2690 1263 2764 ali-

154 2876 156 2880 ,
184 2800 334 2895 quando
350 2810 476 2898 aperto
491 2801 665 2874 cadavere
689 2799 845 2874 defuisse
861 2803 960 2875 visus
984 2801 1107 2877 suerit.
1158 2804 1264 2902 Saepe

184 2909 311 2996 etiam,
327 2910 420 2983 dum
436 2911 595 2986 calculus
611 2913 648 2984 in
669 2919 815 2986 oretere
831 2912 954 3000 haeret,
971 2912 1032 2986 vel
1047 2915 1181 3013 aegrius
1198 2939 1265 3015 per

184 3042 272 3093 eum
288 3019 489 3107 descendit,
505 3021 607 3093 dolor
623 3019 670 3093 ad
687 3032 829 3110 testem,
846 3024 906 3099 vel
921 3049 1005 3100 erus
1022 3025 1190 3123 ejusdem
1215 3026 1265 3101 la·
1307 3074 1313 3081 .

184 3132 281 3218 teris,
298 3143 542 3230 propagatur:
569 3131 796 3230 frequentius
809 3159 896 3209 vero
912 3137 959 3210 de
972 3149 1122 3235 stupore
1138 3139 1263 3225 cruris,

78 3296 81 3301 .
185 3250 224 3314 et
253 3266 360 3317 sensu
383 3243 488 3341 quasi
517 3245 620 3316 testis
649 3253 824 3320 retractus
852 3262 955 3336 esset,
984 3261 1266 3348 conquenmtur

184 3355 282 3450 aegri.
346 3356 442 3430 Haec
468 3350 581 3454 signa,
610 3356 689 3455 ipsa
717 3359 879 3457 profecto
907 3361 998 3435 levis
1023 3365 1219 3452 momenti,
1241 3387 1265 3436 a

185 3489 386 3566 compressa
390 3469 494 3570 fitne
509 3470 740 3568 spermatico,
767 3473 935 3570 proxime
951 3475 1020 3548 sub
1036 3485 1188 3552 uretere
1210 3474 1265 3574 ja·

185 3592 301 3664 cente,
318 3581 378 3654 vel
395 3581 521 3654 saltem
540 3606 562 3654 a
578 3581 726 3658 ramulis
743 3583 975 3681 quibusdam,
1003 3586 1124 3661 forsan
1141 3588 1266 3662 minu-

137 3738 141 3743 ·
185 3689 347 3778 tissimiS,
376 3716 574 3766 nervorum
591 3719 656 3793 per
679 3720 810 3793 psorem
829 3697 1036 3772 musculum
1053 3700 1100 3773 ad
1130 3709 1265 3775 testem

184 3801 245 3875 vel
261 3824 343 3884 crus
360 3804 608 3893 tendentibus,
624 3807 782 3893 irritatis,
807 3807 866 3880 vel
883 3812 1107 3908 compressis,
1125 3813 1204 3886 sive
1219 3811 1267 3884 ab

184 3914 265 4011 ipso
282 3924 404 3988 meatu
423 3917 539 3990 urinae
556 3917 756 4016 plurimum
774 3919 945 4006 distento,
963 3922 1039 3994 sive
1055 3947 1077 3994 a
1094 3923 1267 4022 musculo

182 4025 255 4099 isto
265 4036 413 4124 propter
425 4027 597 4102 viciniam
610 4041 721 4127 atque
731 4053 949 4105 consensum
963 4034 1161 4135 (cccnxrr)
1179 4060 1266 4111 cum

183 4149 287 4238 parte
316 4137 520 4225 laborante,
542 4150 720 4223 tumente,
751 4139 809 4211 vel
839 4144 987 4217 fortasse
1020 4145 1267 4234 inflammato,

161 4249 360 4350 originem
379 4250 562 4339 ducentia,
590 4252 724 4328 medici
753 4261 879 4329 tamen
906 4257 1155 4336 attentionem
1179 4262 1268 4362 jure
