2678 4794
66 320 153 380 m.
167 320 224 379 m.
339 318 562 378 nmmum
580 320 876 381 THEORETICAE.
1097 320 1148 389 88

66 929 149 1010 Ceu
160 930 233 1008 111
233 928 360 1005 -De
373 924 491 1005 solido
506 928 600 1016 uiuo,
616 954 683 1006 sea
694 955 837 1032 genere
853 956 1019 1025 aetuoso,
1048 939 1144 1038 ‹ey‘us-
1207 948 1218 959 '

107 1068 171 1145 que
192 1041 362 1131 dotibus,
377 1039 548 1144 fabrica,
576 1051 613 1117 et
628 1044 780 1131 insiliam
804 1072 872 1124 aee
896 1073 973 1125 siaa
989 1048 1035 1127 de
1057 1076 1143 1128 eoa·
1268 1088 1274 1097 -

98 1157 251 1257 Jatanls
285 1180 378 1257 qua
409 1153 511 1231 circa
545 1157 625 1253 ejas
657 1167 837 1305 naturane
861 1169 898 1238 et
917 1158 1142 1263 jonatnas

107 1269 256 1370 proluloe
271 1277 383 1347 sunt.

521 1580 695 1593 ᾖ

69 1859 138 1914 cus.
163 1813 315 1917 Solem
346 1838 449 1929 viva,
478 1840 539 1919 vel
568 1841 712 1930 uitalia,
736 1841 914 1917 dicuntur
941 1849 1061 1937 partes
1087 1867 1143 1915 so·

68 1945 142 2024 lide
155 1976 235 2050 quae
252 1976 411 2027 sensum
428 1965 467 2029 et
482 1955 728 2031 mobilitatem
743 1953 891 2029 habens
934 1952 1011 2028 Hae
1025 1952 1142 2044 dotes,

67 2062 171 2137 usito
183 2065 404 2163 pendentes,
424 2090 509 2142 cum
527 2093 571 2143 ea
585 2069 771 2168 incipiunt
786 2077 825 2142 et
840 2066 1025 2143 desinunt,
1060 2066 1141 2141 Do-

67 2182 114 2247 tes
140 2201 226 2251 vero
255 2179 422 2277 partium
451 2181 661 2269 solidarum,
690 2181 738 2255 de
767 2179 903 2278 quibus
929 2180 1074 2274 (LxxV,
1102 2191 1141 2254 et

68 2296 172 2386 seqq.)
188 2290 336 2365 dietum
351 2290 435 2380 suit,
452 2294 565 2369 etium
580 2304 665 2393 post
680 2302 840 2367 mortem
858 2301 1066 2391 supersunt.
1084 2352 1088 2360 .

111 2423 176 2475 cx.
195 2401 327 2479 Partes
343 2414 481 2494 autem,
497 2431 583 2505 quae
599 2405 659 2479 vel
691 2427 853 2489 sensum,
882 2403 942 2477 vel
960 2401 1142 2477 mobilita-

69 2517 153 2598 tem,
177 2512 236 2586 vel
252 2528 456 2615 utrumque
471 2517 621 2604 habent,
651 2524 740 2589 sunt
756 2514 958 2601 cerebrum,
988 2511 1144 2587 cerebel-

68 2617 154 2710 lum,
179 2623 338 2702 medulla
353 2627 564 2730 oblongata,
591 2624 753 2703 medulla
770 2623 942 2726 spinalis,
963 2625 1070 2699 nervi
1094 2648 1144 2701 ex

66 2731 116 2808 bis
130 2738 290 2827 oriundi,
319 2763 385 2839 per
411 2750 535 2817 totum
561 2742 638 2816 lere
663 2765 796 2839 corpus
812 2736 985 2825 diffusis
975 2762 1015 2812 ιιι
1041 2737 1143 2812 varia

65 2847 291 2948 singulorum
307 2876 483 2929 sensuum
499 2878 636 2954 organa
652 2862 692 2928 et
707 2851 920 2929 musculos
909 2851 1079 2950 impensi,
1101 2860 1141 2926 et
1278 2868 1283 2877 ‘

65 2957 210 3037 demum
229 2965 414 3039 musculi
405 2967 485 3064 1psi

106 3098 187 3150 cxi.
221 3077 357 3153 Sensus
373 3077 495 3155 multo
511 3080 629 3180 magis
645 3077 823 3179 generalis
850 3088 906 3154 est
929 3101 1045 3179 quam
1060 3101 1139 3151 mo·

64 3183 190 3275 bilitas,
216 3189 359 3288 quippe
387 3214 454 3289 qus
442 3191 643 3268 omnibus
667 3192 833 3290 partibus
855 3189 936 3288 jam
953 3189 1139 3265 recensitis

63 3303 265 3376 eommunis
293 3303 353 3389 sit,
379 3305 551 3402 quamvis
567 3304 675 3403 plane
704 3328 769 3403 per
797 3306 929 3378 nervos
952 3301 1047 3375 solos
1062 3299 1138 3374 fiat.

62 3408 248 3489 Mobilitas
277 3438 366 3489 vero
395 3414 481 3491 solis
509 3415 611 3490 fibris
643 3415 861 3491 musculosis
893 3424 950 3489 est
982 3413 1138 3512 pmpria

62 3520 286 3627 Ubicunque
313 3528 431 3627 igitur
458 3552 585 3605 sensus
600 3542 668 3616 est,
692 3529 745 3603 ibi
761 3528 888 3614 nervi3
906 3527 1139 3623 ‘ubieunque

61 3657 141 3713 vero
168 3639 357 3716 mobilitas
383 3641 608 3729 observatur,
632 3642 686 3716 ibi
711 3641 815 3717 fibrae
838 3636 1059 3719 musculosa
1083 3639 1138 3712 ui-

62 3747 189 3828 dentur
204 3778 295 3830 esse.

103 3889 201 3943 exn.
218 3867 337 3957 'Quin
355 3875 395 3943 et
410 3866 594 3943 mobilitas
619 3867 697 3966 ipsa
712 3890 735 3940 a
762 3889 877 3954 nexu,
906 3888 1020 3965 quem
1037 3883 1137 3936 mus-

64 3977 127 4052 culi
141 4005 228 4058 cum
246 3980 384 4068 nervis,
415 3984 478 4055 &u
505 3980 654 4065 hubent,
671 3978 831 4078 pendere
848 3979 1019 4053 videtur:
1048 3992 1136 4047 nam

63 4103 197 4181 resecto,
234 4094 300 4171 vel
334 4116 550 4194 compresso,
579 4090 641 4167 vel
672 4089 787 4190 ligato
820 4115 944 4177 nervo,
977 4078 1136 4163 musculi

588 4229 612 4280 c
