<?xml version="1.0" encoding="UTF-8"?>
<!DOCTYPE html PUBLIC "-//W3C//DTD XHTML 1.0 Transitional//EN"
    "http://www.w3.org/TR/xhtml1/DTD/xhtml1-transitional.dtd">
<html xmlns="http://www.w3.org/1999/xhtml" xml:lang="en" lang="en">
 <head>
  <title>
</title>
<meta http-equiv="Content-Type" content="text/html;charset=utf-8" />
  <meta name='ocr-system' content='tesseract 3.04.00' />
  <meta name='ocr-capabilities' content='ocr_page ocr_carea ocr_par ocr_line ocrx_word'/>
</head>
<body>
  <div class='ocr_page' id='page_1' title='image "./conspectusmedic01greggoog_0492.png"; bbox 0 0 2678 4794; ppageno 0'>
   <div class='ocr_carea' id='block_1_1' title="bbox 125 365 1198 440">
    <p class='ocr_par' dir='ltr' id='par_1_1' title="bbox 125 365 1198 440">
     <span class='ocr_line' id='line_1_1' title="bbox 125 365 1198 440; baseline 0.011 -14"><span class='ocrx_word' id='word_1_1' title='bbox 125 371 367 427; x_wconf 80' lang='lat' dir='ltr'><strong>oar.xxx1a</strong></span> <span class='ocrx_word' id='word_1_2' title='bbox 417 371 638 427; x_wconf 73' lang='lat' dir='ltr'><strong>Maurorum</strong></span> <span class='ocrx_word' id='word_1_3' title='bbox 656 375 944 433; x_wconf 77' lang='lat' dir='ltr'><strong>rnuoasrrom.</strong></span> <span class='ocrx_word' id='word_1_4' title='bbox 1127 365 1198 440; x_wconf 76' lang='lat'><strong>443</strong></span> 
     </span>
    </p>
   </div>
   <div class='ocr_carea' id='block_1_2' title="bbox 122 546 1202 1216">
    <p class='ocr_par' dir='ltr' id='par_1_2' title="bbox 125 546 1200 760">
     <span class='ocr_line' id='line_1_2' title="bbox 125 546 1200 648; baseline 0.01 -30"><span class='ocrx_word' id='word_1_5' title='bbox 125 546 166 619; x_wconf 92' lang='lat' dir='ltr'><strong>in</strong></span> <span class='ocrx_word' id='word_1_6' title='bbox 181 572 321 623; x_wconf 86' lang='lat' dir='ltr'>acorem</span> <span class='ocrx_word' id='word_1_7' title='bbox 339 548 470 634; x_wconf 90' lang='lat' dir='ltr'><strong>trahit;</strong></span> <span class='ocrx_word' id='word_1_8' title='bbox 497 562 670 648; x_wconf 86' lang='lat' dir='ltr'><strong>praeterea</strong></span> <span class='ocrx_word' id='word_1_9' title='bbox 685 552 934 630; x_wconf 87' lang='lat' dir='ltr'><strong>ventriculum</strong></span> <span class='ocrx_word' id='word_1_10' title='bbox 965 554 1128 630; x_wconf 91' lang='lat' dir='ltr'><strong>multum</strong></span> <span class='ocrx_word' id='word_1_11' title='bbox 1143 555 1200 629; x_wconf 89' lang='lat' dir='ltr'><strong>in·</strong></span> 
     </span>
     <span class='ocr_line' id='line_1_3' title="bbox 125 660 788 760; baseline 0.011 -28"><span class='ocrx_word' id='word_1_12' title='bbox 125 660 254 748; x_wconf 87' lang='lat' dir='ltr'><strong>linuat,</strong></span> <span class='ocrx_word' id='word_1_13' title='bbox 280 673 318 734; x_wconf 89' lang='lat' dir='ltr'><strong>et</strong></span> <span class='ocrx_word' id='word_1_14' title='bbox 334 662 385 736; x_wconf 90' lang='lat' dir='ltr'><strong>sic</strong></span> <span class='ocrx_word' id='word_1_15' title='bbox 401 686 550 760; x_wconf 90' lang='lat' dir='ltr'><strong>quoque</strong></span> <span class='ocrx_word' id='word_1_16' title='bbox 565 664 662 737; x_wconf 85' lang='lat' dir='ltr'><strong>acori</strong></span> <span class='ocrx_word' id='word_1_17' title='bbox 679 662 788 738; x_wconf 89' lang='lat' dir='ltr'><strong>favet.</strong></span> 
     </span>
    </p>

    <p class='ocr_par' dir='ltr' id='par_1_3' title="bbox 122 776 1202 1216">
     <span class='ocr_line' id='line_1_4' title="bbox 175 776 1200 874; baseline 0.007 -27"><span class='ocrx_word' id='word_1_18' title='bbox 175 797 363 849; x_wconf 84' lang='lat' dir='ltr'><strong>ucccxrv.</strong></span> <span class='ocrx_word' id='word_1_19' title='bbox 391 776 574 862; x_wconf 87' lang='lat' dir='ltr'><strong>Quamvis</strong></span> <span class='ocrx_word' id='word_1_20' title='bbox 596 777 791 874; x_wconf 89' lang='lat' dir='ltr'><strong>primarius</strong></span> <span class='ocrx_word' id='word_1_21' title='bbox 807 777 1068 854; x_wconf 60' lang='lat' dir='ltr'><strong>notandorum</strong></span> <span class='ocrx_word' id='word_1_22' title='bbox 1085 803 1200 854; x_wconf 87' lang='lat' dir='ltr'><strong>reme·</strong></span> 
     </span>
     <span class='ocr_line' id='line_1_5' title="bbox 122 885 1199 988; baseline 0.007 -29"><span class='ocrx_word' id='word_1_23' title='bbox 122 885 265 960; x_wconf 81' lang='lat' dir='ltr'><strong>diorum</strong></span> <span class='ocrx_word' id='word_1_24' title='bbox 284 910 374 961; x_wconf 89' lang='lat' dir='ltr'><strong>usus</strong></span> <span class='ocrx_word' id='word_1_25' title='bbox 391 888 437 960; x_wconf 92' lang='lat' dir='ltr'><strong>sit</strong></span> <span class='ocrx_word' id='word_1_26' title='bbox 454 911 597 961; x_wconf 83' lang='lat' dir='ltr'><strong>acorem</strong></span> <span class='ocrx_word' id='word_1_27' title='bbox 624 889 837 988; x_wconf 89' lang='lat' dir='ltr'><strong>ubicunque</strong></span> <span class='ocrx_word' id='word_1_28' title='bbox 854 893 1075 966; x_wconf 85' lang='lat' dir='ltr'><strong>existentem</strong></span> <span class='ocrx_word' id='word_1_29' title='bbox 1092 894 1199 967; x_wconf 89' lang='lat' dir='ltr'><strong>corri-</strong></span> 
     </span>
     <span class='ocr_line' id='line_1_6' title="bbox 122 999 1202 1097; baseline 0.007 -25"><span class='ocrx_word' id='word_1_30' title='bbox 122 1022 219 1097; x_wconf 86' lang='lat' dir='ltr'>gere,</span> <span class='ocrx_word' id='word_1_31' title='bbox 244 1011 369 1072; x_wconf 83' lang='lat' dir='ltr'><strong>tamen</strong></span> <span class='ocrx_word' id='word_1_32' title='bbox 387 999 466 1071; x_wconf 90' lang='lat' dir='ltr'><strong>aliis</strong></span> <span class='ocrx_word' id='word_1_33' title='bbox 482 1022 633 1097; x_wconf 90' lang='lat' dir='ltr'><strong>quoque</strong></span> <span class='ocrx_word' id='word_1_34' title='bbox 658 1003 784 1077; x_wconf 88' lang='lat' dir='ltr'><strong>usibus</strong></span> <span class='ocrx_word' id='word_1_35' title='bbox 807 1004 996 1079; x_wconf 85' lang='lat' dir='ltr'><strong>interdum</strong></span> <span class='ocrx_word' id='word_1_36' title='bbox 1026 1006 1202 1079; x_wconf 89' lang='lat' dir='ltr'><strong>inservire</strong></span> 
     </span>
     <span class='ocr_line' id='line_1_7' title="bbox 124 1111 1201 1216; baseline 0.006 -32"><span class='ocrx_word' id='word_1_37' title='bbox 124 1124 288 1209; x_wconf 85' lang='lat' dir='ltr'><strong>possunt.</strong></span> <span class='ocrx_word' id='word_1_38' title='bbox 339 1111 455 1184; x_wconf 81' lang='lat' dir='ltr'><strong>Ratio</strong></span> <span class='ocrx_word' id='word_1_39' title='bbox 467 1113 567 1184; x_wconf 89' lang='lat' dir='ltr'><strong>enim</strong></span> <span class='ocrx_word' id='word_1_40' title='bbox 586 1112 704 1202; x_wconf 86' lang='lat' dir='ltr'><strong>docet,</strong></span> <span class='ocrx_word' id='word_1_41' title='bbox 729 1128 768 1187; x_wconf 89' lang='lat' dir='ltr'><strong>et</strong></span> <span class='ocrx_word' id='word_1_42' title='bbox 784 1118 1011 1216; x_wconf 81' lang='lat' dir='ltr'><strong>experientia</strong></span> <span class='ocrx_word' id='word_1_43' title='bbox 1027 1118 1201 1205; x_wconf 84' lang='lat' dir='ltr'><strong>ostendit,</strong></span> 
     </span>
    </p>
   </div>
   <div class='ocr_carea' id='block_1_3' title="bbox 123 1222 1299 4347">
    <p class='ocr_par' dir='ltr' id='par_1_4' title="bbox 123 1222 1299 2330">
     <span class='ocr_line' id='line_1_8' title="bbox 124 1222 1284 1323; baseline 0.003 -28"><span class='ocrx_word' id='word_1_44' title='bbox 124 1247 168 1295; x_wconf 88' lang='lat' dir='ltr'><strong>ea</strong></span> <span class='ocrx_word' id='word_1_45' title='bbox 197 1224 305 1296; x_wconf 87' lang='lat' dir='ltr'><strong>variis</strong></span> <span class='ocrx_word' id='word_1_46' title='bbox 335 1224 374 1295; x_wconf 93' lang='lat' dir='ltr'><strong>in</strong></span> <span class='ocrx_word' id='word_1_47' title='bbox 405 1222 540 1295; x_wconf 88' lang='lat' dir='ltr'><strong>morbis</strong></span> <span class='ocrx_word' id='word_1_48' title='bbox 569 1225 749 1320; x_wconf 82' lang='lat' dir='ltr'><strong>prodesse,</strong></span> <span class='ocrx_word' id='word_1_49' title='bbox 774 1229 838 1323; x_wconf 92' lang='lat' dir='ltr'><strong>qui</strong></span> <span class='ocrx_word' id='word_1_50' title='bbox 866 1229 926 1302; x_wconf 89' lang='lat' dir='ltr'><strong>vel</strong></span> <span class='ocrx_word' id='word_1_51' title='bbox 955 1231 1127 1304; x_wconf 88' lang='lat' dir='ltr'><strong>oriuntur</strong></span> <span class='ocrx_word' id='word_1_52' title='bbox 1154 1229 1201 1304; x_wconf 87' lang='lat' dir='ltr'><strong>ab</strong></span> <span class='ocrx_word' id='word_1_53' title='bbox 1274 1286 1284 1299; x_wconf 88' lang='lat'><strong><em>.</em></strong></span> 
     </span>
     <span class='ocr_line' id='line_1_9' title="bbox 123 1334 1203 1436; baseline 0.006 -28"><span class='ocrx_word' id='word_1_54' title='bbox 123 1359 238 1420; x_wconf 89' lang='lat' dir='ltr'><strong>acore,</strong></span> <span class='ocrx_word' id='word_1_55' title='bbox 264 1334 323 1407; x_wconf 90' lang='lat' dir='ltr'><strong>vel</strong></span> <span class='ocrx_word' id='word_1_56' title='bbox 340 1358 424 1407; x_wconf 91' lang='lat' dir='ltr'><strong>cum</strong></span> <span class='ocrx_word' id='word_1_57' title='bbox 453 1358 498 1407; x_wconf 91' lang='lat' dir='ltr'><strong>eo</strong></span> <span class='ocrx_word' id='word_1_58' title='bbox 522 1336 823 1435; x_wconf 85' lang='lat' dir='ltr'><strong>conjunguntur:</strong></span> <span class='ocrx_word' id='word_1_59' title='bbox 849 1340 953 1436; x_wconf 89' lang='lat' dir='ltr'><strong>cujus</strong></span> <span class='ocrx_word' id='word_1_60' title='bbox 978 1342 1030 1414; x_wconf 90' lang='lat' dir='ltr'><strong>rei</strong></span> <span class='ocrx_word' id='word_1_61' title='bbox 1059 1342 1154 1414; x_wconf 90' lang='lat' dir='ltr'><strong>ratio</strong></span> <span class='ocrx_word' id='word_1_62' title='bbox 1181 1365 1203 1414; x_wconf 92' lang='lat' dir='ltr'><strong>a</strong></span> 
     </span>
     <span class='ocr_line' id='line_1_10' title="bbox 124 1446 1204 1547; baseline 0.006 -27"><span class='ocrx_word' id='word_1_63' title='bbox 124 1461 256 1520; x_wconf 89' lang='lat' dir='ltr'><strong>natura</strong></span> <span class='ocrx_word' id='word_1_64' title='bbox 271 1446 420 1520; x_wconf 92' lang='lat' dir='ltr'><strong>illorum</strong></span> <span class='ocrx_word' id='word_1_65' title='bbox 438 1448 649 1522; x_wconf 89' lang='lat' dir='ltr'><strong>morborum</strong></span> <span class='ocrx_word' id='word_1_66' title='bbox 671 1450 831 1547; x_wconf 88' lang='lat' dir='ltr'><strong>petenda</strong></span> <span class='ocrx_word' id='word_1_67' title='bbox 847 1464 912 1524; x_wconf 88' lang='lat' dir='ltr'><strong>est.</strong></span> <span class='ocrx_word' id='word_1_68' title='bbox 946 1448 1023 1525; x_wconf 88' lang='lat' dir='ltr'><strong>&#39;Sic</strong></span> <span class='ocrx_word' id='word_1_69' title='bbox 1039 1454 1079 1525; x_wconf 92' lang='lat' dir='ltr'><strong>in</strong></span> <span class='ocrx_word' id='word_1_70' title='bbox 1096 1454 1204 1526; x_wconf 89' lang='lat' dir='ltr'><strong>variis</strong></span> 
     </span>
     <span class='ocr_line' id='line_1_11' title="bbox 124 1559 1206 1661; baseline 0.005 -30"><span class='ocrx_word' id='word_1_71' title='bbox 124 1559 262 1632; x_wconf 90' lang='lat' dir='ltr'><strong>morbis</strong></span> <span class='ocrx_word' id='word_1_72' title='bbox 281 1559 477 1646; x_wconf 90' lang='lat' dir='ltr'><strong>infantum,</strong></span> <span class='ocrx_word' id='word_1_73' title='bbox 504 1561 543 1633; x_wconf 91' lang='lat' dir='ltr'><strong>in</strong></span> <span class='ocrx_word' id='word_1_74' title='bbox 560 1559 772 1660; x_wconf 76' lang='lat' dir='ltr'><strong>dyspepsia,</strong></span> <span class='ocrx_word' id='word_1_75' title='bbox 790 1574 828 1635; x_wconf 91' lang='lat' dir='ltr'><strong>et</strong></span> <span class='ocrx_word' id='word_1_76' title='bbox 844 1561 1022 1660; x_wconf 72' lang='lat' dir='ltr'><strong>hystoria,</strong></span> <span class='ocrx_word' id='word_1_77' title='bbox 1039 1564 1078 1636; x_wconf 92' lang='lat' dir='ltr'><strong>in</strong></span> <span class='ocrx_word' id='word_1_78' title='bbox 1095 1564 1206 1661; x_wconf 87' lang='lat' dir='ltr'><strong>poda-</strong></span> 
     </span>
     <span class='ocr_line' id='line_1_12' title="bbox 123 1671 1205 1772; baseline 0.006 -31"><span class='ocrx_word' id='word_1_79' title='bbox 123 1695 200 1770; x_wconf 83' lang='lat' dir='ltr'><strong>gra,</strong></span> <span class='ocrx_word' id='word_1_80' title='bbox 225 1684 264 1743; x_wconf 93' lang='lat' dir='ltr'><strong>et</strong></span> <span class='ocrx_word' id='word_1_81' title='bbox 291 1672 330 1744; x_wconf 93' lang='lat' dir='ltr'><strong>in</strong></span> <span class='ocrx_word' id='word_1_82' title='bbox 361 1671 500 1745; x_wconf 87' lang='lat' dir='ltr'><strong>calculo</strong></span> <span class='ocrx_word' id='word_1_83' title='bbox 528 1674 668 1760; x_wconf 78' lang='lat' dir='ltr'><strong>vesicae,</strong></span> <span class='ocrx_word' id='word_1_84' title='bbox 693 1673 754 1747; x_wconf 88' lang='lat' dir='ltr'><strong>vel</strong></span> <span class='ocrx_word' id='word_1_85' title='bbox 783 1674 911 1748; x_wconf 85' lang='lat' dir='ltr'><strong>saltem</strong></span> <span class='ocrx_word' id='word_1_86' title='bbox 941 1699 1084 1761; x_wconf 89' lang='lat' dir='ltr'><strong>renum,</strong></span> <span class='ocrx_word' id='word_1_87' title='bbox 1110 1699 1205 1772; x_wconf 87' lang='lat' dir='ltr'><strong>saepe</strong></span> 
     </span>
     <span class='ocr_line' id='line_1_13' title="bbox 125 1783 1299 1881; baseline 0.001 -23"><span class='ocrx_word' id='word_1_88' title='bbox 125 1783 319 1858; x_wconf 89' lang='lat' dir='ltr'><strong>utilissima</strong></span> <span class='ocrx_word' id='word_1_89' title='bbox 348 1784 591 1881; x_wconf 88' lang='lat' dir='ltr'><strong>reperiuntur.</strong></span> <span class='ocrx_word' id='word_1_90' title='bbox 659 1785 764 1871; x_wconf 86' lang='lat' dir='ltr'><strong>Quin</strong></span> <span class='ocrx_word' id='word_1_91' title='bbox 794 1796 831 1860; x_wconf 91' lang='lat' dir='ltr'><strong>et</strong></span> <span class='ocrx_word' id='word_1_92' title='bbox 861 1785 1040 1859; x_wconf 90' lang='lat' dir='ltr'><strong>nonnulla</strong></span> <span class='ocrx_word' id='word_1_93' title='bbox 1066 1810 1206 1873; x_wconf 91' lang='lat' dir='ltr'><strong>eorum,</strong></span> <span class='ocrx_word' id='word_1_94' title='bbox 1295 1806 1299 1813; x_wconf 87' lang='lat'>·</span> 
     </span>
     <span class='ocr_line' id='line_1_14' title="bbox 126 1894 1206 1993; baseline 0.003 -26"><span class='ocrx_word' id='word_1_95' title='bbox 126 1894 215 1969; x_wconf 91' lang='lat' dir='ltr'><strong>dum</strong></span> <span class='ocrx_word' id='word_1_96' title='bbox 234 1918 376 1968; x_wconf 85' lang='lat' dir='ltr'><strong>acorem</strong></span> <span class='ocrx_word' id='word_1_97' title='bbox 394 1895 595 1993; x_wconf 77' lang='lat' dir='ltr'><strong>corngrmt,</strong></span> <span class='ocrx_word' id='word_1_98' title='bbox 620 1895 747 1970; x_wconf 91' lang='lat' dir='ltr'><strong>alvum</strong></span> <span class='ocrx_word' id='word_1_99' title='bbox 771 1898 932 1984; x_wconf 88' lang='lat' dir='ltr'><strong>solvunt,</strong></span> <span class='ocrx_word' id='word_1_100' title='bbox 957 1897 1027 1971; x_wconf 88' lang='lat' dir='ltr'><strong>alia</strong></span> <span class='ocrx_word' id='word_1_101' title='bbox 1052 1899 1206 1984; x_wconf 90' lang='lat' dir='ltr'><strong>urinam,</strong></span> 
     </span>
     <span class='ocr_line' id='line_1_15' title="bbox 127 2005 1206 2104; baseline 0.001 -24"><span class='ocrx_word' id='word_1_102' title='bbox 127 2005 198 2080; x_wconf 92' lang='lat' dir='ltr'><strong>alia</strong></span> <span class='ocrx_word' id='word_1_103' title='bbox 214 2005 481 2080; x_wconf 80' lang='lat' dir='ltr'><strong>exhalationem</strong></span> <span class='ocrx_word' id='word_1_104' title='bbox 501 2032 566 2104; x_wconf 88' lang='lat' dir='ltr'><strong>per</strong></span> <span class='ocrx_word' id='word_1_105' title='bbox 582 2019 718 2095; x_wconf 87' lang='lat' dir='ltr'><strong>cutem,</strong></span> <span class='ocrx_word' id='word_1_106' title='bbox 742 2009 804 2083; x_wconf 89' lang='lat' dir='ltr'><strong>vel</strong></span> <span class='ocrx_word' id='word_1_107' title='bbox 823 2011 936 2083; x_wconf 91' lang='lat' dir='ltr'><strong>etiam</strong></span> <span class='ocrx_word' id='word_1_108' title='bbox 954 2010 1125 2083; x_wconf 89' lang='lat' dir='ltr'><strong>sudorem</strong></span> <span class='ocrx_word' id='word_1_109' title='bbox 1143 2008 1206 2081; x_wconf 90' lang='lat' dir='ltr'><strong>ali-</strong></span> 
     </span>
     <span class='ocr_line' id='line_1_16' title="bbox 128 2119 1205 2216; baseline 0.005 -24"><span class='ocrx_word' id='word_1_110' title='bbox 128 2129 310 2215; x_wconf 89' lang='lat' dir='ltr'><strong>quantum</strong></span> <span class='ocrx_word' id='word_1_111' title='bbox 326 2133 497 2192; x_wconf 88' lang='lat' dir='ltr'><strong>movent:</strong></span> <span class='ocrx_word' id='word_1_112' title='bbox 524 2121 587 2191; x_wconf 89' lang='lat' dir='ltr'><strong>sed</strong></span> <span class='ocrx_word' id='word_1_113' title='bbox 604 2120 652 2192; x_wconf 91' lang='lat' dir='ltr'><strong>de</strong></span> <span class='ocrx_word' id='word_1_114' title='bbox 669 2119 883 2216; x_wconf 89' lang='lat' dir='ltr'><strong>hujusmodi</strong></span> <span class='ocrx_word' id='word_1_115' title='bbox 899 2122 1047 2196; x_wconf 93' lang='lat' dir='ltr'><strong>illorum</strong></span> <span class='ocrx_word' id='word_1_116' title='bbox 1063 2120 1205 2198; x_wconf 87' lang='lat' dir='ltr'><strong>viribus</strong></span> 
     </span>
     <span class='ocr_line' id='line_1_17' title="bbox 127 2230 632 2330; baseline 0.004 -26"><span class='ocrx_word' id='word_1_117' title='bbox 127 2253 204 2304; x_wconf 89' lang='lat' dir='ltr'><strong>non</strong></span> <span class='ocrx_word' id='word_1_118' title='bbox 222 2230 281 2306; x_wconf 89' lang='lat' dir='ltr'><strong>hic</strong></span> <span class='ocrx_word' id='word_1_119' title='bbox 297 2243 353 2306; x_wconf 85' lang='lat' dir='ltr'><strong>est</strong></span> <span class='ocrx_word' id='word_1_120' title='bbox 369 2232 470 2305; x_wconf 87' lang='lat' dir='ltr'><strong>locus</strong></span> <span class='ocrx_word' id='word_1_121' title='bbox 487 2231 632 2330; x_wconf 87' lang='lat' dir='ltr'><strong>agendi.</strong></span> 
     </span>
    </p>

    <p class='ocr_par' dir='ltr' id='par_1_5' title="bbox 127 2343 1219 3451">
     <span class='ocr_line' id='line_1_18' title="bbox 178 2343 1208 2442; baseline 0.001 -25"><span class='ocrx_word' id='word_1_122' title='bbox 178 2365 353 2419; x_wconf 76' lang='lat' dir='ltr'><strong>mcccxv.</strong></span> <span class='ocrx_word' id='word_1_123' title='bbox 380 2343 560 2431; x_wconf 74' lang='lat' dir='ltr'><strong>Quadam</strong></span> <span class='ocrx_word' id='word_1_124' title='bbox 586 2344 748 2442; x_wconf 87' lang='lat' dir='ltr'><strong>denique</strong></span> <span class='ocrx_word' id='word_1_125' title='bbox 765 2368 812 2418; x_wconf 88' lang='lat' dir='ltr'><strong>ex</strong></span> <span class='ocrx_word' id='word_1_126' title='bbox 829 2345 884 2431; x_wconf 89' lang='lat' dir='ltr'><strong>iis,</strong></span> <span class='ocrx_word' id='word_1_127' title='bbox 910 2344 1000 2418; x_wconf 89' lang='lat' dir='ltr'><strong>sales</strong></span> <span class='ocrx_word' id='word_1_128' title='bbox 1028 2345 1208 2442; x_wconf 89' lang='lat' dir='ltr'><strong>imprimis</strong></span> 
     </span>
     <span class='ocr_line' id='line_1_19' title="bbox 127 2452 1209 2553; baseline -0.001 -25"><span class='ocrx_word' id='word_1_129' title='bbox 127 2452 291 2542; x_wconf 73' lang='lat' dir='ltr'><strong>abalim,</strong></span> <span class='ocrx_word' id='word_1_130' title='bbox 317 2466 356 2529; x_wconf 90' lang='lat' dir='ltr'><strong>et</strong></span> <span class='ocrx_word' id='word_1_131' title='bbox 372 2465 479 2529; x_wconf 81' lang='lat' dir='ltr'><strong>terrae</strong></span> <span class='ocrx_word' id='word_1_132' title='bbox 502 2454 748 2542; x_wconf 83' lang='lat' dir='ltr'><strong>absorbentes,</strong></span> <span class='ocrx_word' id='word_1_133' title='bbox 774 2456 838 2529; x_wconf 93' lang='lat' dir='ltr'><strong>diu</strong></span> <span class='ocrx_word' id='word_1_134' title='bbox 857 2466 896 2529; x_wconf 93' lang='lat' dir='ltr'><strong>et</strong></span> <span class='ocrx_word' id='word_1_135' title='bbox 912 2455 1012 2553; x_wconf 82' lang='lat' dir='ltr'><strong>large</strong></span> <span class='ocrx_word' id='word_1_136' title='bbox 1035 2454 1209 2543; x_wconf 90' lang='lat' dir='ltr'><strong>adhibita,</strong></span> 
     </span>
     <span class='ocr_line' id='line_1_20' title="bbox 128 2566 1211 2666; baseline -0.001 -25"><span class='ocrx_word' id='word_1_137' title='bbox 128 2568 371 2655; x_wconf 86' lang='lat' dir='ltr'><strong>incommodo,</strong></span> <span class='ocrx_word' id='word_1_138' title='bbox 389 2581 427 2640; x_wconf 89' lang='lat' dir='ltr'><strong>et</strong></span> <span class='ocrx_word' id='word_1_139' title='bbox 441 2569 630 2641; x_wconf 79' lang='lat' dir='ltr'><strong>interdum</strong></span> <span class='ocrx_word' id='word_1_140' title='bbox 643 2567 761 2641; x_wconf 85' lang='lat' dir='ltr'><strong>forsan</strong></span> <span class='ocrx_word' id='word_1_141' title='bbox 776 2566 939 2666; x_wconf 90' lang='lat' dir='ltr'><strong>periculo</strong></span> <span class='ocrx_word' id='word_1_142' title='bbox 956 2566 1116 2664; x_wconf 91' lang='lat' dir='ltr'><strong>quodam</strong></span> <span class='ocrx_word' id='word_1_143' title='bbox 1134 2589 1211 2640; x_wconf 92' lang='lat' dir='ltr'><strong>non</strong></span> 
     </span>
     <span class='ocr_line' id='line_1_21' title="bbox 131 2677 1212 2777; baseline -0.001 -23"><span class='ocrx_word' id='word_1_144' title='bbox 131 2690 266 2767; x_wconf 81' lang='lat' dir='ltr'><strong>carent,</strong></span> <span class='ocrx_word' id='word_1_145' title='bbox 284 2681 462 2753; x_wconf 90' lang='lat' dir='ltr'><strong>nimirum</strong></span> <span class='ocrx_word' id='word_1_146' title='bbox 480 2681 604 2754; x_wconf 87' lang='lat' dir='ltr'><strong>sinon</strong></span> <span class='ocrx_word' id='word_1_147' title='bbox 615 2678 728 2753; x_wconf 89' lang='lat' dir='ltr'><strong>modo</strong></span> <span class='ocrx_word' id='word_1_148' title='bbox 739 2678 952 2752; x_wconf 87' lang='lat' dir='ltr'><strong>morbosum</strong></span> <span class='ocrx_word' id='word_1_149' title='bbox 968 2679 1035 2777; x_wconf 92' lang='lat' dir='ltr'><strong>qui</strong></span> <span class='ocrx_word' id='word_1_150' title='bbox 1053 2677 1212 2753; x_wconf 90' lang='lat' dir='ltr'><strong>adfuerit</strong></span> 
     </span>
     <span class='ocr_line' id='line_1_22' title="bbox 130 2790 1211 2888; baseline -0.001 -23"><span class='ocrx_word' id='word_1_151' title='bbox 130 2815 272 2866; x_wconf 82' lang='lat' dir='ltr'><strong>acorem</strong></span> <span class='ocrx_word' id='word_1_152' title='bbox 289 2793 522 2879; x_wconf 83' lang='lat' dir='ltr'><strong>correxerint,</strong></span> <span class='ocrx_word' id='word_1_153' title='bbox 542 2792 604 2865; x_wconf 88' lang='lat' dir='ltr'><strong>sed</strong></span> <span class='ocrx_word' id='word_1_154' title='bbox 621 2814 772 2881; x_wconf 81' lang='lat' dir='ltr'><strong>omnem</strong></span> <span class='ocrx_word' id='word_1_155' title='bbox 789 2814 929 2864; x_wconf 87' lang='lat' dir='ltr'><strong>acorem</strong></span> <span class='ocrx_word' id='word_1_156' title='bbox 954 2790 1211 2888; x_wconf 86' lang='lat' dir='ltr'><strong>absorpserint.</strong></span> 
     </span>
     <span class='ocr_line' id='line_1_23' title="bbox 132 2902 1212 3002; baseline -0.002 -24"><span class='ocrx_word' id='word_1_157' title='bbox 132 2903 192 2978; x_wconf 87' lang='lat' dir='ltr'><strong>Sic</strong></span> <span class='ocrx_word' id='word_1_158' title='bbox 208 2905 308 2976; x_wconf 92' lang='lat' dir='ltr'><strong>enim</strong></span> <span class='ocrx_word' id='word_1_159' title='bbox 326 2905 562 3002; x_wconf 88' lang='lat' dir='ltr'><strong>putredinem</strong></span> <span class='ocrx_word' id='word_1_160' title='bbox 580 2903 754 3002; x_wconf 86' lang='lat' dir='ltr'><strong>aliquam,</strong></span> <span class='ocrx_word' id='word_1_161' title='bbox 785 2926 860 2977; x_wconf 91' lang='lat' dir='ltr'><strong>non</strong></span> <span class='ocrx_word' id='word_1_162' title='bbox 890 2902 1003 2977; x_wconf 93' lang='lat' dir='ltr'><strong>modo</strong></span> <span class='ocrx_word' id='word_1_163' title='bbox 1019 2903 1058 2975; x_wconf 91' lang='lat' dir='ltr'><strong>in</strong></span> <span class='ocrx_word' id='word_1_164' title='bbox 1075 2903 1212 2976; x_wconf 89' lang='lat' dir='ltr'><strong>ventri-</strong></span> 
     </span>
     <span class='ocr_line' id='line_1_24' title="bbox 131 3014 1213 3105; baseline -0.001 -16"><span class='ocrx_word' id='word_1_165' title='bbox 131 3014 217 3089; x_wconf 87' lang='lat' dir='ltr'><strong>oulo</strong></span> <span class='ocrx_word' id='word_1_166' title='bbox 232 3029 271 3088; x_wconf 92' lang='lat' dir='ltr'><strong>et</strong></span> <span class='ocrx_word' id='word_1_167' title='bbox 288 3018 480 3105; x_wconf 78' lang='lat' dir='ltr'><strong>intestinis,</strong></span> <span class='ocrx_word' id='word_1_168' title='bbox 498 3016 618 3091; x_wconf 85' lang='lat' dir='ltr'><strong>sedin</strong></span> <span class='ocrx_word' id='word_1_169' title='bbox 637 3016 810 3090; x_wconf 91' lang='lat' dir='ltr'><strong>omnibus</strong></span> <span class='ocrx_word' id='word_1_170' title='bbox 827 3014 1055 3100; x_wconf 88' lang='lat' dir='ltr'><strong>humoribus,</strong></span> <span class='ocrx_word' id='word_1_171' title='bbox 1073 3025 1113 3088; x_wconf 92' lang='lat' dir='ltr'><strong>et</strong></span> <span class='ocrx_word' id='word_1_172' title='bbox 1130 3015 1213 3089; x_wconf 86' lang='lat' dir='ltr'><strong>uni·</strong></span> 
     </span>
     <span class='ocr_line' id='line_1_25' title="bbox 131 3127 1213 3227; baseline 0.001 -27"><span class='ocrx_word' id='word_1_173' title='bbox 131 3149 237 3200; x_wconf 88' lang='lat' dir='ltr'><strong>verso</strong></span> <span class='ocrx_word' id='word_1_174' title='bbox 264 3153 414 3227; x_wconf 85' lang='lat' dir='ltr'><strong>corpore</strong></span> <span class='ocrx_word' id='word_1_175' title='bbox 442 3131 617 3204; x_wconf 87' lang='lat' dir='ltr'><strong>inducere</strong></span> <span class='ocrx_word' id='word_1_176' title='bbox 643 3141 816 3227; x_wconf 61' lang='lat' dir='ltr'><strong>possunt,</strong></span> <span class='ocrx_word' id='word_1_177' title='bbox 860 3127 984 3203; x_wconf 82' lang='lat' dir='ltr'><strong>Asida</strong></span> <span class='ocrx_word' id='word_1_178' title='bbox 1015 3127 1115 3202; x_wconf 89' lang='lat' dir='ltr'><strong>enim</strong></span> <span class='ocrx_word' id='word_1_179' title='bbox 1150 3127 1213 3201; x_wconf 90' lang='lat' dir='ltr'><strong>ali-</strong></span> 
     </span>
     <span class='ocr_line' id='line_1_26' title="bbox 131 3237 1219 3327; baseline -0.001 -15"><span class='ocrx_word' id='word_1_180' title='bbox 131 3248 343 3313; x_wconf 86' lang='lat' dir='ltr'><strong>mentorum</strong></span> <span class='ocrx_word' id='word_1_181' title='bbox 361 3251 502 3327; x_wconf 89' lang='lat' dir='ltr'><strong>natura,</strong></span> <span class='ocrx_word' id='word_1_182' title='bbox 524 3243 621 3314; x_wconf 90' lang='lat' dir='ltr'><strong>intra</strong></span> <span class='ocrx_word' id='word_1_183' title='bbox 636 3252 753 3315; x_wconf 91' lang='lat' dir='ltr'><strong>certos</strong></span> <span class='ocrx_word' id='word_1_184' title='bbox 770 3239 917 3327; x_wconf 90' lang='lat' dir='ltr'><strong>limites,</strong></span> <span class='ocrx_word' id='word_1_185' title='bbox 943 3262 1029 3313; x_wconf 93' lang='lat' dir='ltr'><strong>suos</strong></span> <span class='ocrx_word' id='word_1_186' title='bbox 1045 3262 1134 3312; x_wconf 89' lang='lat' dir='ltr'><strong>usus</strong></span> <span class='ocrx_word' id='word_1_187' title='bbox 1150 3237 1219 3311; x_wconf 49' lang='lat' dir='ltr'><strong>ha*</strong></span> 
     </span>
     <span class='ocr_line' id='line_1_27' title="bbox 135 3350 1044 3451; baseline -0.007 -23"><span class='ocrx_word' id='word_1_188' title='bbox 135 3350 208 3438; x_wconf 87' lang='lat' dir='ltr'><strong>bet,</strong></span> <span class='ocrx_word' id='word_1_189' title='bbox 233 3376 438 3451; x_wconf 89' lang='lat' dir='ltr'><strong>corpusque</strong></span> <span class='ocrx_word' id='word_1_190' title='bbox 455 3355 637 3450; x_wconf 88' lang='lat' dir='ltr'><strong>imprimis</strong></span> <span class='ocrx_word' id='word_1_191' title='bbox 653 3378 675 3425; x_wconf 91' lang='lat' dir='ltr'><strong>a</strong></span> <span class='ocrx_word' id='word_1_192' title='bbox 693 3352 891 3451; x_wconf 88' lang='lat' dir='ltr'><strong>putredine</strong></span> <span class='ocrx_word' id='word_1_193' title='bbox 908 3362 1044 3425; x_wconf 85' lang='lat' dir='ltr'><strong>tuetur.</strong></span> 
     </span>
    </p>

    <p class='ocr_par' dir='ltr' id='par_1_6' title="bbox 132 3463 1216 4347">
     <span class='ocr_line' id='line_1_28' title="bbox 183 3463 1216 3552; baseline -0.001 -15"><span class='ocrx_word' id='word_1_194' title='bbox 183 3485 378 3540; x_wconf 82' lang='lat' dir='ltr'><strong>arcccxvr.</strong></span> <span class='ocrx_word' id='word_1_195' title='bbox 405 3466 595 3552; x_wconf 77' lang='lat' dir='ltr'><strong>Quoniam</strong></span> <span class='ocrx_word' id='word_1_196' title='bbox 612 3463 776 3539; x_wconf 81' lang='lat' dir='ltr'><strong>cicolino</strong></span> <span class='ocrx_word' id='word_1_197' title='bbox 798 3464 999 3538; x_wconf 88' lang='lat' dir='ltr'><strong>humorum</strong></span> <span class='ocrx_word' id='word_1_198' title='bbox 1010 3463 1216 3537; x_wconf 85' lang='lat' dir='ltr'><strong>acrimonia</strong></span> 
     </span>
     <span class='ocr_line' id='line_1_29' title="bbox 133 3575 1215 3664; baseline -0.001 -15"><span class='ocrx_word' id='word_1_199' title='bbox 133 3575 286 3649; x_wconf 86' lang='lat' dir='ltr'><strong>medicis</strong></span> <span class='ocrx_word' id='word_1_200' title='bbox 312 3577 455 3649; x_wconf 91' lang='lat' dir='ltr'><strong>tamdiu</strong></span> <span class='ocrx_word' id='word_1_201' title='bbox 483 3577 523 3648; x_wconf 93' lang='lat' dir='ltr'><strong>in</strong></span> <span class='ocrx_word' id='word_1_202' title='bbox 553 3600 615 3649; x_wconf 91' lang='lat' dir='ltr'><strong>ore</strong></span> <span class='ocrx_word' id='word_1_203' title='bbox 640 3575 771 3664; x_wconf 90' lang='lat' dir='ltr'><strong>fuerat,</strong></span> <span class='ocrx_word' id='word_1_204' title='bbox 796 3600 871 3651; x_wconf 92' lang='lat' dir='ltr'><strong>non</strong></span> <span class='ocrx_word' id='word_1_205' title='bbox 901 3576 1039 3648; x_wconf 90' lang='lat' dir='ltr'><strong>mirum</strong></span> <span class='ocrx_word' id='word_1_206' title='bbox 1069 3584 1125 3649; x_wconf 91' lang='lat' dir='ltr'><strong>est</strong></span> <span class='ocrx_word' id='word_1_207' title='bbox 1153 3599 1215 3649; x_wconf 86' lang='lat' dir='ltr'><strong>eos</strong></span> 
     </span>
     <span class='ocr_line' id='line_1_30' title="bbox 132 3686 1214 3785; baseline -0.002 -24"><span class='ocrx_word' id='word_1_208' title='bbox 132 3688 297 3761; x_wconf 88' lang='lat' dir='ltr'><strong>remedia</strong></span> <span class='ocrx_word' id='word_1_209' title='bbox 313 3688 535 3784; x_wconf 79' lang='lat' dir='ltr'><strong>quaesivisse,</strong></span> <span class='ocrx_word' id='word_1_210' title='bbox 560 3696 599 3761; x_wconf 89' lang='lat' dir='ltr'><strong>et</strong></span> <span class='ocrx_word' id='word_1_211' title='bbox 616 3711 711 3785; x_wconf 83' lang='lat' dir='ltr'><strong>saepe</strong></span> <span class='ocrx_word' id='word_1_212' title='bbox 738 3688 957 3785; x_wconf 83' lang='lat' dir='ltr'><strong>adhibuisse,</strong></span> <span class='ocrx_word' id='word_1_213' title='bbox 983 3688 1119 3785; x_wconf 87' lang='lat' dir='ltr'><strong>quibus</strong></span> <span class='ocrx_word' id='word_1_214' title='bbox 1149 3686 1214 3760; x_wconf 89' lang='lat' dir='ltr'><strong>tali</strong></span> 
     </span>
     <span class='ocr_line' id='line_1_31' title="bbox 134 3795 1215 3874; baseline -0.004 0"><span class='ocrx_word' id='word_1_215' title='bbox 134 3800 229 3874; x_wconf 86' lang='lat' dir='ltr'><strong>vitio</strong></span> <span class='ocrx_word' id='word_1_216' title='bbox 246 3801 393 3874; x_wconf 86' lang='lat' dir='ltr'><strong>obviarn</strong></span> <span class='ocrx_word' id='word_1_217' title='bbox 411 3801 534 3873; x_wconf 89' lang='lat' dir='ltr'><strong>iretur.</strong></span> <span class='ocrx_word' id='word_1_218' title='bbox 586 3800 802 3873; x_wconf 88' lang='lat' dir='ltr'><strong>Istiusmodi</strong></span> <span class='ocrx_word' id='word_1_219' title='bbox 824 3799 987 3873; x_wconf 89' lang='lat' dir='ltr'><strong>remedia</strong></span> <span class='ocrx_word' id='word_1_220' title='bbox 1002 3795 1215 3874; x_wconf 72' lang='lat' dir='ltr'><strong>Ardaleali-</strong></span> 
     </span>
     <span class='ocr_line' id='line_1_32' title="bbox 133 3911 1216 4007; baseline -0.003 -20"><span class='ocrx_word' id='word_1_221' title='bbox 133 3936 187 3987; x_wconf 81' lang='lat' dir='ltr'><strong>aa</strong></span> <span class='ocrx_word' id='word_1_222' title='bbox 205 3913 404 3987; x_wconf 86' lang='lat' dir='ltr'><strong>dixerunt:</strong></span> <span class='ocrx_word' id='word_1_223' title='bbox 430 3922 628 3988; x_wconf 89' lang='lat' dir='ltr'><strong>etcertum</strong></span> <span class='ocrx_word' id='word_1_224' title='bbox 646 3911 837 3986; x_wconf 89' lang='lat' dir='ltr'><strong>estmulta</strong></span> <span class='ocrx_word' id='word_1_225' title='bbox 861 3935 910 3986; x_wconf 90' lang='lat' dir='ltr'><strong>ex</strong></span> <span class='ocrx_word' id='word_1_226' title='bbox 935 3912 1105 3986; x_wconf 90' lang='lat' dir='ltr'><strong>remediis</strong></span> <span class='ocrx_word' id='word_1_227' title='bbox 1130 3934 1216 4007; x_wconf 86' lang='lat' dir='ltr'><strong>quae</strong></span> 
     </span>
     <span class='ocr_line' id='line_1_33' title="bbox 133 4020 1215 4123; baseline -0.007 -20"><span class='ocrx_word' id='word_1_228' title='bbox 133 4023 209 4103; x_wconf 90' lang='lat' dir='ltr'><strong>huc</strong></span> <span class='ocrx_word' id='word_1_229' title='bbox 227 4024 440 4114; x_wconf 84' lang='lat' dir='ltr'><strong>referebant,</strong></span> <span class='ocrx_word' id='word_1_230' title='bbox 469 4037 507 4099; x_wconf 91' lang='lat' dir='ltr'><strong>et</strong></span> <span class='ocrx_word' id='word_1_231' title='bbox 524 4026 576 4098; x_wconf 89' lang='lat' dir='ltr'><strong>ita</strong></span> <span class='ocrx_word' id='word_1_232' title='bbox 592 4023 842 4111; x_wconf 90' lang='lat' dir='ltr'><strong>nominabant,</strong></span> <span class='ocrx_word' id='word_1_233' title='bbox 867 4024 1034 4123; x_wconf 88' lang='lat' dir='ltr'><strong>quotidie</strong></span> <span class='ocrx_word' id='word_1_234' title='bbox 1062 4020 1215 4097; x_wconf 85' lang='lat' dir='ltr'><strong>feliciter</strong></span> 
     </span>
     <span class='ocr_line' id='line_1_34' title="bbox 135 4135 1215 4235; baseline -0.001 -25"><span class='ocrx_word' id='word_1_235' title='bbox 135 4137 311 4223; x_wconf 90' lang='lat' dir='ltr'><strong>adhiberi,</strong></span> <span class='ocrx_word' id='word_1_236' title='bbox 329 4138 510 4234; x_wconf 89' lang='lat' dir='ltr'><strong>quamvis,</strong></span> <span class='ocrx_word' id='word_1_237' title='bbox 528 4152 571 4212; x_wconf 89' lang='lat' dir='ltr'><strong>ut</strong></span> <span class='ocrx_word' id='word_1_238' title='bbox 582 4162 650 4212; x_wconf 92' lang='lat' dir='ltr'><strong>suo</strong></span> <span class='ocrx_word' id='word_1_239' title='bbox 661 4137 742 4235; x_wconf 88' lang='lat' dir='ltr'><strong>jam</strong></span> <span class='ocrx_word' id='word_1_240' title='bbox 756 4135 834 4210; x_wconf 93' lang='lat' dir='ltr'><strong>looo</strong></span> <span class='ocrx_word' id='word_1_241' title='bbox 846 4142 992 4232; x_wconf 73' lang='lat' dir='ltr'><strong>(axau)</strong></span> <span class='ocrx_word' id='word_1_242' title='bbox 1002 4135 1215 4234; x_wconf 85' lang='lat' dir='ltr'><strong>expositum</strong></span> 
     </span>
     <span class='ocr_line' id='line_1_35' title="bbox 135 4247 1216 4347; baseline -0.001 -20"><span class='ocrx_word' id='word_1_243' title='bbox 135 4258 203 4339; x_wconf 79' lang='lat' dir='ltr'><strong>est,</strong></span> <span class='ocrx_word' id='word_1_244' title='bbox 229 4247 393 4327; x_wconf 74' lang='lat' dir='ltr'><strong>alsetina</strong></span> <span class='ocrx_word' id='word_1_245' title='bbox 409 4251 604 4329; x_wconf 83' lang='lat' dir='ltr'><strong>aerinronia</strong></span> <span class='ocrx_word' id='word_1_246' title='bbox 627 4252 669 4328; x_wconf 92' lang='lat' dir='ltr'><strong>in</strong></span> <span class='ocrx_word' id='word_1_247' title='bbox 694 4251 782 4327; x_wconf 89' lang='lat' dir='ltr'><strong>vivo</strong></span> <span class='ocrx_word' id='word_1_248' title='bbox 799 4250 950 4329; x_wconf 84' lang='lat' dir='ltr'><strong>homine</strong></span> <span class='ocrx_word' id='word_1_249' title='bbox 966 4249 1033 4326; x_wconf 86' lang='lat' dir='ltr'><strong>vix</strong></span> <span class='ocrx_word' id='word_1_250' title='bbox 1047 4268 1216 4347; x_wconf 84' lang='lat' dir='ltr'><strong>unquam</strong></span> 
     </span>
    </p>
   </div>
   <div class='ocr_carea' id='block_1_4' title="bbox 0 0 1362 4794">
    <p class='ocr_par' dir='ltr' id='par_1_7' title="bbox 0 0 1362 4794">
     <span class='ocr_line' id='line_1_36' title="bbox 0 0 1362 4794; baseline 0 0"><span class='ocrx_word' id='word_1_251' title='bbox 0 0 1362 4794; x_wconf 95' lang='lat' dir='ltr'><strong> </strong></span> 
     </span>
    </p>
   </div>
  </div>
 </body>
</html>
