2678 4794
138 416 221 473 car.
237 414 292 469 xa
405 413 624 468 nnmerum
651 414 938 471 rnronurrca.
1133 406 1201 477 103

136 589 333 691 spirationis
349 589 557 665 musculos:
596 589 696 665 unde
719 591 907 691 sanguinis
932 601 1056 667 motus
1079 593 1203 667 incita·

134 705 205 791 tior,
229 702 398 787 debilior,
415 701 607 789 abnormis,
633 705 846 779 secretiones
863 715 902 778 et
918 705 1104 779 concoctio
1133 704 1203 778 cibi

131 816 275 901 vitiatae,
292 825 333 887 et
349 812 518 888 insolitus
535 814 780 912 respirationis
797 813 938 890 modus.

173 947 348 1002 cccxcv.
384 925 557 1000 Affectus
581 927 695 999 animi
732 938 829 1001 recte
853 927 1135 1027 distinguuntur
1163 928 1203 1000 in

129 1039 330 1113 excitantes
346 1045 386 1109 et
402 1036 670 1135 deprimentes:
696 1038 841 1124 scilicet,
865 1039 931 1138 qui
957 1038 1050 1113 vires
1076 1037 1204 1112 vitales

131 1147 185 1222 sel
211 1158 355 1247 augent
371 1146 431 1221 vel
447 1149 634 1223 minuunt.
697 1147 833 1223 Prioris
857 1150 999 1248 generis
1028 1162 1115 1225 sunt
1139 1151 1202 1236 ira,

130 1260 327 1356 gaudium3
352 1260 570 1359 posterioris,
597 1284 742 1346 moeror,
768 1271 911 1336 metus:
937 1273 1025 1339 sunt
1052 1285 1203 1362 quoquc

136 1369 286 1445 affectus
302 1373 418 1460 mixti,
456 1384 494 1446 et
523 1373 628 1471 quasi
652 1374 839 1473 ancipites,
876 1397 977 1449 nunc
999 1375 1046 1449 ad
1072 1398 1202 1461 unum,

137 1502 234 1557 nunc
267 1506 389 1589 rqrsus
425 1483 472 1559 ad
508 1484 664 1559 alterum
689 1509 819 1585 genus,
854 1485 1054 1573 referendi;
1083 1486 1201 1583 veluti

130 1617 236 1681 amor,
260 1594 327 1693 qui
351 1596 488 1669 excitat
513 1596 572 1670 vel
597 1595 772 1695 deprimit
795 1600 950 1687 animos,
987 1608 1099 1698 prout
1120 1600 1201 1696 ipse

127 1727 316 1804 prosperus
331 1702 444 1780 fuerit
459 1720 524 1780 aut
540 1705 679 1783 infelix.
728 1708 866 1809 Ingens
882 1734 1032 1809 quoque
1048 1721 1087 1784 et
1103 1710 1199 1784 subi-

128 1826 183 1891 tus
200 1831 318 1893 terror
338 1819 535 1892 excitantis
560 1842 827 1920 nonnunquam
844 1822 998 1897 affectus
1014 1823 1095 1895 vice
1117 1820 1199 1895 fun·

126 1928 233 2026 gitur,
248 1939 289 2003 et
305 1930 351 2002 ad
369 1930 513 2029 rapidos
530 1940 567 2005 et
585 1933 819 2007 vehementes
836 1944 961 2009 motus
976 1932 1145 2032 impellit.

172 2063 364 2117 cccxuvn
394 2041 498 2130 Quin
515 2066 562 2116 ex
580 2056 737 2144 utroque
751 2067 886 2144 genere
902 2045 1107 2146 periculum
1124 2068 1201 2118 esse

127 2164 264 2250 potest:
282 2154 429 2253 ipsique
443 2156 557 2228 animi
568 2155 721 2231 affectus
739 2159 835 2231 inter
850 2183 973 2233 causas
986 2158 1201 2232 morborum

125 2285 196 2340 non
225 2267 417 2341 immerito
445 2279 678 2343 recensentur
707 2270 822 2367 (m).
872 2268 951 2357 Qui
973 2269 1080 2344 valde
1103 2267 1199 2341 exci-

128 2386 214 2466 tant,
242 2380 365 2479 primo
381 2404 449 2454 suo
465 2381 503 2453 in
519 2403 662 2478 genere
678 2402 833 2456 nervoso
849 2379 983 2454 effectu
1010 2379 1200 2453 hominem

131 2487 320 2588 aliquando
349 2493 599 2591 extinguunt:
640 2502 706 2569 aut
736 2491 859 2563 minus
888 2492 1033 2577 intensi,
1070 2490 1200 2563 vitiato

131 2608 267 2677 tantum
286 2603 488 2679 humorum
506 2612 625 2688 motu,
650 2601 771 2675 eidem
789 2610 933 2674 nocent.
983 2601 1062 2690 Qui
1082 2599 1199 2698 depri-

127 2728 231 2789 munt
246 2715 401 2800 animos,
430 2726 554 2790 totum
573 2712 760 2788 bominem
778 2711 983 2801 debilitant,
1009 2713 1056 2786 ad
1072 2735 1201 2789 omnes

124 2825 329 2902 functiones
345 2824 483 2913 vitales,
513 2823 705 2915 naturales,
722 2824 905 2913 animales,
931 2827 1053 2900 minus
1068 2836 1200 2924 aptum

124 2940 306 3018 reddunt:
334 2939 434 3014 unde
459 2937 558 3015 lenta
574 2935 760 3028 valetudo,
784 2949 823 3014 et
851 2936 970 3014 morbi
987 2962 1082 3039 saepe
1106 2939 1199 3012 insa·

126 3053 268 3128 nabiles.

174 3186 378 3241 cccxuvn.
397 3161 596 3240 Curiositas
610 3161 690 3252 alia,
707 3173 746 3239 et
761 3160 861 3239 haud
876 3160 967 3238 levis
983 3171 1108 3238 motus
1124 3161 1200 3234 ani·

128 3275 229 3350 malis
243 3302 359 3364 causa,
388 3275 449 3351 hic
464 3300 616 3376 quoque
641 3277 790 3352 fortasse
818 3275 928 3349 debet
944 3271 1198 3358 annumerari;

128 3386 258 3463 scilicet
281 3414 369 3488 quae
392 3391 438 3463 ad
475 3413 531 3462 res
555 3410 679 3476 novas,
713 3387 868 3488 ignotas,
902 3382 1199 3484 contemplandas

126 3509 161 3571 et
186 3500 439 3599 explorandas,
469 3499 655 3575 hominem
682 3499 749 3573 vix
777 3498 1001 3597 opinantem,
1028 3495 1091 3571 sed
1115 3518 1200 3572 eon·

123 3611 237 3687 scium
255 3637 410 3710 semper,
427 3610 607 3712 impellit:
632 3610 765 3686 infanti
778 3610 941 3685 maxima
951 3621 990 3683 et
1006 3607 1201 3683 utilissima

126 3734 187 3811 est,
216 3725 359 3824 quippe
373 3751 448 3824 qua
464 3725 510 3799 ad
528 3747 663 3825 organa
681 3747 746 3797 sua
761 3721 973 3808 exercenda,
997 3740 1201 3817 eorumque

126 3856 210 3909 usus
226 3835 429 3924 discendos,
454 3837 640 3921 incitetur,
664 3845 705 3908 et
731 3835 781 3908 sic
798 3833 916 3908 multa
931 3833 1009 3906 sine
1026 3831 1201 3930 magistro

124 3943 247 4032 discat,
274 3949 408 4023 melius
424 3960 463 4024 et
477 3949 611 4024 certius
627 3971 741 4048 quam
759 3947 922 4045 optimus
939 3945 1113 4044 magister
1136 3941 1201 4014 do-

127 4059 266 4133 coisset.
329 4060 520 4148 Praeterea,
546 4061 617 4135 hoe
646 4058 758 4134 modo
785 4057 904 4132 infans
937 4058 1015 4156 ipse
1046 4050 1202 4154 propriis

127 4171 297 4245 manibus
333 4171 469 4248 futurae
510 4197 585 4247 suae
624 4171 786 4246 scientiae
825 4169 1065 4244 fundamenta
1099 4159 1200 4257 jaci-t.

131 4260 273 4359 Eidem
303 4283 431 4363 adulto
458 4285 601 4362 homini
627 4309 723 4387 saepe
749 4283 882 4369 minor,
912 4281 988 4357 seni
1017 4270 1201 4371 decrepito
