2678 4794
135 290 209 369 288
533 298 784 369 CONSPECTUS
981 302 1069 366 CAP·
1085 304 1212 367 xxru.

179 501 447 569 noemxxxvn.
477 478 658 561 Febribus
682 475 878 562 continuis,
894 485 935 558 et
950 477 1209 567 mflammatio

129 593 251 683 nibus
281 594 431 670 obnoxii
459 600 568 675 sunit
593 587 693 671 houd
717 595 865 672 motum
898 589 1035 669 morbis
1061 592 1212 673 neroni

123 707 292 808 genero,
308 706 377 789 nisi
395 702 490 789 malo
506 703 595 783 vim
606 724 741 801 genere
753 700 832 783 rim
845 701 1011 783 nativam
1023 703 1216 801 fregerint,

20 866 24 870 -
127 842 253 919 neque
278 815 435 917 putridis
463 838 585 914 neque
610 813 749 897 biliosis
768 812 912 893 morbis.
962 813 1072 893 Dum
1097 841 1213 915 aegro

128 939 223 1019 tant,
249 927 484 1004 validioribus
511 926 588 1001 fere
615 925 895 1010 medicamentis
919 935 1042 1025 egent,
1067 938 1107 1003 et
1131 952 1211 1003 san.

127 1043 252 1142 guinis
262 1041 445 1138 jacturam
461 1039 685 1139 plerumque
701 1039 796 1117 bene
813 1038 980 1116 tolerant.

175 1175 455 1237 noeocxxxvrn.
493 1151 637 1235 Similes
674 1172 782 1251 porro
805 1153 1009 1239 varietates,
1038 1153 1211 1250 quamvis

124 1265 224 1343 haud
243 1274 366 1353 tantae,
384 1265 536 1351 diversis
552 1266 642 1348 anni
654 1265 937 1364 tempestatibus
949 1264 1211 1350 observantem

124 1401 202 1476 quo
218 1376 263 1451 fit
281 1389 325 1453 ut
341 1377 403 1463 nlii
419 1378 498 1461 aliis
514 1376 743 1476 temporibus
772 1388 983 1475 grassentur
1000 1377 1128 1465 morbi,
1153 1378 1212 1452 iis·

124 1489 287 1589 demque
302 1490 378 1565 fere
391 1491 526 1571 morbis
540 1489 609 1567 alia
626 1513 722 1578 vere,
738 1488 809 1569 alia
823 1498 1019 1578 autumno,
1037 1489 1211 1567 medendi

124 1603 220 1678 ratio
237 1605 444 1687 eonveniat.

175 1739 428 1793 nmooxxmx.
460 1716 501 1791 A
517 1716 638 1793 vietus
654 1738 798 1814 genere,
815 1714 1008 1791 varietates
1025 1739 1102 1789 non
1113 1714 1211 1792 leues

125 1830 306 1907 oriuntur.
347 1831 406 1905 Sic
423 1830 489 1928 qui
506 1829 608 1904 victu
626 1852 675 1902 ex
691 1827 859 1904 carnibus
876 1851 943 1926 pro
961 1829 1124 1903 maxima
1140 1827 1210 1903 cibi

124 1953 230 2040 parte
247 1953 416 2029 utuntur,
447 1952 487 2014 et
503 1940 622 2039 epulis
639 1938 855 2021 lautioribus
872 1949 911 2014 et
927 1939 1134 2038 liquoribus
1149 1964 1210 2040 ge.

123 2053 262 2126 nerosis
278 2053 489 2151 indulgent,
518 2052 739 2126 robustiores
756 2050 831 2123 fere
849 2060 936 2124 sunt
953 2076 1060 2150 aquae
1075 2053 1211 2151 potori·

124 2163 205 2250 bus,
231 2164 350 2262 iisque
375 2165 442 2263 qui
467 2162 637 2263 frugibus
662 2162 747 2246 solis
765 2173 994 2249 .vescuntur;
1028 2165 1092 2239 sed
1118 2188 1211 2266 oepe

123 2277 250 2351 minus
274 2277 364 2360 sani.
394 2277 446 2355 ad
468 2277 621 2360 nimiam
647 2276 835 2374 sanguinis
859 2273 1139 2367 abundantiam,
1173 2286 1212 2353 et

123 2387 443 2477 inflammationes,
461 2398 500 2465 et
516 2389 764 2489 putredinem,
781 2386 1023 2487 procliviores.

173 2524 344 2579 nomcxu
377 2503 478 2582 Vitae
493 2526 624 2603 genus,
641 2502 843 2601 prmemim
855 2502 958 2599 quod
975 2502 1022 2577 ad
1035 2504 1211 2581 exercita.

125 2615 266 2691 tionem
283 2624 350 2693 aut
367 2616 565 2714 ignaviam,
593 2614 757 2695 multum
773 2613 871 2701 fauit,
897 2612 1141 2713 hominesque
1164 2615 1211 2691 ab

125 2727 205 2801 aliis
223 2729 359 2802 morbis
376 2728 580 2805 ineolumes
596 2737 758 2828 prestat,
774 2727 822 2800 ad
838 2725 927 2801 alios
943 2726 1121 2824 proclives
1130 2725 1210 2801 red·

125 2838 192 2911 dit.
244 2839 304 2912 Sic
320 2841 544 2927 exercitatio,
575 2839 687 2913 modo
704 2861 779 2912 nou
797 2839 912 2911 nimia
929 2839 1050 2926 fuerit,
1076 2861 1207 2936 eorpus

123 2946 280 3036 roborat,
305 2952 532 3025 oonooetioni
548 2950 764 3049 opitulatur,
794 2953 1010 3031 secretiores
1032 2960 1069 3025 et
1083 2973 1208 3027 exme-

123 3059 243 3134 tiones
268 3072 473 3157 promovet,
498 3062 687 3158 sanguinis
711 3074 859 3138 motum
883 3064 1057 3152 intendit,
1085 3084 1211 3163 noque

125 3171 213 3247 sinit
238 3171 322 3270 plus
344 3170 449 3269 justo
473 3173 661 3270 saligninis
686 3174 854 3273 sangeri3
884 3176 1045 3276 ideoque
1070 3175 1212 3252 multos

123 3284 271 3361 morbos
295 3282 356 3360 vel
379 3293 487 3371 amet,
512 3284 572 3358 vel
591 3284 671 3383 jam
701 3286 873 3364 inductos
897 3300 1011 3388 atque
1036 3301 1213 3390 urgentes

123 3396 286 3494 depellit.

52 3554 57 3561 ·
173 3529 364 3585 noooexm.
392 3510 547 3611 Ignavia
582 3536 670 3587 vero
706 3536 839 3611 eorpus
874 3513 995 3600 solvit,
1023 3512 1211 3603 debilibrt,

123 3619 260 3695 mobile
277 3621 409 3709 reddit,
426 3632 569 3698 motum
588 3626 777 3724 sanguinis
793 3625 1012 3724 languidum
1030 3625 1130 3713 facit,
1155 3649 1213 3702 se·

125 3732 303 3809 cretiones
320 3745 359 3808 et
375 3734 601 3813 exeretiones
619 3739 693 3813 fere
709 3739 856 3824 minuit,
880 3750 918 3813 et
934 3738 1212 3837 plenitudinem

122 3852 162 3919 et
178 3845 391 3921 obesitatem
409 3847 542 3936 efficit;
566 3861 606 3924 et
635 3852 752 3950 igitur
777 3850 947 3950 plurimis
964 3851 1113 3939 morbis,
1143 3851 1212 3950 lp-

122 3956 256 4045 rorice,
272 3957 493 4061 dyspepsa'oe,
523 3964 704 4063 podagrae,
734 3965 923 4061 sanguinis
941 3962 1148 4062 pmfluviis,
1168 3986 1212 4052 o·

115 4070 316 4171 popleoeioe,
345 4073 513 4174 paralysi,
548 4075 869 4164 obstructionibus,
903 4075 1074 4176 hydropi,
1108 4076 1211 4153 viam

123 4185 265 4262 sternit.
