<?xml version="1.0" encoding="UTF-8"?>
<!DOCTYPE html PUBLIC "-//W3C//DTD XHTML 1.0 Transitional//EN"
    "http://www.w3.org/TR/xhtml1/DTD/xhtml1-transitional.dtd">
<html xmlns="http://www.w3.org/1999/xhtml" xml:lang="en" lang="en">
 <head>
  <title>
</title>
<meta http-equiv="Content-Type" content="text/html;charset=utf-8" />
  <meta name='ocr-system' content='tesseract 3.04.00' />
  <meta name='ocr-capabilities' content='ocr_page ocr_carea ocr_par ocr_line ocrx_word'/>
</head>
<body>
  <div class='ocr_page' id='page_1' title='image "./conspectusmedic01greggoog_0562.png"; bbox 0 0 2678 4794; ppageno 0'>
   <div class='ocr_carea' id='block_1_1' title="bbox 64 287 1147 384">
    <p class='ocr_par' dir='ltr' id='par_1_1' title="bbox 64 287 1147 384">
     <span class='ocr_line' id='line_1_1' title="bbox 64 287 1147 384; baseline -0.002 -23"><span class='ocrx_word' id='word_1_1' title='bbox 64 301 155 362; x_wconf 81' lang='lat' dir='ltr'><strong>ean</strong></span> <span class='ocrx_word' id='word_1_2' title='bbox 171 298 329 359; x_wconf 79' lang='lat' dir='ltr'><strong>xxxvia</strong></span> <span class='ocrx_word' id='word_1_3' title='bbox 381 297 603 358; x_wconf 68' lang='lat' dir='ltr'><strong>xantonum</strong></span> <span class='ocrx_word' id='word_1_4' title='bbox 620 296 909 384; x_wconf 73' lang='lat' dir='ltr'><strong>annonnnea.</strong></span> <span class='ocrx_word' id='word_1_5' title='bbox 1072 287 1147 359; x_wconf 76' lang='lat'><strong>513</strong></span> 
     </span>
    </p>
   </div>
   <div class='ocr_carea' id='block_1_2' title="bbox 58 476 1143 918">
    <p class='ocr_par' dir='ltr' id='par_1_2' title="bbox 58 476 1143 918">
     <span class='ocr_line' id='line_1_2' title="bbox 64 476 1143 583; baseline -0.002 -27"><span class='ocrx_word' id='word_1_6' title='bbox 64 482 165 583; x_wconf 78' lang='lat' dir='ltr'><strong>gusia</strong></span> <span class='ocrx_word' id='word_1_7' title='bbox 180 481 334 556; x_wconf 79' lang='lat' dir='ltr'><strong>effeetus</strong></span> <span class='ocrx_word' id='word_1_8' title='bbox 349 480 505 554; x_wconf 84' lang='lat' dir='ltr'><strong>minime</strong></span> <span class='ocrx_word' id='word_1_9' title='bbox 519 476 798 580; x_wconf 61' lang='lat' dir='ltr'><strong>palpemusest,</strong></span> <span class='ocrx_word' id='word_1_10' title='bbox 815 476 951 567; x_wconf 77' lang='lat' dir='ltr'><strong>scilieet</strong></span> <span class='ocrx_word' id='word_1_11' title='bbox 965 478 1036 578; x_wconf 80' lang='lat' dir='ltr'><strong>qui</strong></span> <span class='ocrx_word' id='word_1_12' title='bbox 1049 477 1143 554; x_wconf 81' lang='lat' dir='ltr'><strong>niul·</strong></span> 
     </span>
     <span class='ocr_line' id='line_1_3' title="bbox 60 587 1141 695; baseline -0.005 -24"><span class='ocrx_word' id='word_1_13' title='bbox 60 607 146 671; x_wconf 85' lang='lat' dir='ltr'><strong>tum</strong></span> <span class='ocrx_word' id='word_1_14' title='bbox 163 593 339 695; x_wconf 70' lang='lat' dir='ltr'><strong>pendete</strong></span> <span class='ocrx_word' id='word_1_15' title='bbox 355 603 454 668; x_wconf 84' lang='lat' dir='ltr'><strong>statu</strong></span> <span class='ocrx_word' id='word_1_16' title='bbox 467 594 630 692; x_wconf 79' lang='lat' dir='ltr'><strong>eorpon&#39;s</strong></span> <span class='ocrx_word' id='word_1_17' title='bbox 643 590 704 668; x_wconf 85' lang='lat' dir='ltr'><strong>eui</strong></span> <span class='ocrx_word' id='word_1_18' title='bbox 716 587 939 666; x_wconf 83' lang='lat' dir='ltr'><strong>admovetur</strong></span> <span class='ocrx_word' id='word_1_19' title='bbox 949 620 969 677; x_wconf 64' lang='grc' dir='ltr'><strong>;ἴ</strong></span> <span class='ocrx_word' id='word_1_20' title='bbox 983 589 1141 666; x_wconf 84' lang='lat' dir='ltr'><strong>robustis</strong></span> 
     </span>
     <span class='ocr_line' id='line_1_4' title="bbox 60 703 1142 806; baseline -0.004 -24"><span class='ocrx_word' id='word_1_21' title='bbox 60 718 186 782; x_wconf 87' lang='lat' dir='ltr'><strong>autem</strong></span> <span class='ocrx_word' id='word_1_22' title='bbox 203 718 242 780; x_wconf 88' lang='lat' dir='ltr'><strong>et</strong></span> <span class='ocrx_word' id='word_1_23' title='bbox 258 705 397 792; x_wconf 88' lang='lat' dir='ltr'><strong>validis,</strong></span> <span class='ocrx_word' id='word_1_24' title='bbox 424 705 489 804; x_wconf 90' lang='lat' dir='ltr'><strong>qui</strong></span> <span class='ocrx_word' id='word_1_25' title='bbox 506 706 546 779; x_wconf 92' lang='lat' dir='ltr'><strong>id</strong></span> <span class='ocrx_word' id='word_1_26' title='bbox 562 705 656 780; x_wconf 77' lang='lat' dir='ltr'><strong>bene</strong></span> <span class='ocrx_word' id='word_1_27' title='bbox 681 705 833 781; x_wconf 82' lang='lat' dir='ltr'><strong>tolerare</strong></span> <span class='ocrx_word' id='word_1_28' title='bbox 848 703 1013 806; x_wconf 72' lang='lat' dir='ltr'><strong>possunt,</strong></span> <span class='ocrx_word' id='word_1_29' title='bbox 1038 712 1142 804; x_wconf 68' lang='lat' dir='ltr'><strong>egle«</strong></span> 
     </span>
     <span class='ocr_line' id='line_1_5' title="bbox 58 812 1140 918; baseline -0.004 -25"><span class='ocrx_word' id='word_1_30' title='bbox 58 819 125 918; x_wconf 82' lang='lat' dir='ltr'><strong>gio</strong></span> <span class='ocrx_word' id='word_1_31' title='bbox 154 830 256 918; x_wconf 74' lang='lat' dir='ltr'><strong>saepe:</strong></span> <span class='ocrx_word' id='word_1_32' title='bbox 277 817 441 892; x_wconf 75' lang='lat' dir='ltr'><strong>semodio</strong></span> <span class='ocrx_word' id='word_1_33' title='bbox 469 827 535 892; x_wconf 85' lang='lat' dir='ltr'><strong>est.</strong></span> <span class='ocrx_word' id='word_1_34' title='bbox 591 818 662 908; x_wconf 78' lang='lat' dir='ltr'><strong>Sia,</strong></span> <span class='ocrx_word' id='word_1_35' title='bbox 687 812 827 905; x_wconf 85' lang='lat' dir='ltr'><strong>multis,</strong></span> <span class='ocrx_word' id='word_1_36' title='bbox 851 817 1005 893; x_wconf 83' lang='lat' dir='ltr'><strong>haustus</strong></span> <span class='ocrx_word' id='word_1_37' title='bbox 1032 835 1140 915; x_wconf 81' lang='lat' dir='ltr'><strong>squae</strong></span> 
     </span>
    </p>
   </div>
   <div class='ocr_carea' id='block_1_3' title="bbox 12 924 1143 4282">
    <p class='ocr_par' dir='ltr' id='par_1_3' title="bbox 55 924 1141 1926">
     <span class='ocr_line' id='line_1_6' title="bbox 59 924 1138 1030; baseline -0.004 -25"><span class='ocrx_word' id='word_1_38' title='bbox 59 930 205 1030; x_wconf 80' lang='lat' dir='ltr'><strong>digidae</strong></span> <span class='ocrx_word' id='word_1_39' title='bbox 218 924 393 1005; x_wconf 83' lang='lat' dir='ltr'><strong>sudorem</strong></span> <span class='ocrx_word' id='word_1_40' title='bbox 412 929 611 1028; x_wconf 87' lang='lat' dir='ltr'><strong>aliquando</strong></span> <span class='ocrx_word' id='word_1_41' title='bbox 626 934 764 1018; x_wconf 82' lang='lat' dir='ltr'><strong>movet,</strong></span> <span class='ocrx_word' id='word_1_42' title='bbox 780 940 821 1004; x_wconf 86' lang='lat' dir='ltr'><strong>et</strong></span> <span class='ocrx_word' id='word_1_43' title='bbox 837 950 925 1006; x_wconf 85' lang='lat' dir='ltr'><strong>usus</strong></span> <span class='ocrx_word' id='word_1_44' title='bbox 941 929 1061 1004; x_wconf 73' lang='lat' dir='ltr'><strong>bdnei</strong></span> <span class='ocrx_word' id='word_1_45' title='bbox 1078 928 1138 1002; x_wconf 77' lang='lat' dir='ltr'><strong>sui·</strong></span> 
     </span>
     <span class='ocr_line' id='line_1_7' title="bbox 59 1038 1136 1142; baseline -0.002 -26"><span class='ocrx_word' id='word_1_46' title='bbox 59 1043 140 1142; x_wconf 80' lang='lat' dir='ltr'><strong>gtdi</strong></span> <span class='ocrx_word' id='word_1_47' title='bbox 154 1038 428 1116; x_wconf 75' lang='lat' dir='ltr'><strong>exhalationem</strong></span> <span class='ocrx_word' id='word_1_48' title='bbox 456 1051 670 1140; x_wconf 79' lang='lat' dir='ltr'><strong>petentem</strong></span> <span class='ocrx_word' id='word_1_49' title='bbox 700 1040 894 1142; x_wconf 82' lang='lat' dir='ltr'><strong>insigniter</strong></span> <span class='ocrx_word' id='word_1_50' title='bbox 918 1040 1136 1142; x_wconf 82' lang='lat' dir='ltr'><strong>promovats</strong></span> 
     </span>
     <span class='ocr_line' id='line_1_8' title="bbox 58 1148 1138 1252; baseline -0.003 -24"><span class='ocrx_word' id='word_1_51' title='bbox 58 1172 128 1228; x_wconf 85' lang='lat' dir='ltr'><strong>nes</strong></span> <span class='ocrx_word' id='word_1_52' title='bbox 145 1153 282 1229; x_wconf 77' lang='lat' dir='ltr'><strong>desunt</strong></span> <span class='ocrx_word' id='word_1_53' title='bbox 297 1154 430 1228; x_wconf 76' lang='lat' dir='ltr'><strong>multa</strong></span> <span class='ocrx_word' id='word_1_54' title='bbox 445 1152 714 1251; x_wconf 74' lang='lat' dir='ltr'><strong>ohsnnationes</strong></span> <span class='ocrx_word' id='word_1_55' title='bbox 716 1175 813 1252; x_wconf 83' lang='lat' dir='ltr'><strong>qnae</strong></span> <span class='ocrx_word' id='word_1_56' title='bbox 828 1155 995 1241; x_wconf 77' lang='lat' dir='ltr'>suadent,</span> <span class='ocrx_word' id='word_1_57' title='bbox 1019 1161 1058 1228; x_wconf 86' lang='lat' dir='ltr'><strong>et</strong></span> <span class='ocrx_word' id='word_1_58' title='bbox 1074 1148 1138 1226; x_wconf 81' lang='lat' dir='ltr'><strong>ito·</strong></span> 
     </span>
     <span class='ocr_line' id='line_1_9' title="bbox 59 1239 1140 1366; baseline -0.001 -26"><span class='ocrx_word' id='word_1_59' title='bbox 59 1265 179 1340; x_wconf 86' lang='lat' dir='ltr'><strong>mines</strong></span> <span class='ocrx_word' id='word_1_60' title='bbox 195 1265 365 1341; x_wconf 87' lang='lat' dir='ltr'><strong>nonnulli</strong></span> <span class='ocrx_word' id='word_1_61' title='bbox 381 1266 449 1365; x_wconf 90' lang='lat' dir='ltr'><strong>qui</strong></span> <span class='ocrx_word' id='word_1_62' title='bbox 466 1243 649 1340; x_wconf 70' lang='lat' dir='ltr'><strong>testantur</strong></span> <span class='ocrx_word' id='word_1_63' title='bbox 665 1284 704 1338; x_wconf 85' lang='lat' dir='ltr'><strong>se</strong></span> <span class='ocrx_word' id='word_1_64' title='bbox 721 1262 829 1341; x_wconf 74' lang='lat' dir='ltr'><strong>titisse</strong></span> <span class='ocrx_word' id='word_1_65' title='bbox 845 1239 1028 1366; x_wconf 81' lang='lat' dir='ltr'><strong>expettos,</strong></span> <span class='ocrx_word' id='word_1_66' title='bbox 1056 1264 1140 1339; x_wconf 74' lang='lat' dir='ltr'><strong>adia</strong></span> 
     </span>
     <span class='ocr_line' id='line_1_10' title="bbox 57 1372 1139 1476; baseline -0.001 -25"><span class='ocrx_word' id='word_1_67' title='bbox 57 1375 238 1476; x_wconf 73' lang='lat' dir='ltr'><strong>{ligitium</strong></span> <span class='ocrx_word' id='word_1_68' title='bbox 255 1377 425 1470; x_wconf 87' lang='lat' dir='ltr'><strong>(modo</strong></span> <span class='ocrx_word' id='word_1_69' title='bbox 398 1375 655 1474; x_wconf 83' lang='lat' dir='ltr'><strong>noeustherit)</strong></span> <span class='ocrx_word' id='word_1_70' title='bbox 668 1396 808 1476; x_wconf 82' lang='lat' dir='ltr'><strong>norpon</strong></span> <span class='ocrx_word' id='word_1_71' title='bbox 798 1372 931 1453; x_wconf 81' lang='lat' dir='ltr'><strong>libere</strong></span> <span class='ocrx_word' id='word_1_72' title='bbox 942 1374 1139 1453; x_wconf 86' lang='lat' dir='ltr'><strong>admotum</strong></span> 
     </span>
     <span class='ocr_line' id='line_1_11' title="bbox 56 1489 1141 1590; baseline -0.002 -26"><span class='ocrx_word' id='word_1_73' title='bbox 56 1489 193 1565; x_wconf 77' lang='lat' dir='ltr'><strong>similes</strong></span> <span class='ocrx_word' id='word_1_74' title='bbox 209 1503 380 1590; x_wconf 70' lang='lat' dir='ltr'><strong>prestare</strong></span> <span class='ocrx_word' id='word_1_75' title='bbox 407 1489 570 1578; x_wconf 72' lang='lat' dir='ltr'><strong>exessus,</strong></span> <span class='ocrx_word' id='word_1_76' title='bbox 592 1490 753 1590; x_wconf 83' lang='lat' dir='ltr'><strong>juvante</strong></span> <span class='ocrx_word' id='word_1_77' title='bbox 772 1491 978 1590; x_wconf 75' lang='lat' dir='ltr'><strong>‚praesertim</strong></span> <span class='ocrx_word' id='word_1_78' title='bbox 1006 1489 1141 1563; x_wconf 80' lang='lat' dir='ltr'><strong>idonea</strong></span> 
     </span>
     <span class='ocr_line' id='line_1_12' title="bbox 56 1593 1139 1702; baseline -0.004 -25"><span class='ocrx_word' id='word_1_79' title='bbox 56 1603 218 1701; x_wconf 81' lang='lat' dir='ltr'><strong>eorporis</strong></span> <span class='ocrx_word' id='word_1_80' title='bbox 233 1604 505 1678; x_wconf 63' lang='lat' dir='ltr'><strong>exercitatione.</strong></span> <span class='ocrx_word' id='word_1_81' title='bbox 559 1593 790 1701; x_wconf 81' lang='lat' dir='ltr'><strong>Hujuamodi</strong></span> <span class='ocrx_word' id='word_1_82' title='bbox 814 1602 958 1702; x_wconf 73' lang='lat' dir='ltr'><strong>uigoris</strong></span> <span class='ocrx_word' id='word_1_83' title='bbox 986 1601 1139 1676; x_wconf 79' lang='lat' dir='ltr'><strong>effeetus</strong></span> 
     </span>
     <span class='ocr_line' id='line_1_13' title="bbox 55 1709 1138 1814; baseline -0.003 -26"><span class='ocrx_word' id='word_1_84' title='bbox 55 1709 197 1789; x_wconf 80' lang='lat' dir='ltr'><strong>visibus</strong></span> <span class='ocrx_word' id='word_1_85' title='bbox 213 1715 294 1813; x_wconf 86' lang='lat' dir='ltr'><strong>ejus</strong></span> <span class='ocrx_word' id='word_1_86' title='bbox 309 1714 585 1791; x_wconf 73' lang='lat' dir='ltr'><strong>stimulantibus</strong></span> <span class='ocrx_word' id='word_1_87' title='bbox 607 1716 749 1814; x_wconf 77' lang='lat' dir='ltr'><strong>(nccv)</strong></span> <span class='ocrx_word' id='word_1_88' title='bbox 777 1714 927 1790; x_wconf 72' lang='lat' dir='ltr'><strong>forsitan</strong></span> <span class='ocrx_word' id='word_1_89' title='bbox 957 1715 1070 1789; x_wconf 87' lang='lat' dir='ltr'><strong>etiam</strong></span> <span class='ocrx_word' id='word_1_90' title='bbox 1098 1716 1138 1785; x_wconf 87' lang='lat' dir='ltr'><strong>et</strong></span> 
     </span>
     <span class='ocr_line' id='line_1_14' title="bbox 56 1818 1139 1926; baseline -0.001 -26"><span class='ocrx_word' id='word_1_91' title='bbox 56 1818 311 1902; x_wconf 68' lang='lat' dir='ltr'><strong>laborantibus</strong></span> <span class='ocrx_word' id='word_1_92' title='bbox 324 1829 463 1920; x_wconf 76' lang='lat' dir='ltr'><strong>(xcxv,</strong></span> <span class='ocrx_word' id='word_1_93' title='bbox 481 1824 1139 1926; x_wconf 79' lang='lat' dir='ltr'><strong>ncxxvn1),planesunttnbumdt</strong></span> 
     </span>
    </p>

    <p class='ocr_par' dir='ltr' id='par_1_4' title="bbox 12 1939 1143 3495">
     <span class='ocr_line' id='line_1_15' title="bbox 107 1939 1141 2038; baseline -0.001 -25"><span class='ocrx_word' id='word_1_94' title='bbox 107 1954 406 2016; x_wconf 79' lang='lat' dir='ltr'><strong>nooocnxxxm.</strong></span> <span class='ocrx_word' id='word_1_95' title='bbox 445 1939 586 2013; x_wconf 77' lang='lat' dir='ltr'><strong>Idonea</strong></span> <span class='ocrx_word' id='word_1_96' title='bbox 613 1939 773 2038; x_wconf 80' lang='lat' dir='ltr'><strong>eorporis</strong></span> <span class='ocrx_word' id='word_1_97' title='bbox 802 1939 1016 2013; x_wconf 84' lang='lat' dir='ltr'><strong>exercitatio</strong></span> <span class='ocrx_word' id='word_1_98' title='bbox 1042 1939 1141 2012; x_wconf 75' lang='lat' dir='ltr'><strong>intas</strong></span> 
     </span>
     <span class='ocr_line' id='line_1_16' title="bbox 56 2048 1138 2152; baseline 0.001 -29"><span class='ocrx_word' id='word_1_99' title='bbox 56 2050 356 2148; x_wconf 79' lang='lat' dir='ltr'><strong>praesmttissima</strong></span> <span class='ocrx_word' id='word_1_100' title='bbox 379 2059 420 2123; x_wconf 85' lang='lat' dir='ltr'><strong>et</strong></span> <span class='ocrx_word' id='word_1_101' title='bbox 443 2049 679 2124; x_wconf 84' lang='lat' dir='ltr'><strong>saluberrima</strong></span> <span class='ocrx_word' id='word_1_102' title='bbox 702 2051 865 2126; x_wconf 83' lang='lat' dir='ltr'><strong>remedia</strong></span> <span class='ocrx_word' id='word_1_103' title='bbox 879 2048 1138 2152; x_wconf 71' lang='lat' dir='ltr'><strong>diaphoresim</strong></span> 
     </span>
     <span class='ocr_line' id='line_1_17' title="bbox 58 2160 1141 2262; baseline 0.005 -29"><span class='ocrx_word' id='word_1_104' title='bbox 58 2160 193 2234; x_wconf 82' lang='lat' dir='ltr'><strong>merito</strong></span> <span class='ocrx_word' id='word_1_105' title='bbox 221 2169 453 2246; x_wconf 64' lang='lat' dir='ltr'><strong>recensetum</strong></span> <span class='ocrx_word' id='word_1_106' title='bbox 476 2160 621 2235; x_wconf 82' lang='lat' dir='ltr'><strong>modios</strong></span> <span class='ocrx_word' id='word_1_107' title='bbox 649 2161 760 2247; x_wconf 89' lang='lat' dir='ltr'><strong>enim,</strong></span> <span class='ocrx_word' id='word_1_108' title='bbox 784 2163 1057 2238; x_wconf 79' lang='lat' dir='ltr'><strong>exhalationem</strong></span> <span class='ocrx_word' id='word_1_109' title='bbox 1074 2182 1141 2262; x_wconf 84' lang='lat' dir='ltr'><strong>pet</strong></span> 
     </span>
     <span class='ocr_line' id='line_1_18' title="bbox 43 2270 1141 2372; baseline 0.002 -25"><span class='ocrx_word' id='word_1_110' title='bbox 43 2281 185 2356; x_wconf 18' lang='lat' dir='ltr'><strong>*cutem</strong></span> <span class='ocrx_word' id='word_1_111' title='bbox 197 2272 339 2371; x_wconf 86' lang='lat' dir='ltr'><strong>optime</strong></span> <span class='ocrx_word' id='word_1_112' title='bbox 348 2281 563 2371; x_wconf 63' lang='lat' dir='ltr'><strong>promoven</strong></span> <span class='ocrx_word' id='word_1_113' title='bbox 588 2270 853 2360; x_wconf 85' lang='lat' dir='ltr'><strong>vehementior,</strong></span> <span class='ocrx_word' id='word_1_114' title='bbox 862 2275 1053 2372; x_wconf 77' lang='lat' dir='ltr'><strong>copiosum</strong></span> <span class='ocrx_word' id='word_1_115' title='bbox 1063 2275 1141 2349; x_wconf 78' lang='lat' dir='ltr'><strong>iere</strong></span> 
     </span>
     <span class='ocr_line' id='line_1_19' title="bbox 57 2383 1141 2483; baseline 0.003 -25"><span class='ocrx_word' id='word_1_116' title='bbox 57 2383 230 2459; x_wconf 85' lang='lat' dir='ltr'><strong>sudorem</strong></span> <span class='ocrx_word' id='word_1_117' title='bbox 247 2383 357 2472; x_wconf 80' lang='lat' dir='ltr'><strong>elicit,</strong></span> <span class='ocrx_word' id='word_1_118' title='bbox 383 2383 471 2482; x_wconf 86' lang='lat' dir='ltr'><strong>ipsis</strong></span> <span class='ocrx_word' id='word_1_119' title='bbox 486 2383 600 2457; x_wconf 87' lang='lat' dir='ltr'><strong>etiam</strong></span> <span class='ocrx_word' id='word_1_120' title='bbox 629 2383 842 2458; x_wconf 85' lang='lat' dir='ltr'><strong>hominibus</strong></span> <span class='ocrx_word' id='word_1_121' title='bbox 871 2385 939 2483; x_wconf 91' lang='lat' dir='ltr'><strong>qui</strong></span> <span class='ocrx_word' id='word_1_122' title='bbox 966 2384 1141 2460; x_wconf 82' lang='lat' dir='ltr'><strong>omnibus</strong></span> 
     </span>
     <span class='ocr_line' id='line_1_20' title="bbox 12 2493 1143 2595; baseline 0.001 -26"><span class='ocrx_word' id='word_1_123' title='bbox 12 2588 19 2593; x_wconf 24' lang='grc' dir='ltr'>Ι</span> <span class='ocrx_word' id='word_1_124' title='bbox 58 2496 336 2570; x_wconf 73' lang='lat' dir='ltr'><strong>meditamentis</strong></span> <span class='ocrx_word' id='word_1_125' title='bbox 353 2496 470 2595; x_wconf 84' lang='lat' dir='ltr'><strong>vulgo</strong></span> <span class='ocrx_word' id='word_1_126' title='bbox 487 2493 630 2570; x_wconf 84' lang='lat' dir='ltr'><strong>usitatis</strong></span> <span class='ocrx_word' id='word_1_127' title='bbox 647 2494 695 2569; x_wconf 88' lang='lat' dir='ltr'><strong>ad</strong></span> <span class='ocrx_word' id='word_1_128' title='bbox 712 2495 924 2571; x_wconf 88' lang='lat' dir='ltr'><strong>sudandum</strong></span> <span class='ocrx_word' id='word_1_129' title='bbox 941 2496 1017 2583; x_wconf 86' lang='lat' dir='ltr'><strong>vix,</strong></span> <span class='ocrx_word' id='word_1_130' title='bbox 1034 2514 1077 2569; x_wconf 83' lang='lat' dir='ltr'><strong>ae</strong></span> <span class='ocrx_word' id='word_1_131' title='bbox 1092 2514 1143 2570; x_wconf 83' lang='lat' dir='ltr'><strong>ne</strong></span> 
     </span>
     <span class='ocr_line' id='line_1_21' title="bbox 57 2605 1141 2707; baseline 0 -25"><span class='ocrx_word' id='word_1_132' title='bbox 57 2608 125 2683; x_wconf 85' lang='lat' dir='ltr'><strong>vix</strong></span> <span class='ocrx_word' id='word_1_133' title='bbox 141 2607 305 2706; x_wconf 87' lang='lat' dir='ltr'><strong>quidem,</strong></span> <span class='ocrx_word' id='word_1_134' title='bbox 321 2607 405 2706; x_wconf 82' lang='lat' dir='ltr'><strong>oogi</strong></span> <span class='ocrx_word' id='word_1_135' title='bbox 421 2608 572 2707; x_wconf 80' lang='lat' dir='ltr'><strong>possint</strong></span> <span class='ocrx_word' id='word_1_136' title='bbox 623 2605 793 2683; x_wconf 82' lang='lat' dir='ltr'><strong>Effectus</strong></span> <span class='ocrx_word' id='word_1_137' title='bbox 805 2630 893 2682; x_wconf 82' lang='lat' dir='ltr'><strong>vero</strong></span> <span class='ocrx_word' id='word_1_138' title='bbox 909 2606 993 2682; x_wconf 84' lang='lat' dir='ltr'><strong>talis</strong></span> <span class='ocrx_word' id='word_1_139' title='bbox 1004 2607 1141 2682; x_wconf 81' lang='lat' dir='ltr'><strong>exerui·</strong></span> 
     </span>
     <span class='ocr_line' id='line_1_22' title="bbox 57 2718 1140 2819; baseline -0.003 -23"><span class='ocrx_word' id='word_1_140' title='bbox 57 2719 209 2796; x_wconf 85' lang='lat' dir='ltr'><strong>tationis</strong></span> <span class='ocrx_word' id='word_1_141' title='bbox 224 2720 264 2794; x_wconf 93' lang='lat' dir='ltr'><strong>in</strong></span> <span class='ocrx_word' id='word_1_142' title='bbox 281 2720 535 2819; x_wconf 87' lang='lat' dir='ltr'><strong>promovendo</strong></span> <span class='ocrx_word' id='word_1_143' title='bbox 550 2718 694 2807; x_wconf 83' lang='lat' dir='ltr'><strong>sudore,</strong></span> <span class='ocrx_word' id='word_1_144' title='bbox 720 2718 830 2819; x_wconf 89' lang='lat' dir='ltr'><strong>plane</strong></span> <span class='ocrx_word' id='word_1_145' title='bbox 852 2719 993 2819; x_wconf 83' lang='lat' dir='ltr'><strong>pendet</strong></span> <span class='ocrx_word' id='word_1_146' title='bbox 1008 2718 1140 2811; x_wconf 81' lang='lat' dir='ltr'><strong>(maxi-</strong></span> 
     </span>
     <span class='ocr_line' id='line_1_23' title="bbox 56 2831 1139 2933; baseline 0 -27"><span class='ocrx_word' id='word_1_147' title='bbox 56 2855 120 2906; x_wconf 89' lang='lat' dir='ltr'><strong>ma</strong></span> <span class='ocrx_word' id='word_1_148' title='bbox 137 2831 266 2907; x_wconf 84' lang='lat' dir='ltr'><strong>saltem</strong></span> <span class='ocrx_word' id='word_1_149' title='bbox 296 2854 345 2907; x_wconf 84' lang='lat' dir='ltr'><strong>ex</strong></span> <span class='ocrx_word' id='word_1_150' title='bbox 369 2841 487 2933; x_wconf 60' lang='lat' dir='ltr'><strong>palte)</strong></span> <span class='ocrx_word' id='word_1_151' title='bbox 512 2833 561 2908; x_wconf 90' lang='lat' dir='ltr'><strong>ah</strong></span> <span class='ocrx_word' id='word_1_152' title='bbox 575 2832 728 2908; x_wconf 79' lang='lat' dir='ltr'><strong>incitato</strong></span> <span class='ocrx_word' id='word_1_153' title='bbox 744 2833 984 2926; x_wconf 79' lang='lat' dir='ltr'><strong>(oeoexxmn,</strong></span> <span class='ocrx_word' id='word_1_154' title='bbox 1009 2837 1139 2932; x_wconf 80' lang='lat' dir='ltr'><strong>neom)</strong></span> 
     </span>
     <span class='ocr_line' id='line_1_24' title="bbox 57 2944 1139 3044; baseline 0 -25"><span class='ocrx_word' id='word_1_155' title='bbox 57 2945 247 3044; x_wconf 78' lang='lat' dir='ltr'><strong>sanguinis</strong></span> <span class='ocrx_word' id='word_1_156' title='bbox 264 2952 382 3020; x_wconf 88' lang='lat' dir='ltr'><strong>motu.</strong></span> <span class='ocrx_word' id='word_1_157' title='bbox 435 2944 509 3020; x_wconf 86' lang='lat' dir='ltr'><strong>Sed</strong></span> <span class='ocrx_word' id='word_1_158' title='bbox 525 2944 572 3019; x_wconf 88' lang='lat' dir='ltr'><strong>de</strong></span> <span class='ocrx_word' id='word_1_159' title='bbox 584 2944 693 3019; x_wconf 80' lang='lat' dir='ltr'><strong>vatiis</strong></span> <span class='ocrx_word' id='word_1_160' title='bbox 709 2944 980 3020; x_wconf 82' lang='lat' dir='ltr'><strong>exercitationis</strong></span> <span class='ocrx_word' id='word_1_161' title='bbox 997 2944 1139 3021; x_wconf 83' lang='lat' dir='ltr'><strong>vitibus</strong></span> 
     </span>
     <span class='ocr_line' id='line_1_25' title="bbox 56 3057 1138 3164; baseline -0.001 -32"><span class='ocrx_word' id='word_1_162' title='bbox 56 3067 96 3133; x_wconf 85' lang='lat' dir='ltr'><strong>et</strong></span> <span class='ocrx_word' id='word_1_163' title='bbox 125 3057 250 3133; x_wconf 82' lang='lat' dir='ltr'><strong>usibus</strong></span> <span class='ocrx_word' id='word_1_164' title='bbox 275 3058 362 3134; x_wconf 82' lang='lat' dir='ltr'><strong>satis</strong></span> <span class='ocrx_word' id='word_1_165' title='bbox 385 3057 465 3164; x_wconf 87' lang='lat' dir='ltr'><strong>jam</strong></span> <span class='ocrx_word' id='word_1_166' title='bbox 491 3058 625 3156; x_wconf 77' lang='lat' dir='ltr'><strong>(nent,</strong></span> <span class='ocrx_word' id='word_1_167' title='bbox 652 3076 789 3146; x_wconf 76' lang='lat' dir='ltr'><strong>xcxiv,</strong></span> <span class='ocrx_word' id='word_1_168' title='bbox 816 3075 944 3148; x_wconf 77' lang='lat' dir='ltr'><strong>noem,</strong></span> <span class='ocrx_word' id='word_1_169' title='bbox 971 3064 1138 3156; x_wconf 77' lang='lat' dir='ltr'><strong>noenu)</strong></span> 
     </span>
     <span class='ocr_line' id='line_1_26' title="bbox 56 3146 1137 3272; baseline -0.001 -28"><span class='ocrx_word' id='word_1_170' title='bbox 56 3168 200 3246; x_wconf 84' lang='lat' dir='ltr'><strong>dictum</strong></span> <span class='ocrx_word' id='word_1_171' title='bbox 234 3181 299 3247; x_wconf 88' lang='lat' dir='ltr'><strong>est.</strong></span> <span class='ocrx_word' id='word_1_172' title='bbox 360 3146 498 3246; x_wconf 81' lang='lat' dir='ltr'><strong>Crehra</strong></span> <span class='ocrx_word' id='word_1_173' title='bbox 529 3194 682 3272; x_wconf 87' lang='lat' dir='ltr'><strong>quoque</strong></span> <span class='ocrx_word' id='word_1_174' title='bbox 714 3169 834 3246; x_wconf 83' lang='lat' dir='ltr'><strong>flictio</strong></span> <span class='ocrx_word' id='word_1_175' title='bbox 866 3166 1137 3246; x_wconf 71' lang='lat' dir='ltr'><strong>exercitationis</strong></span> 
     </span>
     <span class='ocr_line' id='line_1_27' title="bbox 57 3280 1139 3438; baseline -0.004 -81"><span class='ocrx_word' id='word_1_176' title='bbox 57 3283 139 3358; x_wconf 88' lang='lat' dir='ltr'><strong>vioe</strong></span> <span class='ocrx_word' id='word_1_177' title='bbox 157 3283 238 3373; x_wconf 89' lang='lat' dir='ltr'><strong>(ubi</strong></span> <span class='ocrx_word' id='word_1_178' title='bbox 253 3283 343 3358; x_wconf 83' lang='lat' dir='ltr'><strong>huis</strong></span> <span class='ocrx_word' id='word_1_179' title='bbox 358 3282 466 3382; x_wconf 88' lang='lat' dir='ltr'><strong>plane</strong></span> <span class='ocrx_word' id='word_1_180' title='bbox 483 3306 559 3359; x_wconf 91' lang='lat' dir='ltr'><strong>non</strong></span> <span class='ocrx_word' id='word_1_181' title='bbox 575 3294 632 3360; x_wconf 88' lang='lat' dir='ltr'><strong>est</strong></span> <span class='ocrx_word' id='word_1_182' title='bbox 647 3283 764 3384; x_wconf 83' lang='lat' dir='ltr'><strong>iosus)</strong></span> <span class='ocrx_word' id='word_1_183' title='bbox 781 3281 1015 3438; x_wconf 85' lang='lat' dir='ltr'><strong>aliquatenus</strong></span> <span class='ocrx_word' id='word_1_184' title='bbox 1031 3280 1139 3398; x_wconf 77' lang='lat' dir='ltr'><strong>fungi</strong></span> 
     </span>
     <span class='ocr_line' id='line_1_28' title="bbox 55 3404 189 3495; baseline 0 -26"><span class='ocrx_word' id='word_1_185' title='bbox 55 3404 189 3495; x_wconf 82' lang='lat' dir='ltr'><strong>potest</strong></span> 
     </span>
    </p>

    <p class='ocr_par' dir='ltr' id='par_1_5' title="bbox 54 3501 1140 4168">
     <span class='ocr_line' id='line_1_29' title="bbox 107 3501 1140 3607; baseline -0.002 -27"><span class='ocrx_word' id='word_1_186' title='bbox 107 3527 400 3583; x_wconf 75' lang='lat' dir='ltr'><strong>neeocnxxxw.</strong></span> <span class='ocrx_word' id='word_1_187' title='bbox 427 3507 534 3583; x_wconf 85' lang='lat' dir='ltr'><strong>Aura</strong></span> <span class='ocrx_word' id='word_1_188' title='bbox 549 3507 730 3596; x_wconf 77' lang='lat' dir='ltr'><strong>electrina,</strong></span> <span class='ocrx_word' id='word_1_189' title='bbox 757 3507 864 3607; x_wconf 83' lang='lat' dir='ltr'><strong>nujus</strong></span> <span class='ocrx_word' id='word_1_190' title='bbox 889 3507 985 3581; x_wconf 76' lang='lat' dir='ltr'><strong>vires</strong></span> <span class='ocrx_word' id='word_1_191' title='bbox 1011 3501 1140 3581; x_wconf 76' lang='lat' dir='ltr'><strong>s&#39;timu·</strong></span> 
     </span>
     <span class='ocr_line' id='line_1_30' title="bbox 54 3617 1140 3719; baseline -0.002 -25"><span class='ocrx_word' id='word_1_192' title='bbox 54 3618 201 3694; x_wconf 83' lang='lat' dir='ltr'><strong>lantes</strong></span> <span class='ocrx_word' id='word_1_193' title='bbox 185 3642 265 3718; x_wconf 81' lang='lat' dir='ltr'><strong>Jam</strong></span> <span class='ocrx_word' id='word_1_194' title='bbox 278 3629 367 3695; x_wconf 87' lang='lat' dir='ltr'><strong>sunt</strong></span> <span class='ocrx_word' id='word_1_195' title='bbox 385 3620 486 3712; x_wconf 81' lang='lat' dir='ltr'><strong>(Meo,</strong></span> <span class='ocrx_word' id='word_1_196' title='bbox 504 3629 611 3719; x_wconf 81' lang='lat' dir='ltr'><strong>Mem)</strong></span> <span class='ocrx_word' id='word_1_197' title='bbox 629 3632 850 3708; x_wconf 66' lang='lat' dir='ltr'><strong>memet-atae</strong></span> <span class='ocrx_word' id='word_1_198' title='bbox 867 3617 1140 3694; x_wconf 82' lang='lat' dir='ltr'><strong>exhalationem</strong></span> 
     </span>
     <span class='ocr_line' id='line_1_31' title="bbox 57 3727 1140 3832; baseline -0.001 -30"><span class='ocrx_word' id='word_1_199' title='bbox 57 3740 265 3830; x_wconf 80' lang='lat' dir='ltr'><strong>petentem</strong></span> <span class='ocrx_word' id='word_1_200' title='bbox 292 3730 393 3806; x_wconf 86' lang='lat' dir='ltr'><strong>haud</strong></span> <span class='ocrx_word' id='word_1_201' title='bbox 420 3755 552 3830; x_wconf 86' lang='lat' dir='ltr'><strong>parum</strong></span> <span class='ocrx_word' id='word_1_202' title='bbox 569 3756 785 3832; x_wconf 85' lang='lat' dir='ltr'><strong>promovere</strong></span> <span class='ocrx_word' id='word_1_203' title='bbox 801 3732 972 3816; x_wconf 62' lang='lat' dir='ltr'><strong>videtum</strong></span> <span class='ocrx_word' id='word_1_204' title='bbox 997 3739 1037 3805; x_wconf 88' lang='lat' dir='ltr'><strong>et</strong></span> <span class='ocrx_word' id='word_1_205' title='bbox 1053 3727 1140 3803; x_wconf 82' lang='lat' dir='ltr'><strong>satia</strong></span> 
     </span>
     <span class='ocr_line' id='line_1_32' title="bbox 57 3839 1138 3941; baseline -0.003 -25"><span class='ocrx_word' id='word_1_206' title='bbox 57 3842 257 3917; x_wconf 82' lang='lat' dir='ltr'><strong>verisimile</strong></span> <span class='ocrx_word' id='word_1_207' title='bbox 285 3852 340 3917; x_wconf 89' lang='lat' dir='ltr'><strong>est</strong></span> <span class='ocrx_word' id='word_1_208' title='bbox 370 3866 453 3918; x_wconf 89' lang='lat' dir='ltr'><strong>eam</strong></span> <span class='ocrx_word' id='word_1_209' title='bbox 481 3843 552 3917; x_wconf 87' lang='lat' dir='ltr'><strong>hoo</strong></span> <span class='ocrx_word' id='word_1_210' title='bbox 583 3843 696 3918; x_wconf 90' lang='lat' dir='ltr'><strong>modo</strong></span> <span class='ocrx_word' id='word_1_211' title='bbox 724 3843 914 3918; x_wconf 86' lang='lat' dir='ltr'><strong>interdum</strong></span> <span class='ocrx_word' id='word_1_212' title='bbox 941 3839 1138 3941; x_wconf 66' lang='lat' dir='ltr'><strong>pmfuissez</strong></span> 
     </span>
     <span class='ocr_line' id='line_1_33' title="bbox 58 3949 1139 4054; baseline -0.005 -26"><span class='ocrx_word' id='word_1_213' title='bbox 58 3953 124 4028; x_wconf 81' lang='lat' dir='ltr'><strong>aed</strong></span> <span class='ocrx_word' id='word_1_214' title='bbox 153 3952 376 4053; x_wconf 85' lang='lat' dir='ltr'><strong>plerumque</strong></span> <span class='ocrx_word' id='word_1_215' title='bbox 403 3954 470 4030; x_wconf 91' lang='lat' dir='ltr'><strong>ubi</strong></span> <span class='ocrx_word' id='word_1_216' title='bbox 499 3954 568 4031; x_wconf 83' lang='lat' dir='ltr'><strong>has</strong></span> <span class='ocrx_word' id='word_1_217' title='bbox 595 3954 848 4029; x_wconf 87' lang='lat' dir='ltr'><strong>exinanitione</strong></span> <span class='ocrx_word' id='word_1_218' title='bbox 876 3977 970 4054; x_wconf 90' lang='lat' dir='ltr'><strong>opus</strong></span> <span class='ocrx_word' id='word_1_219' title='bbox 997 3961 1066 4040; x_wconf 82' lang='lat' dir='ltr'><strong>est,</strong></span> <span class='ocrx_word' id='word_1_220' title='bbox 1091 3949 1139 4024; x_wconf 89' lang='lat' dir='ltr'><strong>ad</strong></span> 
     </span>
     <span class='ocr_line' id='line_1_34' title="bbox 57 4064 824 4198; baseline 0.003 -58"><span class='ocrx_word' id='word_1_221' title='bbox 57 4064 260 4141; x_wconf 78' lang='lat' dir='ltr'><strong>efficaciora</strong></span> <span class='ocrx_word' id='word_1_222' title='bbox 275 4066 437 4142; x_wconf 81' lang='lat' dir='ltr'><strong>remedia</strong></span> <span class='ocrx_word' id='word_1_223' title='bbox 453 4066 652 4168; x_wconf 75' lang='lat' dir='ltr'><strong>confugere</strong></span> <span class='ocrx_word' id='word_1_224' title='bbox 665 4077 824 4198; x_wconf 79' lang='lat' dir='ltr'><strong>oportet</strong></span> 
     </span>
    </p>

    <p class='ocr_par' dir='ltr' id='par_1_6' title="bbox 110 4176 1141 4282">
     <span class='ocr_line' id='line_1_35' title="bbox 110 4176 1141 4282; baseline -0.002 -32"><span class='ocrx_word' id='word_1_225' title='bbox 110 4199 372 4255; x_wconf 71' lang='lat' dir='ltr'><strong>xtccceaxxxa</strong></span> <span class='ocrx_word' id='word_1_226' title='bbox 400 4180 590 4282; x_wconf 86' lang='lat' dir='ltr'><strong>Denique,</strong></span> <span class='ocrx_word' id='word_1_227' title='bbox 615 4180 732 4256; x_wconf 88' lang='lat' dir='ltr'><strong>animi</strong></span> <span class='ocrx_word' id='word_1_228' title='bbox 756 4178 911 4256; x_wconf 82' lang='lat' dir='ltr'><strong>affectus</strong></span> <span class='ocrx_word' id='word_1_229' title='bbox 938 4176 1141 4271; x_wconf 76' lang='lat' dir='ltr'><strong>exsitentes</strong></span> 
     </span>
    </p>
   </div>
   <div class='ocr_carea' id='block_1_4' title="bbox 567 4278 640 4368">
    <p class='ocr_par' dir='ltr' id='par_1_7' title="bbox 567 4278 640 4368">
     <span class='ocr_line' id='line_1_36' title="bbox 567 4278 640 4368; baseline -0.027 0"><span class='ocrx_word' id='word_1_230' title='bbox 567 4278 640 4368; x_wconf 70' lang='lat' dir='ltr'><strong>xl&lt;</strong></span> 
     </span>
    </p>
   </div>
   <div class='ocr_carea' id='block_1_5' title="bbox 0 0 1344 4794">
    <p class='ocr_par' dir='ltr' id='par_1_8' title="bbox 0 0 1344 4794">
     <span class='ocr_line' id='line_1_37' title="bbox 0 0 1344 4794; baseline 0 0"><span class='ocrx_word' id='word_1_231' title='bbox 0 0 1344 4794; x_wconf 95' lang='lat' dir='ltr'><strong> </strong></span> 
     </span>
    </p>
   </div>
  </div>
 </body>
</html>
