2678 4794
68 305 155 363 cnr.
170 303 247 359 xri.
361 296 580 353 tremorum
598 299 885 354 rnnousrrcn.
1067 287 1140 361 115

57 483 198 584 quiete,
230 477 289 555 vel
321 476 455 553 fabrica
480 478 644 577 ipsorum
678 432 858 577 cormpts,
891 474 1020 576 qualis,
1053 486 1136 573 post
1185 468 1187 471 ’

59 592 369 679 rdmmatrsmmn,
394 591 602 690 podagram,
619 591 860 678 luxationem,
885 587 1059 663 fracturas
1084 610 1138 660 os·

58 709 160 795 siuru,
176 707 479 806 suppressionem·
491 703 606 778 urinae
622 705 660 776 in
677 699 806 791 vesica,
823 702 916 777 solet
931 702 1102 775 accidere.

100 840 336 896 cccnmu.
366 817 549 916 Paralysis
573 841 661 891 vero
677 843 761 917 quae
777 820 955 918 generalis
972 821 1139 908 habetur,

57 944 192 1032 etquae
208 959 232 1005 a
249 931 347 1005 vitio
362 931 499 1004 cerebri
528 932 658 1019 oritur,
684 956 763 1005 mro
792 932 954 1007 universi
979 932 1138 1032 corporis

59 1063 116 1121 est
155 1043 390 1142 Paralytioos
407 1042 627 1142 plerumque
643 1044 757 1119 altero
773 1044 885 1119 lutere
901 1061 1025 1146 captos
1041 1068 1140 1145 spec·

57 1167 186 1233 tomus.
240 1157 338 1230 Haec
362 1154 584 1255 hemipslegiu
600 1168 762 1231 vocetur.
813 1157 960 1247 Fertur,
989 1169 1027 1233 et
1055 1180 1140 1232 sane

61 1270 307 1370 plurimorum
330 1268 411 1366 jam
428 1270 655 1343 medicorum
672 1271 986 1346 observationibus
1011 1269 1140 1347 confir·

61 1394 199 1466 matur,
221 1378 317 1453 lotus
343 1380 539 1455 adversum
557 1382 603 1457 ab
629 1407 673 1456 eo
696 1384 830 1480 inquo
852 1385 988 1458 cerebri
1004 1386 1141 1459 vitium

61 1505 130 1579 est,
160 1492 215 1564 sic
227 1491 364 1566 resolvi
416 1492 614 1567 Interdum
630 1519 791 1593 quoque,
815 1494 1141 1573 laesoalterocere·

62 1604 115 1680 bri
131 1603 255 1690 latere,
272 1604 369 1678 idem
387 1606 544 1703 corporis
557 1588 656 1682 iulus
674 1607 903 1695 convellitur,
927 1579 1139 1709 opposllum

57 1717 262 1792 resolvitur.
314 1717 353 1790 Si
383 1729 502 1815 partes
531 1743 659 1794 omnes
688 1719 783 1794 infra
810 1734 933 1819 caput,
962 1722 1023 1795 vel
1048 1723 1142 1796 infra

57 1827 215 1914 lumbos,
233 1827 482 1918 resolvuntur,
505 1829 739 1931 paruplcgia
755 1832 969 1932 appelletur.
1020 1835 1067 1908 In
1080 1859 1149 1933 pa«

54 1941 168 2038 ulysi
183 1965 312 2014 seusus
329 1940 548 2040 plerumque
564 1957 739 2042 superest,
771 1946 971 2043 aliquando
987 1945 1141 2036 deletur,

59 2076 156 2153 nepe
185 2053 420 2128 obtimditur.
497 2054 608 2141 Raro,
642 2057 746 2154 quod
778 2069 903 2132 tamen
940 2061 1142 2158 pessimum

58 2180 124 2253 cst,
143 2177 279 2252 motem,
296 2185 433 2253 sensus,
450 2167 587 2265 pulsus,
616 2169 712 2242 calor
727 2180 886 2256 artuum,
912 2173 978 2268 qui
995 2174 1142 2247 solvun-

64 2286 131 2366 tur,
155 2276 270 2351 simul
296 2288 474 2375 pereunt;
501 2279 646 2366 scilicet,
675 2281 764 2379 ipsae
780 2285 920 2356 arteriae
936 2284 1144 2382 paralytice

53 2387 168 2466 'fiunt
219 2389 404 2487 Paralysis
432 2391 594 2463 universi
620 2393 789 2489 corporis,
817 2392 920 2490 quod
944 2394 991 2465 ad
1018 2405 1144 2467 motus

63 2502 298 2588 voluntarios,
333 2525 418 2576 cum
452 2500 675 2576 auoestlresia
710 2503 896 2601 (etxxm)
929 2512 969 2575 et
1008 2527 1146 2629 sopore,

65 2612 265 2716 apoplexia
283 2624 444 2689 vocatur.
497 2614 593 2688 Haec
618 2614 755 2687 alaeso
781 2615 928 2688 cerebro
953 2615 1145 2713 provenit:

57 2739 182 2802 -mtus
193 2751 284 2800 vero
298 2727 383 2800 huic
399 2725 610 2801 simillimus
622 2725 813 2801 inducitur
824 2726 1032 2815 narcoticis,
1049 2728 1146 2825 opio,

64 2841 197 2940 etipso
214 2841 315 2926 vino,
344 2838 401 2912 vel
432 2839 503 2912 alio
533 2850 625 2937 potu
651 2861 837 2938 generoso,
867 2838 963 2914 ultra
989 2842 1146 2914 modum

67 2968 227 3053 mmpto,
243 2964 284 3029 et
296 2952 461 3051 denique
477 2959 558 3028 sere
573 2951 678 3028 acido
691 2949 888 3029 carbonirs
911 2963 1083 3053 conupto
1106 2951 1145 3024 in

65 3066 287 3165 pulmonem
304 3074 460 3164 recepto.

115 3198 361 3253 ccccxxxnr.
390 3179 563 3277 Superest
579 3187 617 3253 et
633 3177 734 3253 aliud
754 3189 878 3254 motus
895 3177 1146 3254 musculorum

66 3286 221 3376 vitium,
235 3289 348 3390 idque
364 3315 439 3365 non
456 3289 539 3364 leve
555 3299 781 3376 antrorum
805 3314 976 3390 spasmus
1001 3290 1146 3363 scilicet

67 3397 149 3476 Hic
164 3410 222 3476 est
242 3405 337 3478 actio
354 3403 606 3479 musculorum
624 3403 841 3489 vehemens,
856 3401 1049 3475 abnormis.
1101 3399 1149 3474 In

59 3510 208 3612 'duplex
219 3539 339 3616 genus
349 3517 602 3616 distinguitur,
620 3514 781 3590 tom'crmr
797 3525 835 3588 et
847 3510 1034 3590 obuium.
1062 3511 1150 3587 Hoc

71 3646 163 3725 πρε
177 3628 372 3703 convulsio
387 3641 548 3715 vocatur,
579 3628 824 3703 distinctionis
841 3651 948 3702 musa
962 3626 1008 3699 ab
1024 3624 1149 3713 altero,

72 3739 129 3811 mi
140 3738 211 3813 soli
227 3763 365 3814 nomen
382 3765 554 3841 spasmus
570 3740 648 3813 dari
665 3738 767 3814 solet.

116 3872 357 3928 oecnxxmv.
390 3855 572 3953 ›Spasmus
600 3853 716 3952 igitur
744 3860 799 3925 est
828 3850 1037 3937 vehemens,
1066 3873 1151 3925 eon-

79 3966 178 4050 Μ,
193 3964 395 4052 abnormis,
423 3966 623 4041 contractio
637 3964 812 4038 fibrarum
842 3963 1151 4039 muscidosurum:

76 4075 261 4152 convulsio
290 4102 391 4165 vero,
416 4077 572 4168 insolita,
598 4076 798 4151 vehemens
827 4077 1037 4162 contractio,
1066 4094 1153 4148 cum

80 4181 295 4266 relmotione
324 4190 515 4267 alternans.
575 4191 785 4291 Utriusque
813 4200 879 4278 est,
908 4189 940 4264 si
967 4182 1151 4263 musculos

587 4324 617 4380 Η
636 4313 660 4380 2
