2678 4794
164 276 238 344 822
575 285 824 346 consancros
1042 291 1127 343 can.
1145 288 1246 345 xxv.

170 462 352 566 quosdam
375 477 569 565 praesentes
593 471 842 549 summovent,
870 470 910 535 et
933 461 1038 537 brevi
1055 465 1255 541 solvuntur

170 584 210 653 at
232 577 339 654 facile
372 583 652 675 oonooquuntur
674 575 713 648 in
738 571 957 658 ventriculo,
990 577 1104 650 modo
1128 601 1254 676 neque

170 690 285 766 nimia
307 689 410 789 oopia
432 688 608 780 devorata
627 685 775 774 fuerint,
799 707 923 783 neque
938 693 1107 783 tempore
1124 689 1257 763 minus

172 801 315 879 idoneo.
374 798 576 875 'littisaima
599 806 688 873 sunt
711 796 773 873 vel
797 821 865 895 pro
883 795 1072 892 jentaculo
1096 796 1156 870 vel
1182 820 1259 895 pro

127 957 128 962 =
173 937 279 989 coena
301 920 494 1009 assumpta,
522 907 584 984 vel
599 908 828 1009 aliquamdiu
844 918 930 982 ante
947 907 1007 982 vel
1021 907 1258 1006 aliquamdiu

172 1033 256 1125 post
271 1020 487 1121 prandium:
513 1044 602 1096 narn
618 1024 744 1096 statim
761 1045 782 1094 a
799 1019 964 1118 prandio,
989 1018 1098 1116 pleno
1115 1018 1255 1095 scilieet

171 1131 385 1221 ventriculo,
405 1133 472 1208 ⁴vel
486 1132 636 1225 forsitan
653 1134 765 1207 nimis
783 1132 864 1231 jam
882 1141 1044 1219 onerato,
1069 1130 1254 1205 siluerint

170 1253 368 1345 msumpta,
391 1246 626 1345 perspicuum
643 1255 699 1320 est
716 1245 817 1320 haud
833 1269 965 1342 parum
983 1267 1060 1318 esse
1077 1245 1252 1318 nocitura

169 1355 285 1443 Quod
323 1357 354 1431 si
391 1357 619 1433 ventriculus
652 1355 761 1431 valde
799 1356 967 1431 infirmus
992 1365 1058 1443 est,
1096 1365 1135 1429 et
1159 1355 1250 1430 aoori

168 1468 353 1568 imprimis
369 1468 564 1557 obnoxius,
582 1480 665 1546 tum
682 1493 803 1569 poma,
817 1468 988 1567 quamvis
998 1467 1254 1551 maturissimo.

171 1592 238 1657 aut
253 1581 406 1656 omnino
422 1580 638 1680 deneganda
653 1588 740 1655 sunt
756 1603 865 1678 aegro,
888 1587 955 1654 aut
970 1588 1077 1653 caute
1094 1589 1133 1654 et
1150 1600 1251 1678 pane

171 1692 376 1768 admodum
393 1691 634 1768 concedenda.

223 1819 344 1882 Mxxn
361 1804 522 1881 Plurimi
537 1805 636 1903 aegri,
656 1803 777 1879 diaetoe
791 1828 841 1879 ex
857 1804 1026 1879 comibus
1042 1829 1110 1904 pro
1139 1803 1248 1879 maxi-

170 1926 343 2015 maparte
352 1916 417 1990 diu
427 1916 572 2002 assueti,
583 1913 763 2015 frugibus,
775 1917 957 2018 siquando
967 1916 1025 1991 hae
1034 1927 1186 2017 propter
1194 1941 1250 1992 va·

169 2027 240 2101 rias
251 2049 376 2101 causas
393 2026 509 2125 magis
520 2035 618 2126 aptae
629 2028 778 2103 oreditae
790 2039 889 2116 sunt,
901 2038 1014 2126 atque
1025 2030 1251 2129 praescripta,

170 2135 387 2213 difficillime
397 2148 621 2227 assuescunt,
639 2163 762 2239 neque
774 2141 838 2217 has
850 2142 929 2216 sine
942 2141 1089 2216 fastidio
1101 2165 1250 2226 sumere,

87 2324 90 2335 ,
170 2258 237 2324 aut
253 2260 419 2350 sumptas
435 2251 514 2326 sine
531 2277 666 2352 magno
682 2253 852 2329 tumultu
877 2254 918 2328 in
935 2253 1144 2329 ventriculo
1171 2276 1252 2330 oon·

170 2374 518 2464 coquere5posaunt.
569 2365 711 2440 Tamen
737 2365 934 2465 prudentia
951 2375 1065 2464 atque
1088 2388 1253 2465 perseve-

171 2476 300 2565 rantia,
325 2475 506 2554 subducta
522 2476 583 2552 vel
599 2477 746 2553 minuta
761 2477 939 2577 paulatim
957 2476 1125 2553 carnium
1141 2500 1252 2578 quan·

138 2651 140 2654 .
171 2588 290 2676 titate,
313 2599 496 2690 auctaque
511 2614 579 2689 pm
595 2599 673 2664 rata
687 2601 793 2688 parta
807 2589 960 2689 frugum
985 2590 1102 2688 copia,
1128 2612 1253 2664 omnes

171 2698 247 2772 fere
263 2697 430 2777 homines
446 2726 491 2776 eo
506 2701 658 2800 perduci
675 2712 831 2799 queunt,
848 2710 892 2775 ut
908 2700 971 2775 has
988 2711 1027 2775 et
1043 2702 1131 2777 satis
1145 2724 1257 2800 appe·

172 2814 265 2895 tant,
283 2818 322 2884 et
338 2812 418 2886 sirie
431 2813 669 2887 inoornmodo
684 2821 882 2899 assumant,
910 2822 949 2887 et
964 2811 1024 2886 vel
1040 2811 1123 2888 solis
1138 2811 1254 2909 frugi-

172 2917 243 2993 bus
267 2917 312 3009 (si
337 2944 431 3019 opus
454 2923 592 3020 fueriti,
621 2921 681 2996 vel
697 2923 741 2994 iis
758 2921 887 2997 saltem
912 2949 980 3022 pro
1005 2923 1164 2998 maxima
1178 2921 1255 2999 cibi

173 3036 277 3124 parte
300 3041 505 3118 vesoantur,
529 3032 644 3131 idque
666 3053 744 3105 non
769 3032 881 3106 modo
907 3037 987 3110 sine
1012 3029 1173 3136 periculo
1188 3042 1255 3110 aut

174 3139 421 3230 incommodo,
437 3142 501 3216 sed
517 3166 601 3217 oum
620 3165 757 3242 magno
772 3143 960 3222 beneficio.

226 3274 368 3329 mxu.
384 3253 450 3330 Ex
465 3254 510 3328 iis
524 3254 634 3330 rebus
650 3254 787 3353 quibus
803 3281 871 3355 pro
881 3257 1072 3355 jentaculo
1092 3260 1153 3335 uti
1168 3259 1254 3335 sola·

175 3387 271 3452 mus,
296 3363 391 3454 nea,
406 3363 532 3464 roffea,
548 3389 669 3455 cocao,
694 3365 772 3444 haeo
787 3368 862 3444 sola
878 3369 1019 3469 aliquid
1035 3371 1253 3448 nutrimenti

172 3478 359 3575 suggerim
385 3480 522 3578 priores
546 3480 648 3553 enim
671 3478 758 3554 duae
781 3505 838 3557 res
861 3481 955 3557 nihil
979 3485 1170 3573 nutriunt,
1184 3480 1255 3557 nisi

171 3594 260 3684 ope'
276 3586 380 3663 lactis
403 3598 444 3664 et
467 3588 625 3665 aaoohari
649 3616 735 3691 quae
768 3616 854 3668 cum
878 3591 924 3669 iis
959 3595 1257 3672 commiscentur.

141 3765 146 3779 ,
171 3697 355 3773 Praeterea
371 3700 410 3774 vi
426 3702 588 3804 quadam
604 3703 755 3779 sedante
766 3716 805 3779 et
817 3703 982 3780 solvente
1000 3706 1038 3780 in
1049 3704 1258 3783 ventrimlo

122 3886 124 3892 .
171 3807 323 3910 pollent,
347 3815 551 3911 praesertim
588 3840 708 3914 quum
732 3815 861 3891 calidae
881 3814 1073 3906 bibuntur,
1109 3830 1151 3894 et
1170 3817 1257 3893 *ideo

114 3918 120 3961 ³
148 3951 151 3956 ’
170 3945 304 4020 parum
340 3922 513 4002 salutares
549 3925 669 4014 fiunt;
711 3939 935 4027 quapropter
971 3931 1149 4006 omnibus
1183 3931 1256 4005 fere

169 4034 276 4133 agris
291 4035 448 4111 vetustis
474 4038 609 4114 morbis
632 4037 884 4114 laborantibus
899 4041 1142 4140 prohibendae
1159 4049 1254 4128 sunt,

166 4144 230 4236 val
253 4146 462 4248 parcissime
486 4150 757 4248 pennittendge.
813 4150 934 4230 Cacoo
962 4177 1061 4242 vero,
1089 4154 1253 4233 multum
