2678 4794
88 398 177 457 CAP.
195 394 297 451 xm.
346 390 566 449 MEDICINA
584 392 872 452 unsonmcm.
1088 391 1157 459 181

83 574 224 651 tionem
241 570 415 647 docemur
425 572 781 671 importunissimum
793 571 931 646 malum
945 574 1159 652 sublevandi

83 710 177 787 saepe
191 696 232 761 et
248 682 427 783 sopiendi,
444 684 614 783 quamvis
630 708 704 759 non
718 684 828 760 detur
843 708 990 761 causam
1006 687 1084 785 ejus
1101 713 1162 787 pe·

82 799 182 875 nitus
198 796 339 873 tollere.

126 934 244 989 ncsx.
269 908 605 983 vehementissima
628 908 791 1007 periculo
815 933 911 1009 saepc
934 919 1012 985 est:
1050 911 1161 987 inter·

78 1022 178 1099 cluso
203 1022 383 1097 nimirum
408 1020 553 1120 spiritu,
572 1031 612 1096 et
627 1021 749 1096 valido
764 1023 860 1111 nisu,
885 1022 1065 1121 plurimus
1082 1048 1161 1099 san·

81 1137 163 1237 guis
178 1136 220 1209 in
237 1134 414 1234 pulmone
429 1134 653 1233 congeritur,
668 1133 773 1230 cujus
784 1159 870 1209 vasa
885 1134 1160 1224 distenduntur,

81 1268 351 1345 nonnunquam
362 1257 604 1344 rumpuntur;
623 1246 723 1319 unde
733 1247 921 1344 sanguinis
934 1246 1160 1345 profluvium

82 1358 279 1457 aliquando
299 1360 442 1458 ingens,
477 1357 538 1432 vel
561 1356 681 1431 forsan
718 1356 873 1442 lethale;
914 1361 1048 1457 saepius
1072 1385 1160 1435 vero

85 1472 190 1571 origo
212 1468 381 1558 lentioris,
407 1469 471 1545 sed
487 1470 555 1544 vix
571 1468 696 1543 minus
712 1469 868 1544 exitialis
894 1471 1036 1546 morbi:
1066 1473 1159 1570 quin

83 1592 122 1657 et
137 1582 245 1657 tussis
260 1583 392 1670 crebra,
420 1592 460 1657 et
476 1581 640 1671 molesta,
665 1583 742 1656 sine
765 1584 870 1681 gravi
899 1595 964 1658 aut
980 1609 1066 1659 sane
1082 1584 1160 1663 ullo

82 1696 267 1795 sanguinis
291 1695 486 1796 profluvio,
521 1705 662 1770 tantam
688 1693 856 1793 pulmoni
883 1698 1013 1770 inferre
1038 1706 1159 1795 potest

79 1802 207 1897 labem,
245 1809 425 1908 imprimis
449 1808 480 1883 si
504 1807 565 1882 bic
588 1807 771 1883 debilioris
796 1807 910 1883 fuerit
934 1807 1089 1897 fabricae,
1114 1817 1159 1881 ut

76 1918 264 2017 phtbiseos
298 1921 365 1996 vix
401 1944 477 1994 non
513 1919 790 1997 immedicabilis
827 1922 1069 1997 fundamenta
1103 1920 1158 2019 je·

80 2032 176 2105 oerit

124 2164 218 2219 ncx.
245 2144 435 2244 Denique,
459 2171 480 2219 a
496 2145 607 2245 longa
622 2157 661 2220 et
677 2145 896 2220 vehemente
913 2147 1015 2233 tussi,
1041 2146 1156 2243 impe-

80 2252 154 2329 dito
177 2280 245 2355 per
269 2256 489 2356 pulmonem
514 2258 701 2356 sanguinis
726 2257 893 2343 transitu,
919 2256 1068 2355 sanguis
1092 2280 1157 2355 per

83 2390 186 2443 renas
203 2366 341 2456 refluit,
365 2369 546 2468 imprimis
572 2369 618 2441 ad
636 2379 770 2467 caput:
797 2367 883 2441 hinc
899 2368 1036 2452 vultus,
1062 2368 1156 2463 ipso-

80 2490 235 2580 rumque
252 2480 439 2554 interdum
457 2478 661 2566 oculonrm,
686 2479 807 2564 rubor,
832 2488 870 2550 et
887 2501 982 2576 saepe
998 2476 1101 2583 livor,
1118 2487 1156 2550 et

80 2612 347 2692 nonnunquam
372 2591 561 2691 sanguinis
582 2588 774 2689 profluvia,
799 2588 897 2662 vele
921 2588 1079 2674 naribus,
1096 2586 1156 2661 vel

81 2724 123 2778 sx
148 2706 244 2779 vasis
270 2704 421 2777 internis
445 2705 485 2777 in
510 2702 590 2799 ipso
613 2701 769 2788 cerebro,
807 2712 846 2775 et
870 2700 1056 2799 paralysis,
1090 2709 1156 2773 aut

80 2815 288 2919 apoplexia,
305 2825 371 2890 aut
387 2815 586 2902 convulsio,
603 2813 801 2912 aliquando
818 2811 973 2886 lethalia.

123 2951 232 3004 ncx1.
259 2927 463 3014 Postremo,
481 2925 693 3025 compressis
710 2924 846 3023 insigni
863 2924 901 2998 vi
919 2924 1157 3022 quotquotin

80 3038 272 3115 abdomine
307 3039 543 3113 continentur
566 3037 775 3123 visceribus,
813 3037 842 3110 si
879 3061 960 3135 pars
985 3034 1155 3133 quadam

79 3164 205 3247 praeter
221 3151 371 3226 solitum
388 3150 517 3225 debilis
533 3149 654 3237 fuerit,
671 3149 807 3235 hernia,
825 3146 1023 3247 prolapsus,
1052 3148 1153 3221 abor-

79 3272 150 3349 tus,
165 3274 203 3337 et
217 3262 350 3339 similia
366 3262 461 3336 mala
477 3263 640 3337 accidere
656 3270 821 3361 possunt.

124 3395 248 3450 nexu.
275 3375 389 3462 Quod
407 3375 438 3448 si
453 3374 569 3448 lenior
585 3372 697 3447 fuerit
714 3371 833 3458 tussis,
863 3368 926 3442 sed
943 3370 1153 3468 importuna

78 3494 114 3559 et
136 3485 321 3585 frequens,
345 3487 515 3585 quamvis
531 3483 587 3558 nil
610 3484 818 3558 istiusmodi
835 3483 1077 3557 metuendum
1094 3482 1154 3570 sit,

77 3597 236 3694 periculo
252 3611 377 3671 tamen
396 3622 471 3671 non
489 3596 644 3671 carebit:
673 3619 816 3694 aegrum
833 3594 1009 3668 nimirum
1027 3595 1153 3693 agitat,

78 3705 214 3808 fatigat,
241 3710 337 3784 vires
362 3709 520 3808 corporis
545 3708 692 3807 frangit,
728 3730 899 3780 somnum
925 3706 1066 3791 adimit,
1102 3704 1153 3778 fe·

79 3816 176 3894 brem
194 3821 368 3907 intendit,
397 3821 519 3919 ipsum
537 3818 751 3918 pulmonem
770 3818 891 3916 quatit
907 3828 946 3891 et
962 3816 1089 3903 irritat,
1106 3816 1155 3889 ci·

81 3928 114 4002 bi
129 3933 404 4007 concoctionem
422 3943 642 4029 caeterasque
658 3929 733 4003 fere
754 3930 961 4003 functiones
986 3926 1154 4027 impedit,

82 4062 174 4141 agro
189 4043 340 4117 tandem
359 4042 594 4117 intolerabilis
610 4066 770 4115 evasura.

127 4176 274 4228 nexui.
292 4155 397 4229 Huic
414 4154 577 4229 multum
590 4154 709 4227 affinis
719 4164 773 4226 est
787 4152 1015 4237 sternutatio,
1025 4151 1156 4245 ingens

84 4264 257 4341 nimirum
274 4264 381 4365 plena
397 4267 596 4367 inspiratio,
620 4266 680 4343 oui
694 4288 825 4341 sonora
839 4274 879 4338 et
893 4258 1157 4337 violentissima
