2678 4794
152 349 240 403 ear.
259 348 361 400 xxx.
461 345 684 400 nnmerum
704 349 991 406 rusonnrrcar.
1164 339 1237 412 387

150 523 380 623 quarundam
406 525 567 621 partium
592 549 613 597 a
639 523 735 596 malo
759 523 913 597 aliarum
943 537 981 598 et
1005 538 1229 601 remotarum

149 638 255 735 quasi
283 660 347 733 per
370 658 585 708 consensum
602 633 764 732 aliquem
782 637 907 723 oritur,
934 637 1050 712 veluti
1067 640 1228 713 brachio-

147 772 232 823 rum
258 759 296 820 et
321 770 471 820 crurum
495 773 517 821 a
540 744 652 823 colico
668 746 877 835 Pictonum,
907 761 1052 845 oportet
1069 752 1229 824 remedia

147 857 377 933 stimulantis
389 858 553 961 partibus
564 859 683 958 primo
693 859 841 946 affectis,
856 860 916 934 vel
929 885 1036 958 quam
1050 866 1228 960 proxime,

145 970 331 1055 adhibere,
356 994 441 1067 quae
458 980 540 1044 tum
559 995 707 1044 omnem
736 997 843 1045 suum
863 998 972 1046 usum
990 975 1226 1071 praestabunt,

147 1082 318 1180 quamvis
353 1081 563 1179 partibus
553 1083 640 1180 rpsis
672 1082 748 1180 jam
779 1083 1026 1224 laborantibus
1051 1084 1224 1172 adbibita,

147 1216 279 1292 parum
296 1194 451 1267 omnino
466 1192 676 1268 valuissent.

197 1326 388 1380 uecxxn
407 1305 472 1378 Ex
489 1307 596 1379 variis
626 1307 871 1382 remediorum
889 1309 1195 1386 stimulantium
1185 1335 1225 1384 m

147 1438 296 1514 corpore
320 1417 486 1490 humano
514 1416 706 1492 effectibus
717 1417 792 1515 jam
814 1421 1001 1516 (ucaxvr)
1028 1424 1224 1509 recensitis,

145 1528 381 1626 perspicuum
399 1538 464 1615 est,
485 1552 526 1601 ea
543 1530 581 1602 iu
598 1528 764 1628 plurimis
781 1541 820 1604 et
836 1532 988 1627 quidem
1005 1535 1090 1607 satis
1106 1533 1225 1608 diver-

145 1639 196 1715 sis
224 1640 436 1714 morborum
469 1641 664 1738 generibus
692 1641 880 1716 interdum
914 1667 990 1717 esse
1022 1644 1224 1742 profutura,

144 1753 329 1850 variisque
357 1752 440 1826 ideo
456 1751 611 1826 consiliis
628 1777 649 1826 a
665 1754 816 1828 medicis
846 1779 941 1853 saepe
969 1756 1223 1855 praescriptum

144 1864 199 1938 iri·
730 1916 742 1939 ο
916 1958 919 1964 .

194 1999 401 2054 ncaxxur.
428 1977 616 2077 Imprimis
641 1978 757 2079 igitur
792 1978 839 2055 ad
866 1981 1076 2056 excitandas
1101 1991 1222 2080 partes

145 2090 320 2188 quasdam
339 2101 468 2163 natura
497 2092 693 2164 sentientes
711 2093 771 2165 sed
791 2093 919 2167 morbo
935 2104 1131 2192 torpentes,
1160 2093 1222 2166 vel

143 2202 190 2275 ad
207 2203 467 2300 integrandum
485 2211 523 2276 et
539 2202 644 2300 quasi
660 2203 868 2276 acuendum
885 2205 1047 2277 universi
1063 2206 1221 2302 corporis

143 2338 290 2389 sensum
316 2316 497 2411 siquando
523 2315 581 2388 hic
606 2325 737 2412 praeter
761 2323 931 2388 naturam
948 2314 1130 2401 defecerit,
1161 2339 1222 2387 ve-

142 2426 215 2501 luti
229 2428 270 2500 in
284 2426 522 2501 Anoestlcsr'u
538 2425 709 2522 generali,
726 2436 791 2498 aut
809 2434 957 2521 stupore
975 2426 1131 2498 membri
1159 2450 1221 2499 cu-

135 2537 259 2635 jusvis
274 2539 458 2629 (caxxrn,
490 2545 673 2634 ccxxiv),
698 2535 818 2608 autin
837 2537 999 2609 caecitate
1021 2535 1083 2608 illa
1099 2560 1184 2633 quae
1200 2561 1221 2609 a

141 2649 293 2724 minuto
307 2650 366 2723 vel
394 2652 527 2724 amisso
552 2649 655 2721 nervi
680 2671 798 2733 sensu,
825 2670 900 2720 non
929 2647 1067 2721 avitiis
1090 2646 1222 2721 bumo-

142 2785 229 2836 rum
247 2763 350 2849 oculi,
368 2765 494 2849 oritur,
512 2771 550 2834 et
561 2784 646 2858 quae
658 2759 882 2834 Anmurosis
896 2760 1043 2858 (ccam)
1059 2769 1221 2848 vocatur,

141 2897 239 2972 saepe
255 2887 488 2972 usurpantur,
506 2884 544 2947 et
560 2871 661 2946 haud
677 2898 757 2946 raro
775 2872 965 2946 utilissima
981 2872 1089 2946 fiunt.
1146 2874 1220 2948 Sci-

140 2985 227 3060 licet
245 2988 365 3060 nervis
382 2987 579 3084 aliquando
596 2985 777 3060 sentiendi
794 2983 944 3061 facultas
961 2984 1069 3083 plane
1085 2985 1221 3073 deficit,

139 3098 274 3172 fabrica
303 3123 431 3171 eorum
459 3099 580 3173 adhuc
605 3099 748 3197 integra
764 3107 876 3194 atque
901 3099 1047 3185 intaeta,
1072 3109 1221 3196 propter
1249 3152 1251 3156 -

139 3234 264 3284 causas
280 3211 387 3283 valde
416 3211 583 3283 obscuras
610 3209 669 3283 vel
697 3211 846 3308 penitus
875 3210 1029 3308 ignotas,
1056 3234 1141 3307 quae
1167 3218 1218 3282 ta-

136 3345 225 3395 men
245 3345 319 3393 non
337 3322 428 3395 adeo
444 3322 529 3394 fixae
545 3333 611 3395 aut
627 3321 758 3395 validae
773 3330 871 3409 sunt,
888 3323 991 3418 quin,
1009 3345 1078 3418 ope
1095 3319 1218 3393 idonei

137 3432 281 3506 stimuli
304 3432 441 3519 finibus
467 3457 665 3506 nervorum
691 3434 914 3507 tenuissimis
943 3433 1093 3519 admoti,
1131 3433 1219 3531 ipsae

136 3542 197 3616 vel
224 3569 371 3642 prorsus
388 3545 687 3631 submoveantur,
714 3544 773 3616 vel
791 3569 916 3618 sensus
933 3545 1059 3618 saltem
1078 3546 1121 3618 iis
1137 3570 1218 3619 ner-

136 3657 192 3730 vis
218 3655 352 3728 redeat.
431 3657 599 3728 Maxime
624 3679 711 3726 vero
735 3654 936 3728 dolendum
964 3667 1019 3730 est
1044 3658 1113 3731 boc
1141 3681 1215 3729 non

132 3778 358 3866 perpetuum
395 3792 482 3853 esse,
521 3790 745 3863 sensumque
769 3792 864 3864 saepe
889 3768 949 3840 vel
975 3768 1128 3843 deficere
1156 3768 1216 3842 vel

130 3882 284 3977 penitus
302 3877 414 3952 deleri
431 3878 546 3953 causis
562 3878 653 3951 adeo
670 3877 800 3952 validis
816 3891 852 3953 et
869 3879 964 3967 fixis,
986 3882 1100 3956 veluti
1117 3903 1216 3953 com-

127 3992 319 4090 pressione
336 3989 468 4087 aliqua,
492 4002 557 4064 aut
587 3988 668 4064 laesa
693 3989 825 4064 fabrica
850 3993 985 4066 cerebri
1002 4016 1215 4066 nervorum·

125 4128 214 4200 que,
242 4113 288 4179 ut
313 4125 436 4198 neque
461 4102 550 4175 dum
577 4101 636 4175 lrae
659 4126 777 4178 causae
802 4104 938 4178 adsunt
966 4130 1031 4204 per
1048 4104 1125 4177 haec
1148 4112 1215 4176 aut

123 4214 201 4291 ulla
217 4213 386 4290 remedia
412 4238 537 4290 sensus
566 4215 787 4313 inpartibus
813 4216 953 4291 affectis
969 4228 1014 4291 ut
1038 4216 1143 4289 decet
1159 4237 1212 4287 re-

627 4328 733 4404 aba
