<?xml version="1.0" encoding="UTF-8"?>
<!DOCTYPE html PUBLIC "-//W3C//DTD XHTML 1.0 Transitional//EN"
    "http://www.w3.org/TR/xhtml1/DTD/xhtml1-transitional.dtd">
<html xmlns="http://www.w3.org/1999/xhtml" xml:lang="en" lang="en">
 <head>
  <title>
</title>
<meta http-equiv="Content-Type" content="text/html;charset=utf-8" />
  <meta name='ocr-system' content='tesseract 3.04.00' />
  <meta name='ocr-capabilities' content='ocr_page ocr_carea ocr_par ocr_line ocrx_word'/>
</head>
<body>
  <div class='ocr_page' id='page_1' title='image "./conspectusmedic01greggoog_0254.png"; bbox 0 0 2678 4794; ppageno 0'>
   <div class='ocr_carea' id='block_1_1' title="bbox 125 377 1205 445">
    <p class='ocr_par' dir='ltr' id='par_1_1' title="bbox 125 377 1205 445">
     <span class='ocr_line' id='line_1_1' title="bbox 125 377 1205 445; baseline -0.002 0"><span class='ocrx_word' id='word_1_1' title='bbox 125 392 212 445; x_wconf 78' lang='lat' dir='ltr'><strong>cnr.</strong></span> <span class='ocrx_word' id='word_1_2' title='bbox 231 386 319 441; x_wconf 80' lang='lat' dir='ltr'><strong>xrx.</strong></span> <span class='ocrx_word' id='word_1_3' title='bbox 432 384 652 439; x_wconf 70' lang='lat' dir='ltr'><strong>amoremne</strong></span> <span class='ocrx_word' id='word_1_4' title='bbox 671 385 957 438; x_wconf 73' lang='lat' dir='ltr'><strong>rnnonurrem.</strong></span> <span class='ocrx_word' id='word_1_5' title='bbox 1135 377 1205 443; x_wconf 77' lang='lat'><strong>203</strong></span> 
     </span>
    </p>
   </div>
   <div class='ocr_carea' id='block_1_2' title="bbox 124 559 1310 4354">
    <p class='ocr_par' dir='ltr' id='par_1_2' title="bbox 124 559 1208 1197">
     <span class='ocr_line' id='line_1_2' title="bbox 127 559 1205 659; baseline -0.002 -19"><span class='ocrx_word' id='word_1_6' title='bbox 127 568 179 639; x_wconf 88' lang='lat' dir='ltr'><strong>tie</strong></span> <span class='ocrx_word' id='word_1_7' title='bbox 195 562 340 640; x_wconf 82' lang='lat' dir='ltr'><em>colicam</em></span> <span class='ocrx_word' id='word_1_8' title='bbox 356 561 568 648; x_wconf 82' lang='lat' dir='ltr'><strong>inducente,</strong></span> <span class='ocrx_word' id='word_1_9' title='bbox 585 560 690 659; x_wconf 91' lang='lat' dir='ltr'><strong>cujus</strong></span> <span class='ocrx_word' id='word_1_10' title='bbox 707 559 801 635; x_wconf 85' lang='lat' dir='ltr'><strong>ileos</strong></span> <span class='ocrx_word' id='word_1_11' title='bbox 818 586 899 658; x_wconf 86' lang='lat' dir='ltr'><strong>pars</strong></span> <span class='ocrx_word' id='word_1_12' title='bbox 917 571 971 634; x_wconf 91' lang='lat' dir='ltr'><strong>est</strong></span> <span class='ocrx_word' id='word_1_13' title='bbox 988 570 1027 633; x_wconf 86' lang='lat' dir='ltr'><strong>et</strong></span> <span class='ocrx_word' id='word_1_14' title='bbox 1044 561 1205 638; x_wconf 81' lang='lat' dir='ltr'><strong>effeetus.</strong></span> 
     </span>
     <span class='ocr_line' id='line_1_3' title="bbox 124 672 1208 775; baseline -0.002 -24"><span class='ocrx_word' id='word_1_15' title='bbox 124 676 344 775; x_wconf 86' lang='lat' dir='ltr'><strong>Aliquando</strong></span> <span class='ocrx_word' id='word_1_16' title='bbox 360 699 448 748; x_wconf 90' lang='lat' dir='ltr'><strong>vero</strong></span> <span class='ocrx_word' id='word_1_17' title='bbox 475 673 686 747; x_wconf 88' lang='lat' dir='ltr'><strong>observatus</strong></span> <span class='ocrx_word' id='word_1_18' title='bbox 715 683 770 746; x_wconf 91' lang='lat' dir='ltr'><strong>est</strong></span> <span class='ocrx_word' id='word_1_19' title='bbox 796 673 1079 771; x_wconf 85' lang='lat' dir='ltr'><strong>perfectissimus</strong></span> <span class='ocrx_word' id='word_1_20' title='bbox 1106 672 1208 761; x_wconf 73' lang='lat' dir='ltr'><strong>ileos,</strong></span> 
     </span>
     <span class='ocr_line' id='line_1_4' title="bbox 125 785 1208 869; baseline -0.005 -6"><span class='ocrx_word' id='word_1_21' title='bbox 125 814 208 864; x_wconf 87' lang='lat' dir='ltr'><strong>cum</strong></span> <span class='ocrx_word' id='word_1_22' title='bbox 226 785 330 861; x_wconf 92' lang='lat' dir='ltr'><strong>nulla</strong></span> <span class='ocrx_word' id='word_1_23' title='bbox 358 787 397 859; x_wconf 92' lang='lat' dir='ltr'><strong>in</strong></span> <span class='ocrx_word' id='word_1_24' title='bbox 428 786 611 859; x_wconf 87' lang='lat' dir='ltr'><strong>intestinis</strong></span> <span class='ocrx_word' id='word_1_25' title='bbox 639 785 840 858; x_wconf 89' lang='lat' dir='ltr'><strong>obstructio</strong></span> <span class='ocrx_word' id='word_1_26' title='bbox 857 785 1006 869; x_wconf 88' lang='lat' dir='ltr'><strong>fuisset;</strong></span> <span class='ocrx_word' id='word_1_27' title='bbox 1037 795 1075 858; x_wconf 89' lang='lat' dir='ltr'><strong>et</strong></span> <span class='ocrx_word' id='word_1_28' title='bbox 1092 787 1142 858; x_wconf 90' lang='lat' dir='ltr'><strong>sic</strong></span> <span class='ocrx_word' id='word_1_29' title='bbox 1158 786 1208 859; x_wconf 93' lang='lat' dir='ltr'><strong>lo-</strong></span> 
     </span>
     <span class='ocr_line' id='line_1_5' title="bbox 125 896 1208 994; baseline -0.005 -19"><span class='ocrx_word' id='word_1_30' title='bbox 125 902 242 974; x_wconf 86' lang='lat' dir='ltr'><strong>tiones</strong></span> <span class='ocrx_word' id='word_1_31' title='bbox 258 897 448 973; x_wconf 91' lang='lat' dir='ltr'><strong>interdum</strong></span> <span class='ocrx_word' id='word_1_32' title='bbox 463 921 527 994; x_wconf 91' lang='lat' dir='ltr'><strong>per</strong></span> <span class='ocrx_word' id='word_1_33' title='bbox 539 920 652 970; x_wconf 88' lang='lat' dir='ltr'><strong>anum</strong></span> <span class='ocrx_word' id='word_1_34' title='bbox 666 896 797 969; x_wconf 87' lang='lat' dir='ltr'><strong>infusae</strong></span> <span class='ocrx_word' id='word_1_35' title='bbox 811 921 875 994; x_wconf 91' lang='lat' dir='ltr'><strong>per</strong></span> <span class='ocrx_word' id='word_1_36' title='bbox 887 922 927 970; x_wconf 91' lang='lat' dir='ltr'><strong>os</strong></span> <span class='ocrx_word' id='word_1_37' title='bbox 944 896 1097 970; x_wconf 86' lang='lat' dir='ltr'><strong>redditae</strong></span> <span class='ocrx_word' id='word_1_38' title='bbox 1110 909 1208 987; x_wconf 93' lang='lat' dir='ltr'><strong>sunt,</strong></span> 
     </span>
     <span class='ocr_line' id='line_1_6' title="bbox 127 1008 1208 1110; baseline -0.001 -26"><span class='ocrx_word' id='word_1_39' title='bbox 127 1021 162 1087; x_wconf 92' lang='lat' dir='ltr'><strong>et</strong></span> <span class='ocrx_word' id='word_1_40' title='bbox 176 1012 267 1110; x_wconf 79' lang='lat' dir='ltr'><strong>regri</strong></span> <span class='ocrx_word' id='word_1_41' title='bbox 285 1009 536 1094; x_wconf 88' lang='lat' dir='ltr'><strong>nihilominus,</strong></span> <span class='ocrx_word' id='word_1_42' title='bbox 554 1018 638 1106; x_wconf 91' lang='lat' dir='ltr'><strong>post</strong></span> <span class='ocrx_word' id='word_1_43' title='bbox 654 1008 775 1107; x_wconf 80' lang='lat' dir='ltr'><strong>plures</strong></span> <span class='ocrx_word' id='word_1_44' title='bbox 789 1009 866 1084; x_wconf 92' lang='lat' dir='ltr'><strong>dies</strong></span> <span class='ocrx_word' id='word_1_45' title='bbox 883 1009 965 1084; x_wconf 83' lang='lat' dir='ltr'><strong>talis</strong></span> <span class='ocrx_word' id='word_1_46' title='bbox 984 1011 1111 1098; x_wconf 82' lang='lat' dir='ltr'><strong>morbi,</strong></span> <span class='ocrx_word' id='word_1_47' title='bbox 1129 1020 1208 1083; x_wconf 88' lang='lat' dir='ltr'><strong>tan-</strong></span> 
     </span>
     <span class='ocr_line' id='line_1_7' title="bbox 127 1119 505 1197; baseline -0.008 0"><span class='ocrx_word' id='word_1_48' title='bbox 127 1124 209 1197; x_wconf 89' lang='lat' dir='ltr'><strong>dem</strong></span> <span class='ocrx_word' id='word_1_49' title='bbox 227 1119 505 1197; x_wconf 88' lang='lat' dir='ltr'><strong>convaluerunt.</strong></span> 
     </span>
    </p>

    <p class='ocr_par' dir='ltr' id='par_1_3' title="bbox 127 1231 1310 2543">
     <span class='ocr_line' id='line_1_8' title="bbox 174 1231 1208 1330; baseline -0.003 -20"><span class='ocrx_word' id='word_1_50' title='bbox 174 1258 348 1310; x_wconf 75' lang='lat' dir='ltr'><strong>ncnxxx.</strong></span> <span class='ocrx_word' id='word_1_51' title='bbox 382 1233 517 1330; x_wconf 88' lang='lat' dir='ltr'><strong>Incipit</strong></span> <span class='ocrx_word' id='word_1_52' title='bbox 535 1231 756 1330; x_wconf 89' lang='lat' dir='ltr'><strong>plerumque</strong></span> <span class='ocrx_word' id='word_1_53' title='bbox 774 1233 868 1307; x_wconf 80' lang='lat' dir='ltr'><strong>ileos</strong></span> <span class='ocrx_word' id='word_1_54' title='bbox 884 1234 1104 1307; x_wconf 84' lang='lat' dir='ltr'><strong>torminibus</strong></span> <span class='ocrx_word' id='word_1_55' title='bbox 1120 1258 1208 1308; x_wconf 86' lang='lat' dir='ltr'><strong>ven-</strong></span> 
     </span>
     <span class='ocr_line' id='line_1_9' title="bbox 130 1344 1209 1442; baseline 0.001 -23"><span class='ocrx_word' id='word_1_56' title='bbox 130 1347 206 1433; x_wconf 85' lang='lat' dir='ltr'><strong>tris,</strong></span> <span class='ocrx_word' id='word_1_57' title='bbox 230 1370 372 1431; x_wconf 86' lang='lat' dir='ltr'><strong>nausea,</strong></span> <span class='ocrx_word' id='word_1_58' title='bbox 398 1345 556 1430; x_wconf 91' lang='lat' dir='ltr'><strong>vomitu,</strong></span> <span class='ocrx_word' id='word_1_59' title='bbox 574 1344 767 1442; x_wconf 83' lang='lat' dir='ltr'><strong>frequente</strong></span> <span class='ocrx_word' id='word_1_60' title='bbox 791 1359 910 1432; x_wconf 89' lang='lat' dir='ltr'><strong>ructu,</strong></span> <span class='ocrx_word' id='word_1_61' title='bbox 936 1354 1015 1419; x_wconf 67' lang='lat' dir='ltr'><strong>aere</strong></span> <span class='ocrx_word' id='word_1_62' title='bbox 1031 1348 1209 1420; x_wconf 88' lang='lat' dir='ltr'><strong>nimirum</strong></span> 
     </span>
     <span class='ocr_line' id='line_1_10' title="bbox 132 1455 1208 1556; baseline 0.003 -26"><span class='ocrx_word' id='word_1_63' title='bbox 132 1458 293 1556; x_wconf 89' lang='lat' dir='ltr'><strong>primum</strong></span> <span class='ocrx_word' id='word_1_64' title='bbox 310 1458 546 1541; x_wconf 87' lang='lat' dir='ltr'><strong>ascendente;</strong></span> <span class='ocrx_word' id='word_1_65' title='bbox 571 1468 698 1553; x_wconf 87' lang='lat' dir='ltr'><strong>postea</strong></span> <span class='ocrx_word' id='word_1_66' title='bbox 714 1455 908 1555; x_wconf 88' lang='lat' dir='ltr'><strong>plurimam</strong></span> <span class='ocrx_word' id='word_1_67' title='bbox 928 1460 1117 1531; x_wconf 84' lang='lat' dir='ltr'><strong>materiam</strong></span> <span class='ocrx_word' id='word_1_68' title='bbox 1136 1459 1208 1533; x_wconf 84' lang='lat' dir='ltr'><strong>fus·</strong></span> 
     </span>
     <span class='ocr_line' id='line_1_11' title="bbox 132 1568 1208 1666; baseline -0.001 -23"><span class='ocrx_word' id='word_1_69' title='bbox 132 1594 220 1654; x_wconf 85' lang='lat' dir='ltr'><strong>cam,</strong></span> <span class='ocrx_word' id='word_1_70' title='bbox 236 1580 361 1657; x_wconf 86' lang='lat' dir='ltr'><strong>atram,</strong></span> <span class='ocrx_word' id='word_1_71' title='bbox 379 1568 556 1654; x_wconf 76' lang='lat' dir='ltr'><strong>biliosum,</strong></span> <span class='ocrx_word' id='word_1_72' title='bbox 586 1580 808 1666; x_wconf 85' lang='lat' dir='ltr'><strong>corruptam,</strong></span> <span class='ocrx_word' id='word_1_73' title='bbox 825 1593 922 1666; x_wconf 77' lang='lat' dir='ltr'><strong>aeger</strong></span> <span class='ocrx_word' id='word_1_74' title='bbox 939 1581 1101 1644; x_wconf 85' lang='lat' dir='ltr'><strong>eructat:</strong></span> <span class='ocrx_word' id='word_1_75' title='bbox 1130 1584 1208 1644; x_wconf 88' lang='lat' dir='ltr'><strong>tan-</strong></span> 
     </span>
     <span class='ocr_line' id='line_1_12' title="bbox 128 1680 1208 1781; baseline 0.002 -26"><span class='ocrx_word' id='word_1_76' title='bbox 128 1682 212 1755; x_wconf 87' lang='lat' dir='ltr'><strong>dem</strong></span> <span class='ocrx_word' id='word_1_77' title='bbox 229 1681 339 1781; x_wconf 91' lang='lat' dir='ltr'><strong>pleno</strong></span> <span class='ocrx_word' id='word_1_78' title='bbox 356 1705 418 1753; x_wconf 90' lang='lat' dir='ltr'><strong>ore</strong></span> <span class='ocrx_word' id='word_1_79' title='bbox 436 1681 587 1765; x_wconf 87' lang='lat' dir='ltr'><strong>evomit,</strong></span> <span class='ocrx_word' id='word_1_80' title='bbox 604 1704 691 1753; x_wconf 91' lang='lat' dir='ltr'><strong>eum</strong></span> <span class='ocrx_word' id='word_1_81' title='bbox 709 1680 901 1778; x_wconf 87' lang='lat' dir='ltr'><strong>frequente</strong></span> <span class='ocrx_word' id='word_1_82' title='bbox 914 1691 952 1753; x_wconf 92' lang='lat' dir='ltr'><strong>et</strong></span> <span class='ocrx_word' id='word_1_83' title='bbox 964 1682 1086 1753; x_wconf 91' lang='lat' dir='ltr'><strong>valido</strong></span> <span class='ocrx_word' id='word_1_84' title='bbox 1104 1684 1208 1770; x_wconf 86' lang='lat' dir='ltr'><strong>nixu,</strong></span> 
     </span>
     <span class='ocr_line' id='line_1_13' title="bbox 128 1792 1209 1890; baseline 0.001 -23"><span class='ocrx_word' id='word_1_85' title='bbox 128 1804 163 1867; x_wconf 90' lang='lat' dir='ltr'><strong>et</strong></span> <span class='ocrx_word' id='word_1_86' title='bbox 179 1794 335 1867; x_wconf 87' lang='lat' dir='ltr'><strong>immani</strong></span> <span class='ocrx_word' id='word_1_87' title='bbox 352 1793 531 1866; x_wconf 89' lang='lat' dir='ltr'><strong>viscerum</strong></span> <span class='ocrx_word' id='word_1_88' title='bbox 550 1792 693 1866; x_wconf 90' lang='lat' dir='ltr'><strong>dolore:</strong></span> <span class='ocrx_word' id='word_1_89' title='bbox 719 1792 823 1867; x_wconf 90' lang='lat' dir='ltr'><strong>alvus</strong></span> <span class='ocrx_word' id='word_1_90' title='bbox 849 1792 960 1865; x_wconf 92' lang='lat' dir='ltr'><strong>simul</strong></span> <span class='ocrx_word' id='word_1_91' title='bbox 977 1794 1209 1890; x_wconf 85' lang='lat' dir='ltr'><strong>pertinaciter</strong></span> 
     </span>
     <span class='ocr_line' id='line_1_14' title="bbox 128 1904 1310 2003; baseline 0 -24"><span class='ocrx_word' id='word_1_92' title='bbox 128 1907 271 1979; x_wconf 84' lang='lat' dir='ltr'><strong>astricta</strong></span> <span class='ocrx_word' id='word_1_93' title='bbox 295 1904 387 1978; x_wconf 93' lang='lat' dir='ltr'><strong>nihil</strong></span> <span class='ocrx_word' id='word_1_94' title='bbox 414 1904 642 1991; x_wconf 88' lang='lat' dir='ltr'><strong>transmittit,</strong></span> <span class='ocrx_word' id='word_1_95' title='bbox 671 1929 793 2003; x_wconf 90' lang='lat' dir='ltr'><strong>neque</strong></span> <span class='ocrx_word' id='word_1_96' title='bbox 819 1905 1056 1991; x_wconf 74' lang='lat' dir='ltr'><strong>ventriculus</strong></span> <span class='ocrx_word' id='word_1_97' title='bbox 1074 1906 1209 2003; x_wconf 89' lang='lat' dir='ltr'><strong>impor·</strong></span> <span class='ocrx_word' id='word_1_98' title='bbox 1301 1924 1310 1943; x_wconf 92' lang='lat'><strong>·</strong></span> 
     </span>
     <span class='ocr_line' id='line_1_15' title="bbox 130 2017 1209 2117; baseline 0.002 -27"><span class='ocrx_word' id='word_1_99' title='bbox 130 2019 320 2091; x_wconf 85' lang='lat' dir='ltr'><strong>tunissima</strong></span> <span class='ocrx_word' id='word_1_100' title='bbox 336 2041 471 2090; x_wconf 89' lang='lat' dir='ltr'><strong>nausea</strong></span> <span class='ocrx_word' id='word_1_101' title='bbox 488 2029 525 2090; x_wconf 94' lang='lat' dir='ltr'><strong>et</strong></span> <span class='ocrx_word' id='word_1_102' title='bbox 542 2019 686 2090; x_wconf 91' lang='lat' dir='ltr'><strong>vomitu</strong></span> <span class='ocrx_word' id='word_1_103' title='bbox 713 2019 883 2117; x_wconf 83' lang='lat' dir='ltr'><strong>agitatus.</strong></span> <span class='ocrx_word' id='word_1_104' title='bbox 910 2017 1115 2114; x_wconf 86' lang='lat' dir='ltr'><strong>quidquam</strong></span> <span class='ocrx_word' id='word_1_105' title='bbox 1133 2018 1209 2092; x_wconf 86' lang='lat' dir='ltr'><strong>l&#39;ere</strong></span> 
     </span>
     <span class='ocr_line' id='line_1_16' title="bbox 127 2130 1208 2227; baseline -0.001 -24"><span class='ocrx_word' id='word_1_106' title='bbox 127 2131 268 2205; x_wconf 91' lang='lat' dir='ltr'><strong>retinet.</strong></span> <span class='ocrx_word' id='word_1_107' title='bbox 321 2130 428 2202; x_wconf 88' lang='lat' dir='ltr'><strong>Vires</strong></span> <span class='ocrx_word' id='word_1_108' title='bbox 453 2131 541 2227; x_wconf 85' lang='lat' dir='ltr'><strong>aegri</strong></span> <span class='ocrx_word' id='word_1_109' title='bbox 567 2130 726 2203; x_wconf 90' lang='lat' dir='ltr'><strong>multum</strong></span> <span class='ocrx_word' id='word_1_110' title='bbox 753 2140 792 2202; x_wconf 89' lang='lat' dir='ltr'><strong>et</strong></span> <span class='ocrx_word' id='word_1_111' title='bbox 817 2131 939 2202; x_wconf 86' lang='lat' dir='ltr'><strong>subito</strong></span> <span class='ocrx_word' id='word_1_112' title='bbox 967 2130 1208 2218; x_wconf 88' lang='lat' dir='ltr'><strong>collabuntur,</strong></span> 
     </span>
     <span class='ocr_line' id='line_1_17' title="bbox 127 2242 1209 2342; baseline 0.002 -27"><span class='ocrx_word' id='word_1_113' title='bbox 127 2254 162 2317; x_wconf 92' lang='lat' dir='ltr'><strong>et</strong></span> <span class='ocrx_word' id='word_1_114' title='bbox 186 2244 266 2342; x_wconf 91' lang='lat' dir='ltr'><strong>ipse</strong></span> <span class='ocrx_word' id='word_1_115' title='bbox 291 2244 330 2316; x_wconf 93' lang='lat' dir='ltr'><strong>in</strong></span> <span class='ocrx_word' id='word_1_116' title='bbox 358 2267 504 2316; x_wconf 91' lang='lat' dir='ltr'><strong>summo</strong></span> <span class='ocrx_word' id='word_1_117' title='bbox 536 2242 700 2341; x_wconf 90' lang='lat' dir='ltr'><strong>periculo</strong></span> <span class='ocrx_word' id='word_1_118' title='bbox 725 2254 911 2325; x_wconf 88' lang='lat' dir='ltr'><strong>versatur;</strong></span> <span class='ocrx_word' id='word_1_119' title='bbox 947 2266 1030 2314; x_wconf 89' lang='lat' dir='ltr'><strong>nam</strong></span> <span class='ocrx_word' id='word_1_120' title='bbox 1060 2243 1209 2317; x_wconf 89' lang='lat' dir='ltr'><strong>morbus</strong></span> 
     </span>
     <span class='ocr_line' id='line_1_18' title="bbox 128 2352 1209 2450; baseline -0.002 -22"><span class='ocrx_word' id='word_1_121' title='bbox 128 2355 228 2428; x_wconf 90' lang='lat' dir='ltr'><strong>brevi</strong></span> <span class='ocrx_word' id='word_1_122' title='bbox 254 2355 346 2429; x_wconf 90' lang='lat' dir='ltr'><strong>solet</strong></span> <span class='ocrx_word' id='word_1_123' title='bbox 371 2354 711 2441; x_wconf 85' lang='lat' dir='ltr'><strong>inflammationem,</strong></span> <span class='ocrx_word' id='word_1_124' title='bbox 738 2363 775 2426; x_wconf 92' lang='lat' dir='ltr'><strong>et</strong></span> <span class='ocrx_word' id='word_1_125' title='bbox 801 2352 878 2424; x_wconf 85' lang='lat' dir='ltr'><strong>lraec</strong></span> <span class='ocrx_word' id='word_1_126' title='bbox 902 2377 1137 2450; x_wconf 86' lang='lat' dir='ltr'><strong>gangraenam</strong></span> <span class='ocrx_word' id='word_1_127' title='bbox 1154 2354 1209 2427; x_wconf 91' lang='lat' dir='ltr'><strong>in·</strong></span> 
     </span>
     <span class='ocr_line' id='line_1_19' title="bbox 130 2467 270 2543; baseline 0 -3"><span class='ocrx_word' id='word_1_128' title='bbox 130 2467 270 2543; x_wconf 86' lang='lat' dir='ltr'><strong>ducere.</strong></span> 
     </span>
    </p>

    <p class='ocr_par' dir='ltr' id='par_1_4' title="bbox 124 2574 1213 3325">
     <span class='ocr_line' id='line_1_20' title="bbox 176 2574 1211 2675; baseline -0.005 -21"><span class='ocrx_word' id='word_1_129' title='bbox 176 2600 373 2655; x_wconf 76' lang='lat' dir='ltr'><strong>ocnxxxr.</strong></span> <span class='ocrx_word' id='word_1_130' title='bbox 406 2580 545 2652; x_wconf 89' lang='lat' dir='ltr'><strong>Levior</strong></span> <span class='ocrx_word' id='word_1_131' title='bbox 569 2576 731 2675; x_wconf 88' lang='lat' dir='ltr'><strong>profecto</strong></span> <span class='ocrx_word' id='word_1_132' title='bbox 756 2574 965 2649; x_wconf 85' lang='lat' dir='ltr'><strong>istiusmodi·</strong></span> <span class='ocrx_word' id='word_1_133' title='bbox 979 2574 1135 2661; x_wconf 87' lang='lat' dir='ltr'><strong>affectio,</strong></span> <span class='ocrx_word' id='word_1_134' title='bbox 1153 2600 1211 2649; x_wconf 90' lang='lat' dir='ltr'><strong>su-</strong></span> 
     </span>
     <span class='ocr_line' id='line_1_21' title="bbox 130 2687 1212 2789; baseline -0.006 -23"><span class='ocrx_word' id='word_1_135' title='bbox 130 2692 280 2789; x_wconf 86' lang='lat' dir='ltr'><strong>perioris</strong></span> <span class='ocrx_word' id='word_1_136' title='bbox 304 2690 440 2763; x_wconf 91' lang='lat' dir='ltr'><strong>scilicet</strong></span> <span class='ocrx_word' id='word_1_137' title='bbox 465 2690 631 2764; x_wconf 91' lang='lat' dir='ltr'><strong>intestini</strong></span> <span class='ocrx_word' id='word_1_138' title='bbox 667 2687 779 2785; x_wconf 88' lang='lat' dir='ltr'><strong>partis</strong></span> <span class='ocrx_word' id='word_1_139' title='bbox 804 2696 939 2760; x_wconf 88' lang='lat' dir='ltr'><strong>motus&#39;</strong></span> <span class='ocrx_word' id='word_1_140' title='bbox 953 2688 1128 2773; x_wconf 90' lang='lat' dir='ltr'><strong>inversus,</strong></span> <span class='ocrx_word' id='word_1_141' title='bbox 1166 2688 1212 2760; x_wconf 90' lang='lat' dir='ltr'><strong>ab</strong></span> 
     </span>
     <span class='ocr_line' id='line_1_22' title="bbox 131 2799 1213 2886; baseline -0.003 -10"><span class='ocrx_word' id='word_1_142' title='bbox 131 2805 229 2878; x_wconf 90' lang='lat' dir='ltr'><strong>omni</strong></span> <span class='ocrx_word' id='word_1_143' title='bbox 247 2801 393 2876; x_wconf 91' lang='lat' dir='ltr'><strong>vomitu</strong></span> <span class='ocrx_word' id='word_1_144' title='bbox 411 2804 632 2875; x_wconf 89' lang='lat' dir='ltr'><strong>vehemente</strong></span> <span class='ocrx_word' id='word_1_145' title='bbox 650 2810 688 2873; x_wconf 89' lang='lat' dir='ltr'><strong>et</strong></span> <span class='ocrx_word' id='word_1_146' title='bbox 700 2799 879 2872; x_wconf 89' lang='lat' dir='ltr'><strong>diuturno</strong></span> <span class='ocrx_word' id='word_1_147' title='bbox 896 2799 1038 2886; x_wconf 88' lang='lat' dir='ltr'><strong>accidit,</strong></span> <span class='ocrx_word' id='word_1_148' title='bbox 1056 2799 1174 2873; x_wconf 86' lang='lat' dir='ltr'><strong>veluti</strong></span> <span class='ocrx_word' id='word_1_149' title='bbox 1191 2826 1213 2873; x_wconf 89' lang='lat' dir='ltr'><strong>a</strong></span> 
     </span>
     <span class='ocr_line' id='line_1_23' title="bbox 124 2911 1212 3011; baseline -0.006 -20"><span class='ocrx_word' id='word_1_150' title='bbox 124 2914 321 3011; x_wconf 90' lang='lat' dir='ltr'><strong>jactatione</strong></span> <span class='ocrx_word' id='word_1_151' title='bbox 346 2916 537 3002; x_wconf 88' lang='lat' dir='ltr'><strong>maritima,</strong></span> <span class='ocrx_word' id='word_1_152' title='bbox 563 2914 622 2987; x_wconf 87' lang='lat' dir='ltr'><strong>vel</strong></span> <span class='ocrx_word' id='word_1_153' title='bbox 648 2913 694 2986; x_wconf 91' lang='lat' dir='ltr'><strong>ab</strong></span> <span class='ocrx_word' id='word_1_154' title='bbox 715 2912 846 2985; x_wconf 87' lang='lat' dir='ltr'><strong>hausto</strong></span> <span class='ocrx_word' id='word_1_155' title='bbox 873 2913 982 2985; x_wconf 89' lang='lat' dir='ltr'><strong>nimis</strong></span> <span class='ocrx_word' id='word_1_156' title='bbox 1008 2911 1132 2985; x_wconf 91' lang='lat' dir='ltr'><strong>valido</strong></span> <span class='ocrx_word' id='word_1_157' title='bbox 1150 2937 1212 2984; x_wconf 93' lang='lat' dir='ltr'><strong>vo-</strong></span> 
     </span>
     <span class='ocr_line' id='line_1_24' title="bbox 129 3023 1212 3124; baseline -0.004 -23"><span class='ocrx_word' id='word_1_158' title='bbox 129 3030 274 3101; x_wconf 88' lang='lat' dir='ltr'><strong>mitorio</strong></span> <span class='ocrx_word' id='word_1_159' title='bbox 291 3027 582 3111; x_wconf 88' lang='lat' dir='ltr'><strong>medicamento;</strong></span> <span class='ocrx_word' id='word_1_160' title='bbox 610 3051 704 3124; x_wconf 87' lang='lat' dir='ltr'><strong>saepe</strong></span> <span class='ocrx_word' id='word_1_161' title='bbox 721 3025 821 3098; x_wconf 87' lang='lat' dir='ltr'><strong>enirn</strong></span> <span class='ocrx_word' id='word_1_162' title='bbox 839 3024 1043 3124; x_wconf 89' lang='lat' dir='ltr'><strong>plurimum</strong></span> <span class='ocrx_word' id='word_1_163' title='bbox 1068 3023 1117 3098; x_wconf 86' lang='lat' dir='ltr'><strong>fel</strong></span> <span class='ocrx_word' id='word_1_164' title='bbox 1143 3024 1212 3097; x_wconf 88' lang='lat' dir='ltr'><strong>hoc</strong></span> 
     </span>
     <span class='ocr_line' id='line_1_25' title="bbox 132 3138 1212 3224; baseline -0.002 -13"><span class='ocrx_word' id='word_1_165' title='bbox 132 3141 239 3213; x_wconf 89' lang='lat' dir='ltr'><strong>modo</strong></span> <span class='ocrx_word' id='word_1_166' title='bbox 254 3141 301 3214; x_wconf 90' lang='lat' dir='ltr'><strong>ab</strong></span> <span class='ocrx_word' id='word_1_167' title='bbox 328 3140 503 3213; x_wconf 90' lang='lat' dir='ltr'><strong>intestino</strong></span> <span class='ocrx_word' id='word_1_168' title='bbox 534 3141 573 3212; x_wconf 93' lang='lat' dir='ltr'><strong>in</strong></span> <span class='ocrx_word' id='word_1_169' title='bbox 591 3138 839 3212; x_wconf 88' lang='lat' dir='ltr'><strong>ventriculum</strong></span> <span class='ocrx_word' id='word_1_170' title='bbox 863 3139 1036 3224; x_wconf 89' lang='lat' dir='ltr'><strong>ascendit,</strong></span> <span class='ocrx_word' id='word_1_171' title='bbox 1066 3150 1105 3210; x_wconf 89' lang='lat' dir='ltr'><strong>et</strong></span> <span class='ocrx_word' id='word_1_172' title='bbox 1134 3148 1212 3209; x_wconf 88' lang='lat' dir='ltr'><strong>tan-</strong></span> 
     </span>
     <span class='ocr_line' id='line_1_26' title="bbox 133 3249 549 3325; baseline 0.01 -4"><span class='ocrx_word' id='word_1_173' title='bbox 133 3249 214 3323; x_wconf 86' lang='lat' dir='ltr'><strong>dem</strong></span> <span class='ocrx_word' id='word_1_174' title='bbox 232 3277 279 3325; x_wconf 82' lang='lat' dir='ltr'><strong>ex</strong></span> <span class='ocrx_word' id='word_1_175' title='bbox 296 3276 358 3324; x_wconf 89' lang='lat' dir='ltr'><strong>ore</strong></span> <span class='ocrx_word' id='word_1_176' title='bbox 375 3253 549 3325; x_wconf 85' lang='lat' dir='ltr'><strong>vomitur.</strong></span> 
     </span>
    </p>

    <p class='ocr_par' dir='ltr' id='par_1_5' title="bbox 128 3359 1213 4354">
     <span class='ocr_line' id='line_1_27' title="bbox 179 3359 1213 3460; baseline -0.002 -23"><span class='ocrx_word' id='word_1_177' title='bbox 179 3387 388 3439; x_wconf 74' lang='lat' dir='ltr'><strong>Dcuxxxu.</strong></span> <span class='ocrx_word' id='word_1_178' title='bbox 427 3366 564 3460; x_wconf 83' lang='lat' dir='ltr'><strong>Ingens</strong></span> <span class='ocrx_word' id='word_1_179' title='bbox 590 3362 700 3436; x_wconf 91' lang='lat' dir='ltr'><strong>simul</strong></span> <span class='ocrx_word' id='word_1_180' title='bbox 726 3365 889 3436; x_wconf 90' lang='lat' dir='ltr'><strong>vomitus</strong></span> <span class='ocrx_word' id='word_1_181' title='bbox 915 3373 953 3434; x_wconf 90' lang='lat' dir='ltr'><strong>et</strong></span> <span class='ocrx_word' id='word_1_182' title='bbox 988 3361 1062 3433; x_wconf 87' lang='lat' dir='ltr'><strong>alvi</strong></span> <span class='ocrx_word' id='word_1_183' title='bbox 1087 3359 1213 3434; x_wconf 86' lang='lat' dir='ltr'><strong>fluxus</strong></span> 
     </span>
     <span class='ocr_line' id='line_1_28' title="bbox 131 3474 1212 3550; baseline 0 -4"><span class='ocrx_word' id='word_1_184' title='bbox 131 3474 282 3549; x_wconf 88' lang='lat' dir='ltr'><strong>Clrolera</strong></span> <span class='ocrx_word' id='word_1_185' title='bbox 297 3487 458 3550; x_wconf 90' lang='lat' dir='ltr'><strong>vocatur.</strong></span> <span class='ocrx_word' id='word_1_186' title='bbox 510 3476 640 3549; x_wconf 90' lang='lat' dir='ltr'><strong>Oritur</strong></span> <span class='ocrx_word' id='word_1_187' title='bbox 664 3501 684 3548; x_wconf 94' lang='lat' dir='ltr'><strong>a</strong></span> <span class='ocrx_word' id='word_1_188' title='bbox 702 3476 822 3548; x_wconf 84' lang='lat' dir='ltr'><strong>valida</strong></span> <span class='ocrx_word' id='word_1_189' title='bbox 839 3475 921 3549; x_wconf 92' lang='lat' dir='ltr'><strong>tubi</strong></span> <span class='ocrx_word' id='word_1_190' title='bbox 951 3474 1212 3547; x_wconf 89' lang='lat' dir='ltr'><strong>intestinorum</strong></span> 
     </span>
     <span class='ocr_line' id='line_1_29' title="bbox 128 3586 1213 3685; baseline -0.001 -27"><span class='ocrx_word' id='word_1_191' title='bbox 128 3586 340 3675; x_wconf 89' lang='lat' dir='ltr'><strong>irritatione,</strong></span> <span class='ocrx_word' id='word_1_192' title='bbox 357 3589 422 3662; x_wconf 93' lang='lat' dir='ltr'><strong>ubi</strong></span> <span class='ocrx_word' id='word_1_193' title='bbox 441 3588 542 3661; x_wconf 93' lang='lat' dir='ltr'><strong>nulla</strong></span> <span class='ocrx_word' id='word_1_194' title='bbox 555 3588 755 3662; x_wconf 89' lang='lat' dir='ltr'><strong>obstructio</strong></span> <span class='ocrx_word' id='word_1_195' title='bbox 772 3591 810 3661; x_wconf 89' lang='lat' dir='ltr'><strong>in</strong></span> <span class='ocrx_word' id='word_1_196' title='bbox 830 3614 874 3660; x_wconf 91' lang='lat' dir='ltr'><strong>eo</strong></span> <span class='ocrx_word' id='word_1_197' title='bbox 891 3598 967 3672; x_wconf 89' lang='lat' dir='ltr'><strong>est;</strong></span> <span class='ocrx_word' id='word_1_198' title='bbox 993 3587 1213 3685; x_wconf 88' lang='lat' dir='ltr'><strong>plerumque</strong></span> 
     </span>
     <span class='ocr_line' id='line_1_30' title="bbox 129 3699 1211 3786; baseline 0 -16"><span class='ocrx_word' id='word_1_199' title='bbox 129 3700 255 3774; x_wconf 85' lang='lat' dir='ltr'><strong>aselle</strong></span> <span class='ocrx_word' id='word_1_200' title='bbox 282 3702 409 3786; x_wconf 91' lang='lat' dir='ltr'><strong>nimio,</strong></span> <span class='ocrx_word' id='word_1_201' title='bbox 435 3710 500 3774; x_wconf 91' lang='lat' dir='ltr'><strong>aut</strong></span> <span class='ocrx_word' id='word_1_202' title='bbox 526 3701 636 3772; x_wconf 88' lang='lat' dir='ltr'><strong>nimis</strong></span> <span class='ocrx_word' id='word_1_203' title='bbox 662 3702 753 3785; x_wconf 89' lang='lat' dir='ltr'><strong>acri;</strong></span> <span class='ocrx_word' id='word_1_204' title='bbox 788 3700 888 3773; x_wconf 88' lang='lat' dir='ltr'><strong>uude</strong></span> <span class='ocrx_word' id='word_1_205' title='bbox 914 3724 1050 3772; x_wconf 90' lang='lat' dir='ltr'><strong>nomen</strong></span> <span class='ocrx_word' id='word_1_206' title='bbox 1080 3699 1211 3771; x_wconf 90' lang='lat' dir='ltr'><strong>habet:</strong></span> 
     </span>
     <span class='ocr_line' id='line_1_31' title="bbox 130 3810 1213 3909; baseline -0.005 -23"><span class='ocrx_word' id='word_1_207' title='bbox 130 3812 310 3899; x_wconf 83' lang='lat' dir='ltr'><strong>Quamvis</strong></span> <span class='ocrx_word' id='word_1_208' title='bbox 350 3814 395 3886; x_wconf 89' lang='lat' dir='ltr'><strong>ab</strong></span> <span class='ocrx_word' id='word_1_209' title='bbox 421 3812 499 3885; x_wconf 90' lang='lat' dir='ltr'><strong>aliis</strong></span> <span class='ocrx_word' id='word_1_210' title='bbox 539 3837 689 3909; x_wconf 90' lang='lat' dir='ltr'><strong>quoque</strong></span> <span class='ocrx_word' id='word_1_211' title='bbox 726 3812 868 3885; x_wconf 88' lang='lat' dir='ltr'><strong>aeribus</strong></span> <span class='ocrx_word' id='word_1_212' title='bbox 907 3811 1034 3885; x_wconf 92' lang='lat' dir='ltr'><strong>similis</strong></span> <span class='ocrx_word' id='word_1_213' title='bbox 1067 3810 1213 3883; x_wconf 86' lang='lat' dir='ltr'><strong>affectio</strong></span> 
     </span>
     <span class='ocr_line' id='line_1_32' title="bbox 129 3923 1212 4013; baseline -0.004 -18"><span class='ocrx_word' id='word_1_214' title='bbox 129 3926 273 4013; x_wconf 87' lang='lat' dir='ltr'><strong>oriatur,</strong></span> <span class='ocrx_word' id='word_1_215' title='bbox 292 3926 409 3999; x_wconf 87' lang='lat' dir='ltr'><strong>veluti</strong></span> <span class='ocrx_word' id='word_1_216' title='bbox 428 3925 697 3998; x_wconf 89' lang='lat' dir='ltr'><strong>medicamento</strong></span> <span class='ocrx_word' id='word_1_217' title='bbox 714 3924 824 3997; x_wconf 90' lang='lat' dir='ltr'><strong>nimis</strong></span> <span class='ocrx_word' id='word_1_218' title='bbox 837 3923 933 4010; x_wconf 87' lang='lat' dir='ltr'><strong>forti,</strong></span> <span class='ocrx_word' id='word_1_219' title='bbox 951 3934 1017 3998; x_wconf 85' lang='lat' dir='ltr'><strong>aut</strong></span> <span class='ocrx_word' id='word_1_220' title='bbox 1033 3923 1212 3996; x_wconf 86' lang='lat' dir='ltr'><strong>fructibus</strong></span> 
     </span>
     <span class='ocr_line' id='line_1_33' title="bbox 131 4032 1212 4135; baseline -0.006 -27"><span class='ocrx_word' id='word_1_221' title='bbox 131 4039 281 4112; x_wconf 85' lang='lat' dir='ltr'><strong>maturis</strong></span> <span class='ocrx_word' id='word_1_222' title='bbox 299 4038 414 4110; x_wconf 85' lang='lat' dir='ltr'><strong>nimia</strong></span> <span class='ocrx_word' id='word_1_223' title='bbox 431 4037 534 4135; x_wconf 86' lang='lat' dir='ltr'><strong>copia</strong></span> <span class='ocrx_word' id='word_1_224' title='bbox 547 4038 752 4134; x_wconf 89' lang='lat' dir='ltr'><strong>assumptis.</strong></span> <span class='ocrx_word' id='word_1_225' title='bbox 804 4036 950 4109; x_wconf 87' lang='lat' dir='ltr'><strong>Malum</strong></span> <span class='ocrx_word' id='word_1_226' title='bbox 970 4032 1212 4134; x_wconf 81' lang='lat' dir='ltr'><strong>saepeviolen-</strong></span> 
     </span>
     <span class='ocr_line' id='line_1_34' title="bbox 133 4142 1212 4244; baseline -0.004 -26"><span class='ocrx_word' id='word_1_227' title='bbox 133 4148 326 4233; x_wconf 87' lang='lat' dir='ltr'><strong>tissimum,</strong></span> <span class='ocrx_word' id='word_1_228' title='bbox 344 4174 483 4244; x_wconf 76' lang='lat' dir='ltr'><strong>aegrum</strong></span> <span class='ocrx_word' id='word_1_229' title='bbox 502 4148 609 4221; x_wconf 82' lang='lat' dir='ltr'><strong>valde</strong></span> <span class='ocrx_word' id='word_1_230' title='bbox 626 4148 813 4231; x_wconf 90' lang='lat' dir='ltr'><strong>debilitat;</strong></span> <span class='ocrx_word' id='word_1_231' title='bbox 838 4170 1119 4243; x_wconf 86' lang='lat' dir='ltr'><strong>nonnunquam,</strong></span> <span class='ocrx_word' id='word_1_232' title='bbox 1142 4142 1212 4215; x_wconf 91' lang='lat' dir='ltr'><strong>nisi</strong></span> 
     </span>
     <span class='ocr_line' id='line_1_35' title="bbox 133 4256 1116 4354; baseline 0 -26"><span class='ocrx_word' id='word_1_233' title='bbox 133 4258 259 4337; x_wconf 87' lang='lat' dir='ltr'><strong>idonea</strong></span> <span class='ocrx_word' id='word_1_234' title='bbox 276 4261 439 4335; x_wconf 87' lang='lat' dir='ltr'><strong>adbibita</strong></span> <span class='ocrx_word' id='word_1_235' title='bbox 455 4260 593 4335; x_wconf 88' lang='lat' dir='ltr'><strong>suerint</strong></span> <span class='ocrx_word' id='word_1_236' title='bbox 611 4261 781 4349; x_wconf 88' lang='lat' dir='ltr'><strong>remedia,</strong></span> <span class='ocrx_word' id='word_1_237' title='bbox 798 4260 901 4333; x_wconf 87' lang='lat' dir='ltr'><strong>brevi</strong></span> <span class='ocrx_word' id='word_1_238' title='bbox 918 4256 1116 4354; x_wconf 82' lang='lat' dir='ltr'><strong>extinguit.</strong></span> 
     </span>
    </p>
   </div>
   <div class='ocr_carea' id='block_1_3' title="bbox 0 0 1345 4794">
    <p class='ocr_par' dir='ltr' id='par_1_6' title="bbox 0 0 1345 4794">
     <span class='ocr_line' id='line_1_36' title="bbox 0 0 1345 4794; baseline 0 0"><span class='ocrx_word' id='word_1_239' title='bbox 0 0 1345 4794; x_wconf 95' lang='lat' dir='ltr'><strong> </strong></span> 
     </span>
    </p>
   </div>
  </div>
 </body>
</html>
