2694 4792
183 367 257 451 344
578 373 831 433 cousrsurus
899 443 900 447 Ν
1026 370 1117 441 car.
1132 376 1273 445 xxm,

188 555 307 656 rigida
322 554 419 643 facit,
439 577 525 631 cum
542 554 591 629 ob
608 553 797 653 dissipatas
813 548 909 624 ultra
925 547 1083 628 modum
1100 552 1274 631 humidas

190 679 320 768 partes,
345 683 427 743 tum
445 668 492 743 ob
510 667 640 742 solidas
655 664 851 766 particulas
867 662 950 761 plus
967 689 1076 763 aequo
1091 691 1275 766 compres-

191 805 247 869 sas
263 792 375 879 atque
391 782 579 867 densatas;
604 788 641 854 et
672 779 782 853 modo
809 777 926 876 igitur
942 800 1059 867 noxae,
1086 780 1202 854 modo
1218 804 1276 853 re·

191 895 326 982 medio,
343 895 566 993 corporiest.
617 893 753 991 Longa
769 915 856 964 vero
883 892 1037 988 requies,
1058 903 1095 967 et
1111 894 1275 992 ignavia,

191 1007 369 1083 contraria
386 1032 534 1105 prorsus
551 1008 702 1106 ratione,
732 1000 882 1101 corpora
897 1015 1022 1078 nostra
1038 1005 1188 1079 solvunt
1220 1015 1274 1079 at-

165 1124 167 1128 ’
191 1143 267 1216 que
283 1119 488 1195 emolliunt.
541 1119 613 1194 Sed
630 1117 750 1195 multa
767 1123 894 1192 vetant
925 1126 969 1192 ut
986 1118 1044 1193 hae
1067 1143 1135 1218 pro
1159 1142 1274 1193 reme·

193 1230 264 1306 diis
281 1256 376 1331 saepe
393 1233 680 1331 praescribantur.

243 1366 418 1420 Msxxrx.
445 1346 649 1433 Postremo,
676 1347 851 1443 quoniam
874 1344 1041 1444 rigiditas
1057 1342 1181 1442 aliqua
1194 1342 1273 1417 lon·

190 1480 240 1554 ga
265 1459 392 1556 requie
427 1482 524 1555 saepe
548 1457 738 1533 inducitur
760 1458 893 1556 (Xera),
930 1456 1024 1531 ratio
1049 1455 1126 1554 ipsa
1156 1455 1272 1543 docet,

190 1578 336 1643 motum
363 1581 401 1643 et
426 1571 737 1656 exercitationem,
762 1579 950 1666 ¹quatenus
975 1566 1126 1642 facultas
1149 1567 1273 1654 fuerit,

190 1680 356 1778 partibus
380 1685 432 1756 sic
455 1682 730 1782 rigescentibus,
768 1682 901 1756 idoneo
935 1679 1132 1780 aliquando
1154 1703 1272 1752 reme-

111 1790 119 1808 ’
190 1792 255 1865 dio
278 1792 481 1868 emollienti
506 1794 603 1878 fore;
630 1794 720 1891 quin
737 1802 774 1866 et
796 1804 917 1893 partes
936 1793 1016 1891 jam
1041 1792 1274 1890 aliquantum

189 1904 320 2002 rigidae
345 1905 459 1997 factae,
484 1905 749 2004 qualiscunque
785 1905 897 1980 fucrit
922 1906 1041 2004 prima
1075 1904 1151 2003 ejus
1180 1902 1275 1978 mali

188 2039 304 2100 causa,
340 2040 385 2090 eo
409 2015 548 2090 facilius
573 2017 762 2117 rigidiores
787 2019 895 2105 fiunt,
930 2017 1033 2116 quod
1061 2017 1110 2091 ad
1146 2014 1273 2090 solitos

186 2138 311 2200 motus
345 2152 476 2226 parum
517 2128 690 2217 valentes,
732 2131 807 2206 fere
848 2132 1034 2230 quiescere
1075 2139 1273 2228 coguntur.

188 2239 433 2338 Quapropter,
471 2241 510 2315 in
536 2242 638 2317 omni
663 2241 737 2317 fere
763 2243 928 2318 morbosa
962 2242 1161 2341 rigiditate,
1185 2265 1274 2315 cum

189 2352 352 2451 partium
370 2378 456 2452 quae
466 2353 552 2428 alias
562 2365 717 2430 movent
735 2355 833 2446 (uxr,
851 2360 1276 2453 ccc1V,etseqq.),tum

191 2465 354 2563 partium
381 2491 467 2564 quae
490 2466 537 2541 ab
560 2467 638 2540 aliis
663 2479 872 2557 moventur,
901 2466 1019 2543 veluti
1046 2477 1209 2554 artuum,
1235 2473 1276 2541 et

188 2579 357 2655 omnium
376 2579 647 2676 juncturarum,
672 2581 719 2655 ad
745 2592 888 2656 motum
913 2580 1093 2667 crebrum,
1124 2579 1191 2653 sed
1222 2577 1275 2651 le·

190 2714 290 2777 vem,
327 2702 364 2764 et
390 2691 493 2765 facile
518 2692 754 2786 tolerabilem,
792 2702 830 2766 et
855 2703 991 2792 postea,
1023 2716 1107 2767 cum
1135 2691 1276 2789 aliqua-

192 2811 301 2875 tenus
320 2801 399 2897 jam
418 2815 585 2901 superata
613 2814 669 2878 est
693 2804 870 2902 rigiditas,
895 2805 942 2878 ad
958 2801 1276 2879 vehementiorem

190 2913 502 3002 exercitationem,
516 2925 692 3013 tanquam
711 2917 953 2992 certissimum
965 2915 1139 2991 auxilium
1153 2923 1277 3012 atque

187 3024 409 3122 praesidium,
447 3026 717 3123 properandum
753 3035 818 3101 est.
893 3028 966 3101 Vel
1002 3025 1032 3103 si
1067 3026 1158 3101 forte
1183 3025 1276 3102 talis

189 3137 402 3215 exercitatio
427 3161 572 3236 prorsus
597 3138 829 3237 impossibilis
853 3141 976 3229 fuerit,
1005 3151 1205 3238 motusque
1221 3139 1275 3213 le-

191 3247 362 3324 vissimus
387 3273 462 3322 non
488 3250 565 3323 siue
590 3273 727 3348 magno
753 3250 877 3326 dolore
901 3251 1157 3353 perficiendus,
1184 3263 1274 3327 tum

190 3362 237 3445 ad
263 3362 468 3438 frictionem
494 3363 655 3436 crebram
681 3372 720 3439 et
736 3364 908 3454 validam,
934 3391 1019 3464 quae
1034 3365 1109 3439 fere
1133 3364 1271 3438 exerci-

189 3474 337 3549 tationis
362 3497 515 3551 munere
540 3475 728 3574 fungatur,
754 3478 951 3577 confugere
967 3487 1120 3577 oportet.
1173 3477 1272 3551 Hoec

187 3609 337 3683 quoque
351 3587 489 3662 facilior
504 3596 544 3662 et
560 3589 738 3664 efficacior
754 3593 850 3689 saepc
865 3590 920 3677 fit,
953 3591 982 3665 si
1000 3600 1120 3689 partes
1136 3589 1276 3687 quibus

187 3696 392 3773 adhibenda
417 3710 483 3786 cst,
509 3700 600 3789 oleo,
629 3713 695 3777 aut
711 3703 841 3778 oleosis
857 3704 1080 3802 quibusdam
1096 3701 1271 3777 remediis

188 3809 330 3901 (Mnxx,
348 3823 386 3886 et
403 3820 528 3913 seqq.),
546 3815 648 3912 prius
664 3816 828 3891 inunctae
843 3815 992 3892 fuerint

237 3945 394 4000 araxxx.
421 3925 534 4012 Quod
560 3926 712 4003 effectus
737 3953 825 4004 vero
858 3930 992 4004 attinet
1019 3928 1270 4004 remediorum

186 4034 452 4111 emollientium
470 4039 508 4112 in
527 4063 676 4138 corpore
693 4040 867 4130 humano,
892 4040 1153 4140 simplicissimi
1168 4048 1271 4126 sunt,

183 4157 222 4229 et
255 4146 416 4224 facillimi
449 4149 649 4229 intellectu.
711 4152 839 4230 Partes
874 4155 1012 4229 scilicet
1048 4153 1186 4241 solidae,
1223 4152 1269 4226 ab

184 4284 313 4341 corum
346 4288 419 4341 usu
454 4261 648 4355 molliores,
682 4266 808 4344 minus
843 4267 1044 4346 resilientes
1080 4274 1150 4342 aut
1172 4264 1269 4340 retri-
