2678 4794
206 288 278 357 334
610 294 863 351 coustumia
1064 297 1156 354 ΕΔΓ.
1174 301 1287 361 XXVI.-

48 447 52 458 .
144 570 147 575 .
206 501 276 551 neo
291 473 433 573 liquore
450 473 624 548 solutum.
674 471 768 546 Vim
783 495 888 547 suam
917 472 1185 574 astringentem
1207 477 1291 556 alu·

206 587 316 662 minae
327 584 481 685 sulplua
493 585 624 660 habere
630 583 789 672 videtur,
801 583 965 659 maxima
975 585 1106 663 saltem
1119 612 1167 665 ex
1180 606 1295 690 parte,

207 699 255 774 ab
270 697 376 774 acido
391 695 608 796 sulprlrarico
624 696 728 795 quod
743 698 922 772 continet.

259 833 347 885 Mur.
374 809 438 883 Ex
454 808 588 883 salibus
605 831 693 882 vero
708 806 908 895 metallicis,
936 809 965 882 ii
981 809 1057 884 fere
1072 810 1138 887 soli
1153 815 1226 913 qui
1242 839 1292 892 ex

209 948 346 1022 cupro„
358 932 424 995 aut
439 921 555 1009 zinro,
571 929 638 994 aut
654 919 820 1017 plumbo,
844 929 912 995 aut
928 910 1083 1003 demum
1099 922 1209 1013 ferro,
1224 926 1294 1003 for.

211 1045 367 1119 urantur,
392 1058 459 1131 pro
474 1030 762 1130 astringentibus
776 1032 947 1107 remediis
965 1035 1133 1132 usurpari
1148 1035 1294 1124 solenh

210 1169 413 1242 eorumque
438 1145 554 1243 igitur
578 1143 768 1219 facultates
784 1166 833 1217 ex
851 1142 1064 1241 jamdictis
1089 1148 1288 1248 (muru)

210 1257 316 1331 facile
332 1255 599 1354 intelligentur.

261 1391 367 1444 mnu.
394 1368 499 1441 Ferri
522 1366 679 1468 rupilius
702 1365 983 1455 validissimum,
1007 1377 1048 1442 et
1075 1370 1189 1446 simul
1212 1374 1293 1447 satis

210 1492 338 1557 tutum
364 1491 403 1554 et
427 1481 605 1555 idoneum
640 1479 953 1570 medicamentum
978 1481 1294 1583 astum-e&

211 1593 1294 1695 sedpartimobsaporemsuumingnmrupartimob

212 1704 408 1780 stimulum
432 1728 545 1803 quem
568 1702 777 1780 ventriculo
803 1703 892 1780 dare
917 1703 1020 1793 solet,
1044 1707 1236 1782 interdum
1251 1707 1295 1783 ad

212 1838 383 1894 nauseam
401 1841 519 1915 usque
535 1826 575 1891 et
590 1816 787 1902 vomitum,
799 1838 876 1890 non
888 1825 994 1893 tauta
1005 1818 1108 1918 eopia
1122 1841 1165 1893 ao
1180 1843 1296 1917 purus

208 1928 396 2013 narbam
423 1929 509 2003 ferri
547 1928 750 2026 (mum)
778 1927 946 2005 deuorari
974 1939 1122 2029 potesta
1152 1933 1296 2008 minore

214 2064 302 2116 vero
316 2042 419 2140 eopia
442 2052 665 2139 assumptus,
694 2040 843 2116 eoadem
873 2040 1047 2119 salutares
1074 2042 1233 2121 effectus
1258 2046 1294 2120 iu

214 2177 362 2253 oorpore
378 2153 499 2229 habet
545 2153 753 2229 Verisimile
768 2176 921 2254 quoque
936 2163 992 2229 est
1007 2155 1150 2237 ferrum
1167 2158 1295 2258 ipsum.¹

213 2265 332 2341 forma
357 2263 570 2342 carbonaria
599 2266 830 2355 devoratum,
860 2266 1033 2343 universo
1048 2271 1194 2367 corpori
1218 2278 1296 2345 tum

215 2380 377 2454 maxime
393 2379 573 2479 prodesse,
590 2401 676 2467 cum
689 2377 737 2452 ab
751 2377 857 2455 arido
868 2377 1030 2454 humore
1042 2379 1082 2453 in
1096 2375 1297 2457 ventriurlo

214 2502 256 2567 et
283 2492 465 2567 intestinis
494 2489 660 2565 solutum
689 2489 812 2578 fuerit,
841 2498 882 2564 et
906 2491 944 2569 in
969 2489 1082 2592 salem
1099 2492 1295 2590 quendam,

215 2601 383 2703 sulprlzati
398 2603 482 2677 ferri
499 2599 599 2676 haud
616 2601 843 2690 dissimilem,
860 2626 1031 2687 veraum;
1055 2604 1125 2702 qui
1137 2626 1296 2703 pervasa

215 2716 438 2794 resorbentia
453 2713 571 2790 helea
584 2713 748 2800 haustus,
776 2723 816 2790 et
843 2715 881 2788 in
906 2711 1129 2813 sanguinem
1144 2714 1296 2802 delatus,

215 2849 302 2900 oum
318 2849 362 2899 eo
379 2837 496 2901 totam
514 2827 672 2925 eorporis
687 2826 948 2926 compaginem
965 2825 1150 2925 pervadat.

266 2958 390 3012 muru.
414 2935 581 3036 Sophus
608 2936 708 3021 zinci
735 2937 858 3013 multo
873 2937 1032 3015 validius
1055 2936 1298 3013 medicamen-

216 3056 300 3122 tum
315 3048 521 3148 astringens
545 3047 684 3135 existit,
712 3047 777 3123 sed
803 3047 851 3123 ad
874 3049 1129 3125 devorandum
1144 3049 1298 3123 minime

213 3158 403 3247 idoneum,
420 3171 570 3258 propter
587 3159 848 3235 vehementem
863 3170 903 3236 et
918 3162 1087 3237 subitum
1102 3161 1300 3247 vomitum,

217 3295 331 3372 quem
348 3272 472 3347 statim
502 3272 578 3344 fere
593 3272 692 3347 utin
711 3272 959 3349 ventriculum
989 3283 1160 3372 receptus
1188 3272 1300 3348 fuerit

216 3387 363 3477 excitat
429 3384 603 3459 Partibus
627 3394 755 3458 autem
783 3385 945 3459 externis
975 3407 1043 3483 pro
1071 3385 1297 3484 astringente

215 3492 402 3584 admotus,
428 3495 610 3570 eximium
636 3497 791 3575 omnino
817 3496 1026 3573 remedium
1056 3507 1123 3571 est.
1192 3497 1299 3583 Idem

217 3627 345 3680 verum
364 3618 419 3683 est
436 3608 483 3682 de
499 3607 629 3684 uertite
644 3596 756 3684 aiacis

265 3739 382 3792 muru.
394 3718 525 3796 Aeetia
541 3719 695 3818 plumbi,
712 3720 857 3818 aliaque
873 3728 1061 3820 quotquot
1077 3743 1127 3797 ex
1143 3718 1303 3818 plumbo

62 3904 67 3915 ,
214 3841 466 3930 praeparantur
477 3832 743 3919 mediuarnenta
754 3833 1005 3934 astringentis,
1017 3832 1307 3930 quamvisbono

213 3953 253 4018 et
269 3941 389 4018 valida
404 3934 577 4033 remedia,
592 3945 741 4044 gravius
758 3943 880 4020 adhuc
895 3943 1176 4025 incommodum
1200 3943 1241 4019 in
1262 3965 1304 4017 ae

213 4055 371 4151 habent:
402 4077 489 4129 nam
506 4053 609 4154 copia
626 4056 685 4131 vel
702 4057 855 4131 minima
870 4057 910 4131 in
926 4080 1059 4156 corpus
1075 4066 1233 4155 reoepta,
1262 4053 1296 4129 ei

211 4163 286 4253 fere
302 4190 445 4263 veneno
461 4178 560 4257 sunt,
576 4177 615 4245 et
629 4168 939 4269 largiussumpta,
951 4168 1160 4245 certissimo
1169 4166 1293 4243 exitia
