2678 4794
131 370 205 442 220
530 380 784 455 conaremur
1045 381 1131 435 car.
1144 381 1207 434 xx.

130 562 315 638 intestinis
330 561 488 645 fortasse,
511 570 578 633 aut
594 568 691 646 cute,
719 557 836 633 veluti
853 556 893 630 in
910 557 1087 656 nycena,
1106 560 1210 635 urina

130 675 282 775 limpida
298 684 337 746 et
352 672 596 770 copiosissima
611 671 706 744 fluit.
757 670 946 767 Denique,
971 695 992 742 a
1008 671 1102 745 vitio
1119 696 1210 770 quo-

131 787 217 861 dam
234 797 362 885 parum
380 808 475 882 saepe
490 782 688 869 intellecto,
705 783 782 856 sive
799 806 941 868 renum,
964 783 1040 854 sive
1055 784 1211 857 aliarum

130 900 301 997 partium,
328 898 404 970 sive
428 896 582 969 demum
608 897 771 970 universi
796 894 965 993 corporis,
989 896 1212 970 incredibilis

129 1009 325 1108 aliquando
341 1008 554 1082 observatus
567 1017 623 1082 est
636 1009 752 1082 urinae
764 1007 903 1095 fluxus,
921 1007 1075 1103 ejusque
1091 1033 1212 1081 asana

129 1122 234 1194 urina
263 1120 371 1194 valde
395 1121 560 1208 diversae,
585 1119 825 1218 multumque
844 1119 1065 1193 ‘saccharum
1095 1122 1212 1195 conti·

126 1233 259 1307 nentis.
310 1234 398 1308 Hoc
415 1233 543 1308 'morbi
566 1258 685 1333 genus
710 1242 863 1307 vocatur
887 1230 1078 1317 Diabetes,
1104 1232 1209 1330 cujus

92 1349 93 1353 ’
127 1355 259 1418 natura
283 1356 322 1419 et
357 1371 474 1420 causae
497 1346 665 1421 nondum
700 1347 809 1444 plene
838 1344 1073 1444 deprehensae
1098 1355 1208 1419 sunt:

126 1468 252 1531 tamen
278 1458 464 1557 probabile
489 1468 554 1545 est,
579 1468 711 1556 praeter
736 1482 866 1532 renum
893 1459 993 1543 vitia,
1010 1481 1208 1555 spuantium,

127 1569 400 1657 relaxationem,
427 1566 490 1644 lte.
515 1572 788 1669 corruptionem
814 1568 1000 1667 quandam
1030 1569 1209 1642 universae

127 1706 256 1757 massae
281 1684 468 1782 sanguinis
493 1683 649 1770 subesse,
679 1683 828 1755 forsitan
867 1706 1023 1779 aprava
1061 1705 1208 1755 concoc-

128 1795 240 1882 tione,
257 1797 393 1869 cumin
407 1793 620 1881 ventriculo,
638 1804 722 1868 tum
735 1818 886 1891 quoque
897 1793 936 1864 in
949 1792 1207 1889 pulmonibus:

128 1909 304 2004 quoniam
321 1908 465 1993 humor,
490 1931 511 1979 a
527 1906 634 1980 solito
649 1916 689 1979 et
704 1905 861 1979 naturali
879 1904 971 1977 adeo
989 1905 1166 1992 diversus,
1188 1929 1209 1977 a

127 2020 306 2117 sanguine
321 2021 519 2106 derivatur,
535 2019 651 2117 isque,
668 2030 713 2092 ut
729 2019 887 2102 videtur,
906 2016 1005 2090 haud
1022 2016 1207 2090 dissimilis

127 2128 311 2204 alimentis
328 2131 493 2206 nondum
506 2131 609 2229 justa
624 2131 859 2205 concoctione
875 2127 984 2227 plene
1001 2129 1171 2241 subactis.

81 2268 83 2272 ·
178 2265 402 2318 nccxxxrn
428 2243 543 2317 Ratio
559 2244 676 2342 igitur
692 2245 731 2316 in
748 2244 870 2340 aprico
886 2243 966 2327 erit,
987 2267 1054 2315 cur
1071 2243 1207 2316 nimius

129 2357 245 2430 urinae
260 2357 387 2432 fluxus
404 2358 546 2430 homini
564 2368 702 2442 noceat,
728 2356 848 2429 fractis
865 2355 1044 2427 nimirum
1057 2354 1207 2440 viribus,

128 2470 308 2566 impedito
326 2472 566 2557 nutrimento,
592 2470 846 2566 exhaustoque
863 2489 1020 2564 corpore.
1073 2467 1208 2563 Neque

127 2582 290 2680 profecto
307 2585 442 2658 mirum
456 2592 521 2669 est,
539 2583 718 2680 quosdam
738 2580 802 2654 tali
816 2580 945 2653 morbo
958 2580 1207 2660 succubuisse3

127 2710 166 2766 et
192 2694 424 2768 affectionem
441 2696 507 2768 vix
534 2693 760 2767 intellectam
787 2692 975 2791 aegerrime
996 2691 1124 2778 sanari,
1149 2688 1208 2763 vel

128 2829 222 2900 saepe
239 2806 392 2878 omnino
410 2805 643 2880 insanabilem
663 2828 750 2876 esse.

176 2936 382 3003 uccxxxrr.
401 2917 664 2990 Urinaeautern
678 2913 916 3012 profluvium,
927 2916 1099 3013 quamvis
1109 2914 1207 2988 haud

26 3062 32 3073 ·
127 3026 320 3122 exiguum,
346 3026 567 3124 plerumque
590 3026 681 3101 levis
705 3027 858 3100 omnino
884 3029 1065 3101 momenti
1090 3040 1147 3101 est
1171 3037 1208 3100 et

126 3136 242 3235 fugax
256 3137 405 3222 malum,
423 3135 600 3236 hystoria,
617 3138 772 3236 aliisque
785 3138 934 3216 neruosi
944 3140 1100 3239 generis
1113 3163 1206 3216 mor·

126 3248 182 3321 bis
209 3247 457 3323 laborantibus
483 3249 668 3324 familiare.
718 3252 875 3326 Juvabit
895 3277 1046 3352 quoque
1063 3255 1205 3327 novisse

126 3361 324 3435 nonnullos
341 3363 497 3447 morbos,
514 3361 630 3436 febres
647 3363 854 3463 aliqnando,
873 3380 910 3439 et
927 3366 1206 3464 hydropemva·

125 3473 170 3543 rii
188 3474 340 3570 generis,
359 3474 423 3548 tali
441 3473 624 3572 profluvio
641 3475 743 3550 solvi.
786 3478 968 3566 Quocirca
984 3477 1123 3551 factum
1141 3487 1205 3564 est,

126 3593 171 3656 ut
188 3585 339 3660 medicis
355 3587 431 3659 fere
447 3588 597 3661 solenne
613 3589 725 3664 fuerit
740 3590 787 3663 ad
804 3601 940 3664 statum
960 3592 1078 3664 urinae
1094 3613 1206 3690 aegro·

126 3700 299 3786 tantium,
313 3700 494 3798 imprimis
507 3701 806 3796 febricitantium,
819 3704 1006 3801 respicere,
1021 3702 1207 3800 multique

124 3834 273 3909 operam
291 3813 470 3900 dederint,
489 3825 532 3889 ut
550 3815 628 3913 ejus
642 3817 861 3889 varietatum
880 3815 1059 3888 rationem
1079 3812 1205 3888 redde·

123 3933 216 4009 rent,
242 3927 503 4025 variorumque
528 3939 732 4001 eventuum
754 3953 847 4025 quos
873 3928 1062 4000 crederent
1087 3926 1205 4000 exiis

123 4036 281 4133 praediei.
333 4039 501 4113 Multum
518 4064 606 4113 vero
619 4040 720 4113 abest
737 4050 781 4112 ut
798 4041 944 4124 medici,
961 4039 1096 4112 nostris
1114 4050 1207 4112 tem·

123 4150 283 4247 poribus,
300 4160 448 4225 tantum
462 4151 675 4247 hujusmodi
693 4152 806 4249 signis
823 4151 1009 4224 confidant
1022 4163 1206 4249 quantum

123 4261 278 4359 majores
293 4261 420 4337 confisi
436 4274 567 4337 essent.
621 4263 708 4338 Non
737 4263 895 4339 dubium
912 4289 1000 4338 vero
1017 4273 1085 4353 est,
1112 4264 1206 4339 noti-
