2678 4794
144 360 191 426 10
559 375 811 432 constrictus
901 390 906 396 ·
1087 382 1215 436 can-1.

142 549 234 627 levis
260 552 438 629 momenti
460 550 579 625 morbi
603 553 792 627 interdum
816 553 918 641 fiant,
944 555 1007 630 sed
1031 569 1218 655 quantum

131 674 312 741 ‘naturam
348 673 387 736 et
423 673 668 762 augmentum
695 665 756 740 vel
785 668 1035 742 remissionem
1060 671 1217 745 aliorum

142 779 427 877 graviorumque
443 775 657 850 morborum
675 803 770 878 saepe
794 803 907 878 quam
931 781 1072 879 optime
1096 793 1218 856 osten-

143 889 242 962 dant.

133 1049 155 1069 a
192 1021 307 1074 xxrx.
345 998 419 1072 Par
450 1001 544 1074 ratio
568 1011 624 1075 est
650 1027 716 1078 cur
739 1005 787 1078 ad
813 1006 1063 1080 oonditionem
1091 1016 1131 1079 et
1159 1007 1220 1080 lae·

141 1112 259 1187 aiones
281 1110 463 1186 facultatis
489 1115 664 1188 movendi
690 1141 832 1215 semper
859 1120 905 1192 sit
930 1118 1218 1215 respiciendum

141 1224 219 1298 sive
246 1225 308 1297 illa
324 1225 506 1314 defecerit,
535 1237 579 1301 ut
608 1228 647 1301 in
664 1230 836 1303 omnibus
866 1229 941 1303 fere
957 1230 1092 1302 morbis
1118 1229 1220 1316 solet,

141 1336 244 1436 quod
261 1337 428 1412 debilitas
445 1349 620 1426 vocatum
645 1340 705 1414 vel
723 1343 867 1440 perdita
894 1342 1016 1428 fuerit,
1042 1342 1140 1416 utin
1158 1367 1220 1442 pa·

75 1501 76 1504 =
141 1448 275 1548 ralysi3
300 1451 360 1523 vel
375 1460 509 1548 praeter
525 1461 696 1526 naturam
712 1453 870 1542 intensa,
895 1455 994 1552 quod
1013 1455 1052 1527 in
1070 1454 1220 1553 quibus·

142 1562 229 1637 darn
246 1564 382 1638 cerebri
399 1563 653 1638 affectionibus
679 1589 948 1664 nonnunquam
965 1566 1097 1639 accidit
1111 1593 1119 1651 ;
1145 1567 1223 1639 sive

141 1675 297 1751 demum
330 1677 514 1750 abnormis
547 1675 669 1764 fuerit,
703 1676 820 1750 veluti
853 1679 893 1750 in
922 1676 1223 1752 oonvulsionibus

142 1787 296 1888 aliisque
313 1787 493 1864 similibus
511 1788 656 1863 morbis.

193 1925 295 1976 xxx.
322 1901 457 1998 Neque
479 1925 565 1973 sane
580 1903 669 1999 aegri
686 1903 849 1977 oonditio
866 1905 967 2002 quod
985 1904 1033 1976 ad
1049 1928 1223 1979 somnum

143 2013 285 2112 negligi
301 2013 432 2087 debet:
458 2012 536 2111 qui,
562 2013 639 2087 sive
666 2014 745 2114 ipse
764 2039 830 2113 pro
846 2015 1036 2090 functione
1051 2016 1223 2114 corporis,

143 2127 222 2199 sive
259 2133 406 2199 tanturn
445 2150 511 2224 pro
548 2126 737 2200 vacatione
774 2127 820 2199 ab
857 2128 934 2201 aliis
972 2126 1224 2202 functionibus

144 2237 334 2312 habendus
359 2238 420 2327 sit,
450 2238 607 2312 modum
633 2262 743 2313 suum
768 2239 973 2313 naturalem
999 2252 1036 2314 et
1062 2240 1225 2314 sanitatis

82 2388 84 2393 .
144 2348 289 2448 legibus
304 2360 591 2425 consentaneum
608 2351 728 2439 habet,
753 2352 819 2449 qui
836 2351 969 2427 modus
986 2352 1025 2424 in
1043 2351 1225 2450 plerisque

145 2463 284 2538 morbis
309 2463 409 2538 baud
447 2488 577 2562 parum
604 2464 743 2539 turbari
768 2463 880 2550 solet;
915 2465 967 2538 ita
994 2476 1037 2538 ut
1075 2487 1226 2537 somnus

145 2576 207 2651 vel
232 2576 356 2650 nullus
381 2579 439 2662 sit,
464 2577 523 2657 vel
549 2578 697 2662 nimius,
720 2575 780 2651 vel
797 2578 1036 2673 interruptus,
1062 2574 1122 2648 vel
1139 2576 1226 2651 diris

147 2689 298 2762 somniis
323 2688 521 2771 terrificum
547 2711 670 2784 neque
688 2710 838 2760 somnus
863 2687 931 2782 qui
955 2685 1067 2757 fuerit
1084 2710 1228 2782 aegrum

126 2807 192 2871 'ut
209 2798 314 2871 decet
331 2806 477 2870 recreet

198 2931 317 2982 xxxi.
345 2907 458 3004 Signa
482 2916 607 2980 autem
632 2906 802 2981 laesarum
827 2906 887 2980 vel
912 2906 1007 2980 male
1031 2932 1068 2980 se
1093 2906 1227 2983 haben·

126 3019 246 3092 stium
270 3017 506 3092 functionum
532 3018 703 3092 vitalium
728 3017 876 3116 majoris
901 3018 1022 3093 adhuc
1046 3023 1229 3097 momenti

147 3141 255 3216 sunt3
285 3130 421 3206 scilicet
436 3156 522 3229 quae
538 3154 612 3205 non
630 3128 742 3205 modo
759 3133 878 3205 morbi
896 3141 1066 3207 naturam
1084 3143 1121 3207 et
1139 3133 1228 3231 aegri

147 3254 287 3320 statum
304 3245 397 3321 bene
413 3243 622 3330 ostendant,
647 3242 711 3317 sed
728 3267 795 3318 suo
808 3268 959 3343 quoque
976 3246 1149 3343 periculo,
1166 3269 1228 3318 ve·

147 3356 376 3433 hementiora
392 3356 520 3433 saltem
544 3358 573 3432 si
600 3357 752 3444 fuerint,
777 3381 853 3432 non
879 3370 1032 3432 careant.
1084 3357 1229 3453 Hujus-

140 3471 249 3555 ¹modi
267 3482 355 3545 suut
371 3495 498 3545 omnes
523 3469 702 3569 pulsuum
720 3470 923 3557 varietates,
949 3472 1125 3544 nimirum
1144 3495 1229 3567 quae

14 3664 20 3674 ⁶
147 3583 344 3659 ostendant
372 3594 438 3658 aut
473 3583 627 3658 delicere
647 3582 850 3681 'sanguinis
883 3593 1041 3668 motum,
1072 3591 1141 3656 aut
1175 3582 1230 3654 ni-

147 3695 279 3782 mium,
306 3707 372 3771 aut
398 3698 614 3777 abnormem
644 3721 731 3783 esse,
761 3693 879 3770 veluti
903 3695 941 3767 in
972 3693 1144 3779 febribus,
1173 3694 1230 3765 in-

148 3805 473 3907 flammationibus,
491 3810 606 3885 animi
623 3805 899 3882 defectionibus.

197 3944 334 3997 xxxu.
352 3921 574 3997 Proximum
593 3921 650 3995 bis
666 3920 788 3993 locum
807 3925 935 3994 tenent
949 3938 1024 3987 non
1041 3916 1232 3991 immerito

147 4035 296 4133 spiritus
320 4032 531 4114 affectiones
556 4031 743 4116 morbidae,
768 4028 886 4102 veluti
911 4026 1031 4100 omnis
1067 4027 1231 4124 spirandi

147 4146 318 4223 velocitas
334 4156 399 4220 aut
416 4146 567 4224 tarditas
583 4142 742 4237 insolita,¹
766 4148 832 4214 aut
859 4137 1057 4212 difficultas
1074 4141 1230 4237 quaevis,

146 4271 212 4337 aut
230 4259 365 4347 tussiat
376 4257 605 4348 sternutatio,
629 4254 828 4357 suspirium
848 4262 886 4331 et
915 4251 1067 4341 similia;
1093 4254 1231 4353 quibus
