<?xml version="1.0" encoding="UTF-8"?>
<!DOCTYPE html PUBLIC "-//W3C//DTD XHTML 1.0 Transitional//EN"
    "http://www.w3.org/TR/xhtml1/DTD/xhtml1-transitional.dtd">
<html xmlns="http://www.w3.org/1999/xhtml" xml:lang="en" lang="en">
 <head>
  <title>
</title>
<meta http-equiv="Content-Type" content="text/html;charset=utf-8" />
  <meta name='ocr-system' content='tesseract 3.04.00' />
  <meta name='ocr-capabilities' content='ocr_page ocr_carea ocr_par ocr_line ocrx_word'/>
</head>
<body>
  <div class='ocr_page' id='page_1' title='image "./conspectusmedic01greggoog_0495.png"; bbox 0 0 2694 4792; ppageno 0'>
   <div class='ocr_carea' id='block_1_1' title="bbox 131 341 1236 420">
    <p class='ocr_par' dir='ltr' id='par_1_1' title="bbox 131 341 1236 420">
     <span class='ocr_line' id='line_1_1' title="bbox 131 341 1236 420; baseline -0.02 0"><span class='ocrx_word' id='word_1_1' title='bbox 131 343 205 420; x_wconf 68' lang='grc'>446</span> <span class='ocrx_word' id='word_1_2' title='bbox 539 348 791 410; x_wconf 82' lang='lat' dir='ltr'>consrncrus</span> <span class='ocrx_word' id='word_1_3' title='bbox 977 345 1074 402; x_wconf 75' lang='lat' dir='ltr'>car.</span> <span class='ocrx_word' id='word_1_4' title='bbox 1092 341 1236 400; x_wconf 67' lang='lat' dir='ltr'>xxxu,</span> 
     </span>
    </p>
   </div>
   <div class='ocr_carea' id='block_1_2' title="bbox 128 523 1231 2420">
    <p class='ocr_par' dir='ltr' id='par_1_2' title="bbox 131 523 1231 741">
     <span class='ocr_line' id='line_1_2' title="bbox 131 523 1231 637; baseline -0.014 -26"><span class='ocrx_word' id='word_1_5' title='bbox 131 535 332 637; x_wconf 89' lang='lat' dir='ltr'>praesertim</span> <span class='ocrx_word' id='word_1_6' title='bbox 363 555 448 632; x_wconf 81' lang='lat' dir='ltr'>quae</span> <span class='ocrx_word' id='word_1_7' title='bbox 479 534 645 607; x_wconf 88' lang='lat' dir='ltr'>maxime</span> <span class='ocrx_word' id='word_1_8' title='bbox 673 534 877 604; x_wconf 86' lang='lat' dir='ltr'>acescentes</span> <span class='ocrx_word' id='word_1_9' title='bbox 903 533 1006 611; x_wconf 89' lang='lat' dir='ltr'>sunt,</span> <span class='ocrx_word' id='word_1_10' title='bbox 1047 523 1231 598; x_wconf 86' lang='lat' dir='ltr'>adversus</span> 
     </span>
     <span class='ocr_line' id='line_1_3' title="bbox 133 638 891 741; baseline -0.022 -14"><span class='ocrx_word' id='word_1_11' title='bbox 133 648 345 726; x_wconf 80' lang='lat' dir='ltr'>scorbatam</span> <span class='ocrx_word' id='word_1_12' title='bbox 361 657 508 720; x_wconf 90' lang='lat' dir='ltr'>tantum</span> <span class='ocrx_word' id='word_1_13' title='bbox 526 656 565 718; x_wconf 94' lang='lat' dir='ltr'>et</span> <span class='ocrx_word' id='word_1_14' title='bbox 580 640 740 741; x_wconf 88' lang='lat' dir='ltr'>amplius</span> <span class='ocrx_word' id='word_1_15' title='bbox 756 638 891 713; x_wconf 87' lang='lat' dir='ltr'>valent</span> 
     </span>
    </p>

    <p class='ocr_par' dir='ltr' id='par_1_3' title="bbox 130 747 1221 1505">
     <span class='ocr_line' id='line_1_4' title="bbox 184 747 1221 854; baseline -0.016 -17"><span class='ocrx_word' id='word_1_16' title='bbox 184 781 400 836; x_wconf 80' lang='lat' dir='ltr'>srcccxxn.</span> <span class='ocrx_word' id='word_1_17' title='bbox 426 757 604 830; x_wconf 85' lang='lat' dir='ltr'>Proxime</span> <span class='ocrx_word' id='word_1_18' title='bbox 619 765 704 854; x_wconf 90' lang='lat' dir='ltr'>post</span> <span class='ocrx_word' id='word_1_19' title='bbox 720 752 844 850; x_wconf 82' lang='lat' dir='ltr'>fruges</span> <span class='ocrx_word' id='word_1_20' title='bbox 860 758 1025 822; x_wconf 73' lang='lat' dir='ltr'>recentes</span> <span class='ocrx_word' id='word_1_21' title='bbox 1049 759 1091 821; x_wconf 90' lang='lat' dir='ltr'>et</span> <span class='ocrx_word' id='word_1_22' title='bbox 1117 747 1221 821; x_wconf 89' lang='lat' dir='ltr'>succi</span> 
     </span>
     <span class='ocr_line' id='line_1_5' title="bbox 133 863 1221 972; baseline -0.017 -25"><span class='ocrx_word' id='word_1_23' title='bbox 133 874 269 972; x_wconf 90' lang='lat' dir='ltr'>plenas,</span> <span class='ocrx_word' id='word_1_24' title='bbox 294 871 452 946; x_wconf 92' lang='lat' dir='ltr'>veniunt</span> <span class='ocrx_word' id='word_1_25' title='bbox 467 870 572 966; x_wconf 90' lang='lat' dir='ltr'>panis</span> <span class='ocrx_word' id='word_1_26' title='bbox 592 889 715 941; x_wconf 91' lang='lat' dir='ltr'>recens</span> <span class='ocrx_word' id='word_1_27' title='bbox 733 863 984 946; x_wconf 86' lang='lat' dir='ltr'>fermentatus,</span> <span class='ocrx_word' id='word_1_28' title='bbox 1008 869 1047 933; x_wconf 93' lang='lat' dir='ltr'>et</span> <span class='ocrx_word' id='word_1_29' title='bbox 1062 884 1135 957; x_wconf 88' lang='lat' dir='ltr'>pro</span> <span class='ocrx_word' id='word_1_30' title='bbox 1152 884 1221 957; x_wconf 84' lang='lat' dir='ltr'>po-</span> 
     </span>
     <span class='ocr_line' id='line_1_6' title="bbox 134 973 1219 1072; baseline -0.014 -14"><span class='ocrx_word' id='word_1_31' title='bbox 134 995 188 1072; x_wconf 92' lang='lat' dir='ltr'>tu,</span> <span class='ocrx_word' id='word_1_32' title='bbox 214 983 385 1058; x_wconf 85' lang='lat' dir='ltr'>cerevisia</span> <span class='ocrx_word' id='word_1_33' title='bbox 403 991 553 1067; x_wconf 88' lang='lat' dir='ltr'>mustea,</span> <span class='ocrx_word' id='word_1_34' title='bbox 579 977 639 1053; x_wconf 85' lang='lat' dir='ltr'>vei</span> <span class='ocrx_word' id='word_1_35' title='bbox 655 977 827 1051; x_wconf 80' lang='lat' dir='ltr'>cerevisia</span> <span class='ocrx_word' id='word_1_36' title='bbox 837 974 917 1072; x_wconf 87' lang='lat' dir='ltr'>jam</span> <span class='ocrx_word' id='word_1_37' title='bbox 945 984 1049 1046; x_wconf 86' lang='lat' dir='ltr'>cocta</span> <span class='ocrx_word' id='word_1_38' title='bbox 1077 982 1118 1044; x_wconf 89' lang='lat' dir='ltr'>et</span> <span class='ocrx_word' id='word_1_39' title='bbox 1144 973 1219 1045; x_wconf 88' lang='lat' dir='ltr'>fer-</span> 
     </span>
     <span class='ocr_line' id='line_1_7' title="bbox 132 1088 1217 1186; baseline -0.015 -15"><span class='ocrx_word' id='word_1_40' title='bbox 132 1105 306 1181; x_wconf 89' lang='lat' dir='ltr'>mentata,</span> <span class='ocrx_word' id='word_1_41' title='bbox 340 1105 379 1168; x_wconf 89' lang='lat' dir='ltr'>et</span> <span class='ocrx_word' id='word_1_42' title='bbox 403 1093 535 1166; x_wconf 92' lang='lat' dir='ltr'>vinum</span> <span class='ocrx_word' id='word_1_43' title='bbox 565 1114 687 1176; x_wconf 90' lang='lat' dir='ltr'>omne,</span> <span class='ocrx_word' id='word_1_44' title='bbox 725 1088 866 1186; x_wconf 85' lang='lat' dir='ltr'>quippe</span> <span class='ocrx_word' id='word_1_45' title='bbox 892 1110 979 1183; x_wconf 81' lang='lat' dir='ltr'>quae</span> <span class='ocrx_word' id='word_1_46' title='bbox 1008 1100 1155 1170; x_wconf 88' lang='lat' dir='ltr'>natura,</span> <span class='ocrx_word' id='word_1_47' title='bbox 1180 1094 1217 1156; x_wconf 90' lang='lat' dir='ltr'>et</span> 
     </span>
     <span class='ocr_line' id='line_1_8' title="bbox 132 1195 1216 1334; baseline -0.013 -53"><span class='ocrx_word' id='word_1_48' title='bbox 132 1207 320 1334; x_wconf 84' lang='lat' dir='ltr'>principiis</span> <span class='ocrx_word' id='word_1_49' title='bbox 347 1230 412 1279; x_wconf 90' lang='lat' dir='ltr'>seu</span> <span class='ocrx_word' id='word_1_50' title='bbox 441 1203 634 1277; x_wconf 87' lang='lat' dir='ltr'>elementis</span> <span class='ocrx_word' id='word_1_51' title='bbox 661 1198 839 1284; x_wconf 70' lang='lat' dir='ltr'>chemicis,</span> <span class='ocrx_word' id='word_1_52' title='bbox 865 1208 904 1270; x_wconf 88' lang='lat' dir='ltr'>et</span> <span class='ocrx_word' id='word_1_53' title='bbox 920 1196 1063 1269; x_wconf 89' lang='lat' dir='ltr'>viribus</span> <span class='ocrx_word' id='word_1_54' title='bbox 1081 1195 1216 1291; x_wconf 89' lang='lat' dir='ltr'>quibus</span> 
     </span>
     <span class='ocr_line' id='line_1_9' title="bbox 131 1305 1212 1417; baseline -0.012 -25"><span class='ocrx_word' id='word_1_55' title='bbox 131 1319 171 1392; x_wconf 93' lang='lat' dir='ltr'>in</span> <span class='ocrx_word' id='word_1_56' title='bbox 187 1341 338 1417; x_wconf 81' lang='lat' dir='ltr'>corpore</span> <span class='ocrx_word' id='word_1_57' title='bbox 354 1317 518 1391; x_wconf 89' lang='lat' dir='ltr'>humano</span> <span class='ocrx_word' id='word_1_58' title='bbox 533 1313 686 1414; x_wconf 88' lang='lat' dir='ltr'>pollent,</span> <span class='ocrx_word' id='word_1_59' title='bbox 710 1320 874 1387; x_wconf 88' lang='lat' dir='ltr'>recentes</span> <span class='ocrx_word' id='word_1_60' title='bbox 898 1307 1026 1407; x_wconf 83' lang='lat' dir='ltr'>fruges</span> <span class='ocrx_word' id='word_1_61' title='bbox 1048 1305 1212 1380; x_wconf 89' lang='lat' dir='ltr'>multum</span> 
     </span>
     <span class='ocr_line' id='line_1_10' title="bbox 130 1430 306 1505; baseline -0.006 -1"><span class='ocrx_word' id='word_1_62' title='bbox 130 1430 306 1505; x_wconf 88' lang='lat' dir='ltr'>referunt.</span> 
     </span>
    </p>

    <p class='ocr_par' dir='ltr' id='par_1_4' title="bbox 128 1531 1215 2420">
     <span class='ocr_line' id='line_1_11' title="bbox 182 1531 1212 1637; baseline -0.015 -18"><span class='ocrx_word' id='word_1_63' title='bbox 182 1565 413 1618; x_wconf 75' lang='lat' dir='ltr'>mcccxxnr.</span> <span class='ocrx_word' id='word_1_64' title='bbox 449 1541 528 1616; x_wconf 91' lang='lat' dir='ltr'>Hic</span> <span class='ocrx_word' id='word_1_65' title='bbox 551 1562 702 1637; x_wconf 91' lang='lat' dir='ltr'>quoque</span> <span class='ocrx_word' id='word_1_66' title='bbox 726 1558 801 1612; x_wconf 90' lang='lat' dir='ltr'>non</span> <span class='ocrx_word' id='word_1_67' title='bbox 826 1534 1015 1609; x_wconf 89' lang='lat' dir='ltr'>immerito</span> <span class='ocrx_word' id='word_1_68' title='bbox 1039 1531 1212 1607; x_wconf 74' lang='lat' dir='ltr'>recenseri</span> 
     </span>
     <span class='ocr_line' id='line_1_12' title="bbox 130 1645 1214 1752; baseline -0.012 -23"><span class='ocrx_word' id='word_1_69' title='bbox 130 1665 255 1752; x_wconf 84' lang='lat' dir='ltr'>potest</span> <span class='ocrx_word' id='word_1_70' title='bbox 278 1653 425 1729; x_wconf 82' lang='lat' dir='ltr'>acidum</span> <span class='ocrx_word' id='word_1_71' title='bbox 441 1650 691 1741; x_wconf 68' lang='lat' dir='ltr'>car-bonnam,</span> <span class='ocrx_word' id='word_1_72' title='bbox 715 1649 824 1749; x_wconf 88' lang='lat' dir='ltr'>quale</span> <span class='ocrx_word' id='word_1_73' title='bbox 847 1645 1100 1745; x_wconf 90' lang='lat' dir='ltr'>aliquoribus</span> <span class='ocrx_word' id='word_1_74' title='bbox 1125 1646 1214 1718; x_wconf 74' lang='lat' dir='ltr'>intu</span> 
     </span>
     <span class='ocr_line' id='line_1_13' title="bbox 132 1757 1214 1851; baseline -0.008 -12"><span class='ocrx_word' id='word_1_75' title='bbox 132 1765 440 1851; x_wconf 85' lang='lat' dir='ltr'>fermentandum,</span> <span class='ocrx_word' id='word_1_76' title='bbox 465 1764 525 1837; x_wconf 90' lang='lat' dir='ltr'>vei</span> <span class='ocrx_word' id='word_1_77' title='bbox 541 1788 563 1837; x_wconf 90' lang='lat' dir='ltr'>a</span> <span class='ocrx_word' id='word_1_78' title='bbox 578 1775 675 1838; x_wconf 85' lang='lat' dir='ltr'>creta</span> <span class='ocrx_word' id='word_1_79' title='bbox 700 1773 739 1835; x_wconf 91' lang='lat' dir='ltr'>et</span> <span class='ocrx_word' id='word_1_80' title='bbox 764 1760 942 1836; x_wconf 85' lang='lat' dir='ltr'>similibus</span> <span class='ocrx_word' id='word_1_81' title='bbox 972 1758 1088 1832; x_wconf 90' lang='lat' dir='ltr'>rebus</span> <span class='ocrx_word' id='word_1_82' title='bbox 1104 1757 1214 1831; x_wconf 86' lang='lat' dir='ltr'>affuso</span> 
     </span>
     <span class='ocr_line' id='line_1_14' title="bbox 131 1869 1215 1974; baseline -0.011 -20"><span class='ocrx_word' id='word_1_83' title='bbox 131 1878 238 1953; x_wconf 82' lang='lat' dir='ltr'>acido</span> <span class='ocrx_word' id='word_1_84' title='bbox 254 1874 379 1974; x_wconf 73' lang='lat' dir='ltr'>sliquo</span> <span class='ocrx_word' id='word_1_85' title='bbox 391 1877 487 1961; x_wconf 89' lang='lat' dir='ltr'>forti,</span> <span class='ocrx_word' id='word_1_86' title='bbox 500 1898 636 1972; x_wconf 87' lang='lat' dir='ltr'>magna</span> <span class='ocrx_word' id='word_1_87' title='bbox 647 1875 753 1972; x_wconf 90' lang='lat' dir='ltr'>copia</span> <span class='ocrx_word' id='word_1_88' title='bbox 765 1872 974 1971; x_wconf 85' lang='lat' dir='ltr'>expellitur.</span> <span class='ocrx_word' id='word_1_89' title='bbox 1012 1869 1099 1943; x_wconf 67' lang='lat' dir='ltr'>Aer</span> <span class='ocrx_word' id='word_1_90' title='bbox 1110 1869 1215 1956; x_wconf 86' lang='lat' dir='ltr'>hicce,</span> 
     </span>
     <span class='ocr_line' id='line_1_15' title="bbox 131 1982 1213 2085; baseline -0.006 -24"><span class='ocrx_word' id='word_1_91' title='bbox 131 1990 303 2085; x_wconf 89' lang='lat' dir='ltr'>quamvis</span> <span class='ocrx_word' id='word_1_92' title='bbox 332 1989 371 2059; x_wconf 90' lang='lat' dir='ltr'>in</span> <span class='ocrx_word' id='word_1_93' title='bbox 396 1985 614 2084; x_wconf 88' lang='lat' dir='ltr'>pulmonem</span> <span class='ocrx_word' id='word_1_94' title='bbox 640 1988 784 2085; x_wconf 88' lang='lat' dir='ltr'>copiose</span> <span class='ocrx_word' id='word_1_95' title='bbox 808 1993 988 2082; x_wconf 85' lang='lat' dir='ltr'>receptus,</span> <span class='ocrx_word' id='word_1_96' title='bbox 1013 1982 1213 2056; x_wconf 88' lang='lat' dir='ltr'>certissimo</span> 
     </span>
     <span class='ocr_line' id='line_1_16' title="bbox 129 2094 1211 2197; baseline -0.006 -26"><span class='ocrx_word' id='word_1_97' title='bbox 129 2099 245 2171; x_wconf 84' lang='lat' dir='ltr'>exitio</span> <span class='ocrx_word' id='word_1_98' title='bbox 274 2098 379 2185; x_wconf 82' lang='lat' dir='ltr'>soret,</span> <span class='ocrx_word' id='word_1_99' title='bbox 404 2107 529 2171; x_wconf 87' lang='lat' dir='ltr'>tamen</span> <span class='ocrx_word' id='word_1_100' title='bbox 558 2123 665 2197; x_wconf 89' lang='lat' dir='ltr'>aquae</span> <span class='ocrx_word' id='word_1_101' title='bbox 691 2099 871 2172; x_wconf 89' lang='lat' dir='ltr'>admistus</span> <span class='ocrx_word' id='word_1_102' title='bbox 894 2097 932 2169; x_wconf 92' lang='lat' dir='ltr'>in</span> <span class='ocrx_word' id='word_1_103' title='bbox 965 2094 1211 2169; x_wconf 88' lang='lat' dir='ltr'>ventriculum</span> 
     </span>
     <span class='ocr_line' id='line_1_17' title="bbox 128 2206 1213 2308; baseline -0.004 -25"><span class='ocrx_word' id='word_1_104' title='bbox 128 2210 252 2308; x_wconf 87' lang='lat' dir='ltr'>recipi,</span> <span class='ocrx_word' id='word_1_105' title='bbox 275 2220 341 2283; x_wconf 90' lang='lat' dir='ltr'>aut</span> <span class='ocrx_word' id='word_1_106' title='bbox 357 2233 423 2306; x_wconf 91' lang='lat' dir='ltr'>per</span> <span class='ocrx_word' id='word_1_107' title='bbox 438 2232 549 2284; x_wconf 88' lang='lat' dir='ltr'>anum</span> <span class='ocrx_word' id='word_1_108' title='bbox 568 2211 607 2282; x_wconf 91' lang='lat' dir='ltr'>in</span> <span class='ocrx_word' id='word_1_109' title='bbox 625 2210 800 2284; x_wconf 88' lang='lat' dir='ltr'>intestina</span> <span class='ocrx_word' id='word_1_110' title='bbox 816 2206 962 2283; x_wconf 88' lang='lat' dir='ltr'>infundi</span> <span class='ocrx_word' id='word_1_111' title='bbox 980 2219 1119 2306; x_wconf 88' lang='lat' dir='ltr'>potest,</span> <span class='ocrx_word' id='word_1_112' title='bbox 1143 2229 1213 2280; x_wconf 89' lang='lat' dir='ltr'>nou</span> 
     </span>
     <span class='ocr_line' id='line_1_18' title="bbox 128 2319 1212 2420; baseline -0.005 -24"><span class='ocrx_word' id='word_1_113' title='bbox 128 2320 242 2396; x_wconf 89' lang='lat' dir='ltr'>modo</span> <span class='ocrx_word' id='word_1_114' title='bbox 269 2322 348 2394; x_wconf 91' lang='lat' dir='ltr'>sine</span> <span class='ocrx_word' id='word_1_115' title='bbox 376 2320 539 2420; x_wconf 87' lang='lat' dir='ltr'>periculo</span> <span class='ocrx_word' id='word_1_116' title='bbox 565 2320 900 2406; x_wconf 83' lang='lat' dir='ltr'>autincommodo,</span> <span class='ocrx_word' id='word_1_117' title='bbox 924 2319 990 2392; x_wconf 92' lang='lat' dir='ltr'>sed</span> <span class='ocrx_word' id='word_1_118' title='bbox 1006 2343 1109 2418; x_wconf 81' lang='lat' dir='ltr'>saepe</span> <span class='ocrx_word' id='word_1_119' title='bbox 1131 2341 1212 2392; x_wconf 90' lang='lat' dir='ltr'>cum</span> 
     </span>
    </p>
   </div>
   <div class='ocr_carea' id='block_1_3' title="bbox 129 2430 1214 2645">
    <p class='ocr_par' dir='ltr' id='par_1_5' title="bbox 129 2430 1214 2645">
     <span class='ocr_line' id='line_1_19' title="bbox 129 2430 1214 2532; baseline 0 -27"><span class='ocrx_word' id='word_1_120' title='bbox 129 2431 267 2532; x_wconf 84' lang='lat' dir='ltr'>insigni</span> <span class='ocrx_word' id='word_1_121' title='bbox 284 2433 471 2508; x_wconf 87' lang='lat' dir='ltr'>beneficio.</span> <span class='ocrx_word' id='word_1_122' title='bbox 522 2434 694 2532; x_wconf 83' lang='lat' dir='ltr'>Egregiis</span> <span class='ocrx_word' id='word_1_123' title='bbox 705 2433 845 2509; x_wconf 91' lang='lat' dir='ltr'>viribus</span> <span class='ocrx_word' id='word_1_124' title='bbox 861 2430 1101 2531; x_wconf 59' lang='lat' dir='ltr'>actssepticis</span> <span class='ocrx_word' id='word_1_125' title='bbox 1115 2439 1214 2505; x_wconf 82' lang='lat' dir='ltr'>exus</span> 
     </span>
     <span class='ocr_line' id='line_1_20' title="bbox 129 2543 1213 2645; baseline -0.004 -25"><span class='ocrx_word' id='word_1_126' title='bbox 129 2567 261 2645; x_wconf 87' lang='lat' dir='ltr'>corpus</span> <span class='ocrx_word' id='word_1_127' title='bbox 277 2544 414 2645; x_wconf 88' lang='lat' dir='ltr'>pollet;</span> <span class='ocrx_word' id='word_1_128' title='bbox 446 2547 500 2620; x_wconf 93' lang='lat' dir='ltr'>ita</span> <span class='ocrx_word' id='word_1_129' title='bbox 525 2557 569 2619; x_wconf 92' lang='lat' dir='ltr'>ut</span> <span class='ocrx_word' id='word_1_130' title='bbox 593 2568 669 2619; x_wconf 92' lang='lat' dir='ltr'>non</span> <span class='ocrx_word' id='word_1_131' title='bbox 686 2544 799 2619; x_wconf 90' lang='lat' dir='ltr'>modo</span> <span class='ocrx_word' id='word_1_132' title='bbox 821 2566 946 2619; x_wconf 89' lang='lat' dir='ltr'>carnes</span> <span class='ocrx_word' id='word_1_133' title='bbox 971 2568 993 2617; x_wconf 90' lang='lat' dir='ltr'>a</span> <span class='ocrx_word' id='word_1_134' title='bbox 1017 2543 1213 2642; x_wconf 84' lang='lat' dir='ltr'>putredine</span> 
     </span>
    </p>
   </div>
   <div class='ocr_carea' id='block_1_4' title="bbox 124 2655 1217 4322">
    <p class='ocr_par' dir='ltr' id='par_1_6' title="bbox 126 2655 1217 3965">
     <span class='ocr_line' id='line_1_21' title="bbox 129 2655 1213 2755; baseline -0.002 -24"><span class='ocrx_word' id='word_1_135' title='bbox 129 2655 345 2745; x_wconf 83' lang='lat' dir='ltr'>defendisse,</span> <span class='ocrx_word' id='word_1_136' title='bbox 378 2657 443 2732; x_wconf 89' lang='lat' dir='ltr'>sed</span> <span class='ocrx_word' id='word_1_137' title='bbox 467 2658 622 2731; x_wconf 86' lang='lat' dir='ltr'>eandem</span> <span class='ocrx_word' id='word_1_138' title='bbox 651 2657 731 2755; x_wconf 88' lang='lat' dir='ltr'>jam</span> <span class='ocrx_word' id='word_1_139' title='bbox 756 2658 953 2755; x_wconf 85' lang='lat' dir='ltr'>inceptam,</span> <span class='ocrx_word' id='word_1_140' title='bbox 987 2665 1030 2728; x_wconf 92' lang='lat' dir='ltr'>et</span> <span class='ocrx_word' id='word_1_141' title='bbox 1064 2656 1213 2755; x_wconf 85' lang='lat' dir='ltr'>quidem</span> 
     </span>
     <span class='ocr_line' id='line_1_22' title="bbox 128 2766 1212 2869; baseline -0.001 -28"><span class='ocrx_word' id='word_1_142' title='bbox 128 2766 229 2842; x_wconf 89' lang='lat' dir='ltr'>haud</span> <span class='ocrx_word' id='word_1_143' title='bbox 244 2793 374 2867; x_wconf 89' lang='lat' dir='ltr'>parum</span> <span class='ocrx_word' id='word_1_144' title='bbox 393 2781 617 2869; x_wconf 80' lang='lat' dir='ltr'>provectam,</span> <span class='ocrx_word' id='word_1_145' title='bbox 633 2771 839 2856; x_wconf 86' lang='lat' dir='ltr'>correxisse,</span> <span class='ocrx_word' id='word_1_146' title='bbox 857 2792 989 2867; x_wconf 88' lang='lat' dir='ltr'>resque</span> <span class='ocrx_word' id='word_1_147' title='bbox 999 2768 1085 2866; x_wconf 87' lang='lat' dir='ltr'>jam</span> <span class='ocrx_word' id='word_1_148' title='bbox 1100 2766 1212 2866; x_wconf 85' lang='lat' dir='ltr'>putri·</span> 
     </span>
     <span class='ocr_line' id='line_1_23' title="bbox 129 2877 1214 2979; baseline 0 -27"><span class='ocrx_word' id='word_1_149' title='bbox 129 2877 193 2952; x_wconf 91' lang='lat' dir='ltr'>das</span> <span class='ocrx_word' id='word_1_150' title='bbox 210 2879 256 2952; x_wconf 93' lang='lat' dir='ltr'>ad</span> <span class='ocrx_word' id='word_1_151' title='bbox 285 2881 514 2969; x_wconf 84' lang='lat' dir='ltr'>firmitatem,</span> <span class='ocrx_word' id='word_1_152' title='bbox 538 2893 577 2957; x_wconf 89' lang='lat' dir='ltr'>et</span> <span class='ocrx_word' id='word_1_153' title='bbox 595 2882 696 2979; x_wconf 91' lang='lat' dir='ltr'>quasi</span> <span class='ocrx_word' id='word_1_154' title='bbox 725 2882 991 2979; x_wconf 81' lang='lat' dir='ltr'>integritatem,</span> <span class='ocrx_word' id='word_1_155' title='bbox 1016 2878 1214 2954; x_wconf 85' lang='lat' dir='ltr'>restituisse</span> 
     </span>
     <span class='ocr_line' id='line_1_24' title="bbox 128 2989 1216 3091; baseline 0 -26"><span class='ocrx_word' id='word_1_156' title='bbox 128 2991 231 3065; x_wconf 89' lang='lat' dir='ltr'>visus</span> <span class='ocrx_word' id='word_1_157' title='bbox 247 2992 305 3065; x_wconf 87' lang='lat' dir='ltr'>sit.</span> <span class='ocrx_word' id='word_1_158' title='bbox 357 2993 533 3067; x_wconf 84' lang='lat' dir='ltr'>Eundem</span> <span class='ocrx_word' id='word_1_159' title='bbox 551 2995 650 3068; x_wconf 77' lang='lat' dir='ltr'>intra</span> <span class='ocrx_word' id='word_1_160' title='bbox 665 3016 807 3091; x_wconf 88' lang='lat' dir='ltr'>corpus,</span> <span class='ocrx_word' id='word_1_161' title='bbox 834 2994 872 3066; x_wconf 92' lang='lat' dir='ltr'>in</span> <span class='ocrx_word' id='word_1_162' title='bbox 891 2990 1034 3066; x_wconf 90' lang='lat' dir='ltr'>morbis</span> <span class='ocrx_word' id='word_1_163' title='bbox 1048 2989 1216 3091; x_wconf 84' lang='lat' dir='ltr'>putridis,</span> 
     </span>
     <span class='ocr_line' id='line_1_25' title="bbox 127 3101 1216 3202; baseline 0.001 -27"><span class='ocrx_word' id='word_1_164' title='bbox 127 3109 168 3176; x_wconf 93' lang='lat' dir='ltr'>et</span> <span class='ocrx_word' id='word_1_165' title='bbox 183 3103 222 3176; x_wconf 92' lang='lat' dir='ltr'>in</span> <span class='ocrx_word' id='word_1_166' title='bbox 240 3103 346 3200; x_wconf 85' lang='lat' dir='ltr'>aegris</span> <span class='ocrx_word' id='word_1_167' title='bbox 363 3126 458 3202; x_wconf 91' lang='lat' dir='ltr'>pene</span> <span class='ocrx_word' id='word_1_168' title='bbox 475 3106 686 3202; x_wconf 88' lang='lat' dir='ltr'>desperatis,</span> <span class='ocrx_word' id='word_1_169' title='bbox 702 3103 866 3178; x_wconf 88' lang='lat' dir='ltr'>multum</span> <span class='ocrx_word' id='word_1_170' title='bbox 882 3103 1079 3201; x_wconf 85' lang='lat' dir='ltr'>profuisse,</span> <span class='ocrx_word' id='word_1_171' title='bbox 1093 3101 1216 3177; x_wconf 84' lang='lat' dir='ltr'>idonei</span> 
     </span>
     <span class='ocr_line' id='line_1_26' title="bbox 127 3212 1217 3291; baseline 0.003 -3"><span class='ocrx_word' id='word_1_172' title='bbox 127 3223 293 3289; x_wconf 88' lang='lat' dir='ltr'>auctores</span> <span class='ocrx_word' id='word_1_173' title='bbox 306 3225 500 3289; x_wconf 87' lang='lat' dir='ltr'>testantur.</span> <span class='ocrx_word' id='word_1_174' title='bbox 549 3216 833 3291; x_wconf 85' lang='lat' dir='ltr'>Observandum</span> <span class='ocrx_word' id='word_1_175' title='bbox 851 3225 907 3290; x_wconf 86' lang='lat' dir='ltr'>cst</span> <span class='ocrx_word' id='word_1_176' title='bbox 922 3213 1078 3291; x_wconf 80' lang='lat' dir='ltr'>acidum</span> <span class='ocrx_word' id='word_1_177' title='bbox 1092 3212 1217 3291; x_wconf 79' lang='lat' dir='ltr'>corbo</span> 
     </span>
     <span class='ocr_line' id='line_1_27' title="bbox 128 3326 1217 3426; baseline 0 -26"><span class='ocrx_word' id='word_1_178' title='bbox 128 3326 252 3402; x_wconf 77' lang='lat' dir='ltr'>tticum</span> <span class='ocrx_word' id='word_1_179' title='bbox 268 3353 375 3426; x_wconf 87' lang='lat' dir='ltr'>aquae</span> <span class='ocrx_word' id='word_1_180' title='bbox 396 3329 600 3402; x_wconf 90' lang='lat' dir='ltr'>immistum</span> <span class='ocrx_word' id='word_1_181' title='bbox 619 3352 694 3403; x_wconf 90' lang='lat' dir='ltr'>non</span> <span class='ocrx_word' id='word_1_182' title='bbox 713 3327 826 3402; x_wconf 91' lang='lat' dir='ltr'>modo</span> <span class='ocrx_word' id='word_1_183' title='bbox 840 3328 918 3402; x_wconf 92' lang='lat' dir='ltr'>vim</span> <span class='ocrx_word' id='word_1_184' title='bbox 936 3326 1139 3404; x_wconf 76' lang='lat' dir='ltr'>chemicam</span> <span class='ocrx_word' id='word_1_185' title='bbox 1154 3351 1217 3402; x_wconf 77' lang='lat' dir='ltr'>on·</span> 
     </span>
     <span class='ocr_line' id='line_1_28' title="bbox 130 3436 1217 3540; baseline 0.006 -31"><span class='ocrx_word' id='word_1_186' title='bbox 130 3436 336 3536; x_wconf 84' lang='lat' dir='ltr'>tisepticom</span> <span class='ocrx_word' id='word_1_187' title='bbox 352 3439 494 3525; x_wconf 88' lang='lat' dir='ltr'>habere,</span> <span class='ocrx_word' id='word_1_188' title='bbox 520 3441 583 3513; x_wconf 90' lang='lat' dir='ltr'>sed</span> <span class='ocrx_word' id='word_1_189' title='bbox 600 3465 736 3540; x_wconf 87' lang='lat' dir='ltr'>corpus</span> <span class='ocrx_word' id='word_1_190' title='bbox 752 3440 861 3539; x_wconf 89' lang='lat' dir='ltr'>plane</span> <span class='ocrx_word' id='word_1_191' title='bbox 876 3440 1094 3539; x_wconf 82' lang='lat' dir='ltr'>refrigerare</span> <span class='ocrx_word' id='word_1_192' title='bbox 1110 3451 1152 3515; x_wconf 92' lang='lat' dir='ltr'>et</span> <span class='ocrx_word' id='word_1_193' title='bbox 1166 3464 1217 3515; x_wconf 81' lang='lat' dir='ltr'>ro</span> 
     </span>
     <span class='ocr_line' id='line_1_29' title="bbox 127 3548 1216 3651; baseline 0.005 -30"><span class='ocrx_word' id='word_1_194' title='bbox 127 3548 263 3635; x_wconf 90' lang='lat' dir='ltr'>borare,</span> <span class='ocrx_word' id='word_1_195' title='bbox 290 3563 333 3625; x_wconf 88' lang='lat' dir='ltr'>ut</span> <span class='ocrx_word' id='word_1_196' title='bbox 349 3574 397 3625; x_wconf 83' lang='lat' dir='ltr'>ex</span> <span class='ocrx_word' id='word_1_197' title='bbox 409 3550 602 3627; x_wconf 82' lang='lat' dir='ltr'>effectibus</span> <span class='ocrx_word' id='word_1_198' title='bbox 617 3577 797 3650; x_wconf 87' lang='lat' dir='ltr'>aquarum</span> <span class='ocrx_word' id='word_1_199' title='bbox 814 3553 1051 3651; x_wconf 89' lang='lat' dir='ltr'>quarundam</span> <span class='ocrx_word' id='word_1_200' title='bbox 1071 3552 1216 3627; x_wconf 89' lang='lat' dir='ltr'>medici-</span> 
     </span>
     <span class='ocr_line' id='line_1_30' title="bbox 127 3657 1216 3750; baseline 0.006 -18"><span class='ocrx_word' id='word_1_201' title='bbox 127 3657 266 3733; x_wconf 89' lang='lat' dir='ltr'>nalium</span> <span class='ocrx_word' id='word_1_202' title='bbox 297 3664 383 3736; x_wconf 89' lang='lat' dir='ltr'>satis</span> <span class='ocrx_word' id='word_1_203' title='bbox 408 3663 645 3739; x_wconf 86' lang='lat' dir='ltr'>manifestum</span> <span class='ocrx_word' id='word_1_204' title='bbox 674 3675 740 3750; x_wconf 91' lang='lat' dir='ltr'>est,</span> <span class='ocrx_word' id='word_1_205' title='bbox 765 3675 804 3738; x_wconf 91' lang='lat' dir='ltr'>et</span> <span class='ocrx_word' id='word_1_206' title='bbox 831 3666 917 3738; x_wconf 91' lang='lat' dir='ltr'>satis</span> <span class='ocrx_word' id='word_1_207' title='bbox 932 3663 1142 3739; x_wconf 88' lang='lat' dir='ltr'>verisimile</span> <span class='ocrx_word' id='word_1_208' title='bbox 1165 3675 1216 3739; x_wconf 84' lang='lat' dir='ltr'>est</span> 
     </span>
     <span class='ocr_line' id='line_1_31' title="bbox 126 3770 1216 3875; baseline 0.004 -30"><span class='ocrx_word' id='word_1_209' title='bbox 126 3770 192 3846; x_wconf 87' lang='lat' dir='ltr'>has</span> <span class='ocrx_word' id='word_1_210' title='bbox 208 3797 358 3871; x_wconf 88' lang='lat' dir='ltr'>quoque</span> <span class='ocrx_word' id='word_1_211' title='bbox 374 3777 470 3851; x_wconf 89' lang='lat' dir='ltr'>vires</span> <span class='ocrx_word' id='word_1_212' title='bbox 486 3777 526 3850; x_wconf 91' lang='lat' dir='ltr'>in</span> <span class='ocrx_word' id='word_1_213' title='bbox 542 3777 651 3850; x_wconf 88' lang='lat' dir='ltr'>variis</span> <span class='ocrx_word' id='word_1_214' title='bbox 673 3776 821 3875; x_wconf 88' lang='lat' dir='ltr'>morbis,</span> <span class='ocrx_word' id='word_1_215' title='bbox 846 3775 913 3874; x_wconf 91' lang='lat' dir='ltr'>qui</span> <span class='ocrx_word' id='word_1_216' title='bbox 930 3773 1051 3875; x_wconf 87' lang='lat' dir='ltr'>vulgo</span> <span class='ocrx_word' id='word_1_217' title='bbox 1075 3774 1216 3875; x_wconf 81' lang='lat' dir='ltr'>putridi</span> 
     </span>
     <span class='ocr_line' id='line_1_32' title="bbox 126 3881 685 3973; baseline 0.013 -16"><span class='ocrx_word' id='word_1_218' title='bbox 126 3881 313 3973; x_wconf 86' lang='lat' dir='ltr'>dicuntur,</span> <span class='ocrx_word' id='word_1_219' title='bbox 338 3909 413 3963; x_wconf 91' lang='lat' dir='ltr'>non</span> <span class='ocrx_word' id='word_1_220' title='bbox 431 3888 580 3965; x_wconf 87' lang='lat' dir='ltr'>inutiles</span> <span class='ocrx_word' id='word_1_221' title='bbox 597 3912 685 3964; x_wconf 87' lang='lat' dir='ltr'>esse.</span> 
     </span>
    </p>

    <p class='ocr_par' dir='ltr' id='par_1_7' title="bbox 124 3999 1216 4322">
     <span class='ocr_line' id='line_1_33' title="bbox 176 3999 1216 4084; baseline 0.004 -12"><span class='ocrx_word' id='word_1_222' title='bbox 176 4018 396 4073; x_wconf 79' lang='lat' dir='ltr'>Mcccmv.</span> <span class='ocrx_word' id='word_1_223' title='bbox 414 3999 508 4073; x_wconf 88' lang='lat' dir='ltr'>Post</span> <span class='ocrx_word' id='word_1_224' title='bbox 521 4000 599 4075; x_wconf 88' lang='lat' dir='ltr'>haec</span> <span class='ocrx_word' id='word_1_225' title='bbox 608 4024 815 4075; x_wconf 76' lang='lat' dir='ltr'>enumerari</span> <span class='ocrx_word' id='word_1_226' title='bbox 804 4001 966 4075; x_wconf 88' lang='lat' dir='ltr'>debent</span> <span class='ocrx_word' id='word_1_227' title='bbox 978 3999 1216 4084; x_wconf 76' lang='lat' dir='ltr'>varraocsdu</span> 
     </span>
     <span class='ocr_line' id='line_1_34' title="bbox 125 4110 1216 4211; baseline 0.005 -31"><span class='ocrx_word' id='word_1_228' title='bbox 125 4130 213 4181; x_wconf 90' lang='lat' dir='ltr'>cum</span> <span class='ocrx_word' id='word_1_229' title='bbox 229 4111 365 4197; x_wconf 89' lang='lat' dir='ltr'>nativa,</span> <span class='ocrx_word' id='word_1_230' title='bbox 390 4110 508 4184; x_wconf 85' lang='lat' dir='ltr'>veluti</span> <span class='ocrx_word' id='word_1_231' title='bbox 537 4137 668 4188; x_wconf 89' lang='lat' dir='ltr'>succus</span> <span class='ocrx_word' id='word_1_232' title='bbox 694 4114 776 4188; x_wconf 88' lang='lat' dir='ltr'>citri</span> <span class='ocrx_word' id='word_1_233' title='bbox 802 4114 958 4188; x_wconf 79' lang='lat' dir='ltr'>medicoe</span> <span class='ocrx_word' id='word_1_234' title='bbox 979 4111 1216 4211; x_wconf 84' lang='lat' dir='ltr'>aliorumque</span> 
     </span>
     <span class='ocr_line' id='line_1_35' title="bbox 124 4218 1215 4322; baseline 0.013 -33"><span class='ocrx_word' id='word_1_235' title='bbox 124 4218 338 4309; x_wconf 77' lang='lat' dir='ltr'>fructuum3</span> <span class='ocrx_word' id='word_1_236' title='bbox 362 4231 442 4298; x_wconf 88' lang='lat' dir='ltr'>tum</span> <span class='ocrx_word' id='word_1_237' title='bbox 462 4247 612 4322; x_wconf 88' lang='lat' dir='ltr'>quoque</span> <span class='ocrx_word' id='word_1_238' title='bbox 623 4234 702 4300; x_wconf 83' lang='lat' dir='ltr'>arte</span> <span class='ocrx_word' id='word_1_239' title='bbox 714 4225 818 4314; x_wconf 83' lang='lat' dir='ltr'>sacta,</span> <span class='ocrx_word' id='word_1_240' title='bbox 836 4224 955 4300; x_wconf 90' lang='lat' dir='ltr'>veluti</span> <span class='ocrx_word' id='word_1_241' title='bbox 970 4223 1128 4302; x_wconf 69' lang='grc' dir='ltr'><strong><em>αείιίαηι</em></strong></span> <span class='ocrx_word' id='word_1_242' title='bbox 1140 4248 1215 4303; x_wconf 76' lang='lat' dir='ltr'>ace·</span> 
     </span>
    </p>
   </div>
   <div class='ocr_carea' id='block_1_5' title="bbox 0 0 1352 4792">
    <p class='ocr_par' dir='ltr' id='par_1_8' title="bbox 0 0 1352 4792">
     <span class='ocr_line' id='line_1_36' title="bbox 0 0 1352 4792; baseline 0 0"><span class='ocrx_word' id='word_1_243' title='bbox 0 0 1352 4792; x_wconf 95' lang='lat' dir='ltr'> </span> 
     </span>
    </p>
   </div>
  </div>
 </body>
</html>
