2678 4794
109 393 198 450 oar.
216 393 288 446 xx.
407 387 627 445 nnmerum
646 389 934 445 rnnonnncm.
999 367 1012 378 “
1118 382 1190 459 219
1253 421 1295 465 4

107 580 147 646 et
175 565 425 644 ventriculum
456 590 685 641 consensum.
736 566 924 665 Denique,
955 577 1096 643 retenta
1125 570 1190 647 diu

107 681 261 758 materia
277 688 519 778 putrescente,
544 676 603 751 vel
616 679 729 751 noxia
744 677 885 764 saltem,
903 703 988 776 quae
1004 680 1191 757 debuisset

107 793 264 879 excerni,
282 792 384 865 haud
400 790 566 864 absimile
590 798 655 878 est,
681 800 799 865 totam
815 815 972 865 massam
989 791 1192 868 humorum

107 905 282 1006 paulatim
301 905 518 1001 corruptum
536 902 592 975 iri.
1094 987 1098 993 ι

153 1039 358 1093 nccxxxr.
385 1015 517 1090 Subito
541 1023 666 1088 autem
693 1038 907 1112 suppressus
932 1015 1043 1090 sudor
1073 1018 1191 1116 magis

107 1129 226 1205 adhuc
251 1139 290 1203 et
315 1129 425 1203 citius
449 1138 580 1213 nocet;
606 1150 681 1200 non
707 1126 821 1199 modo
844 1137 994 1225 propter
1010 1139 1191 1203 retentam

107 1243 297 1317 materiam
314 1264 428 1339 quam
446 1249 631 1338 oporteret
653 1237 832 1324 exhalare,
858 1238 921 1311 sed
947 1250 1096 1338 propter
1122 1240 1192 1314 hu·

107 1377 241 1439 mores,
266 1353 313 1426 ad
336 1352 563 1451 superficiem
590 1349 749 1448 corporis
774 1348 886 1423 libere
909 1347 1077 1439 fluentes,
1103 1353 1192 1426 inde

107 1462 248 1563 pulsos,
276 1472 314 1537 et
328 1464 367 1537 in
384 1463 471 1537 alias
487 1474 607 1561 partes
623 1462 790 1548 directos,
809 1459 928 1537 valida
944 1464 1192 1538 contractione

108 1573 172 1648 vel
186 1599 330 1675 spasmo
347 1576 439 1650 vasis
456 1575 611 1649 minutis
628 1574 724 1649 cutis
752 1573 923 1649 inductis.
974 1574 1079 1651 Hinc
1096 1601 1192 1675 saepe

107 1685 233 1774 febres,
250 1686 569 1772 inflammationes,
586 1686 839 1785 congestiones
856 1687 1045 1785 sanguinis
1062 1689 1191 1761 abnor-

107 1821 192 1886 mes,
219 1800 408 1898 sanguinis
425 1797 618 1896 profluvia,
643 1799 797 1897 aliaeque
815 1799 1052 1885 excretiones,
1077 1799 1192 1874 urinae

107 1919 143 1984 et
158 1909 232 1984 alvi
249 1911 443 2009 imprimis,
460 1921 578 1985 auctae
595 1922 633 1985 et
650 1912 799 1986 vitiatae.

154 2043 363 2097 nccxxxn.
406 2021 606 2096 Exhalatio
640 2032 679 2097 et
716 2024 828 2097 sudor
865 2048 960 2123 saepe
996 2033 1034 2097 et
1064 2024 1194 2098 'subito

107 2135 409 2234 supprimuntur:
445 2134 624 2232 imprimis
649 2159 671 2207 a
695 2134 828 2233 frigore
853 2137 995 2234 corpori
1021 2136 1192 2210 aestuanti

107 2245 265 2334 admoto,
289 2244 351 2318 vel
375 2245 564 2319 interdum
589 2270 610 2318 a
635 2246 810 2344 gravibus
836 2248 951 2321 animi
989 2248 1191 2330 affectibus,

107 2358 317 2455 morbisque
332 2381 564 2456 spasmorom
574 2358 728 2457 generis,
746 2357 864 2431 veluti
877 2357 1055 2455 hysteria.
1099 2359 1193 2454 Sup-

107 2469 321 2569 primuntur
345 2494 496 2567 quoque
521 2469 769 2551 contractione
793 2468 926 2566 aliqua,
963 2478 1006 2541 ut
1032 2469 1193 2552 videtur,
1263 2487 1264 2490 ’

107 2580 262 2656 minutis
278 2582 374 2654 vasis
390 2582 485 2655 cutis
511 2579 662 2654 inducta
679 2581 794 2654 causis
812 2580 1045 2678 quibusdam,
1074 2577 1194 2652 veluti

107 2715 188 2790 quae
201 2691 332 2779 febres,
357 2704 443 2766 tum
464 2692 754 2766 intermittentes
780 2701 862 2765 tum
882 2693 1084 2779 continuas,
1109 2690 1193 2764 faci-

107 2816 182 2893 unt,
198 2829 359 2903 quarum
377 2805 471 2878 ratio
489 2828 622 2903 parum
640 2803 817 2876 hactenus
836 2802 1025 2876 intellecta
1040 2813 1106 2877 est.

151 2938 381 2992 nccxxxm.
408 2916 530 2990 Urina
546 2939 698 3014 quoque
715 2939 812 3014 saepe
828 2915 938 2988 nimis
968 2916 1111 3013 copiosa
1127 2927 1193 3014 est,

109 3051 199 3126 saepe
216 3028 412 3114 diminuta,
431 3028 491 3101 vel
508 3051 708 3126 suppressa,
729 3026 787 3101 vel
806 3035 953 3126 aegreet
969 3027 1195 3102 cumdolore
1291 3068 1300 3084 ·

108 3138 261 3226 reddita,
284 3140 473 3213 interdum
499 3140 611 3213 etiam
638 3138 802 3214 multum
829 3140 967 3214 vitiata.
1025 3140 1195 3214 Plurima

108 3249 273 3324 redditur
289 3252 379 3325 citra
395 3252 567 3326 morbum
600 3250 717 3324 multo
735 3251 892 3325 humore
916 3252 1021 3325 tenui
1047 3253 1194 3350 sangui·

109 3382 193 3435 nem
212 3361 388 3451 diluente,
406 3374 471 3438 aut
488 3363 650 3461 plurimo
666 3363 738 3437 sale
754 3363 915 3437 eundem
935 3363 1131 3450 inficiente,
1154 3372 1194 3438 et

109 3474 280 3548 acriorem
306 3474 415 3549 solito
439 3475 627 3562 reddente,
661 3473 721 3547 vel
746 3475 963 3549 humoribus
989 3501 1010 3548 a
1036 3477 1193 3574 corporis

110 3584 297 3684 superficie
314 3585 440 3684 pulsis,
457 3597 495 3660 et
512 3588 551 3659 in
568 3597 689 3684 partes
706 3586 868 3661 internas
881 3587 1003 3660 versis.
1054 3588 1194 3687 Ingens

110 3717 198 3796 sepe
216 3697 335 3771 urinae
352 3697 578 3796 profluvium
596 3699 714 3772 oritur
730 3700 776 3771 ab
796 3699 867 3773 acri
886 3701 1017 3796 quovis
1045 3702 1193 3798 sangui-

110 3825 187 3883 nem
206 3809 407 3896 inficiente,
430 3822 468 3883 et
485 3810 532 3883 ad
549 3834 652 3883 renes
668 3808 801 3897 delato,
819 3811 990 3908 ipsosque
1008 3812 1194 3911 irritante;

112 3919 224 3995 radice
243 3920 364 3994 Scillae
376 3922 581 4008 maritimae,
607 3933 672 3996 aut
693 3918 851 3997 Colchici
866 3923 1101 4008 autumnalis,
1128 3928 1192 3999 &c

114 4025 209 4131 Scope
225 4033 339 4104 etiam
357 4057 378 4103 a
394 4057 549 4131 spasmo,
581 4043 625 4106 ut
642 4033 801 4121 videtur,
826 4059 993 4109 vasorum
1013 4060 1098 4132 quae
1114 4059 1193 4108 san-

113 4143 259 4237 guinem
279 4143 327 4217 ad
345 4168 447 4218 renes
464 4145 621 4235 vehunt,
640 4146 718 4220 sive
734 4146 781 4220 ab
797 4147 961 4245 ipsorum
980 4147 1194 4227 irritatione,

116 4253 224 4344 ueluti
251 4281 273 4330 a
300 4255 449 4344 calculo,
475 4258 552 4332 sive
576 4285 597 4333 a
622 4282 801 4338 consensu
817 4283 905 4335 cum
921 4256 1000 4331 aliis
1016 4254 1196 4354 partibus,
1269 4356 1277 4382 ,
