2678 4794
131 372 217 426 car.
234 371 354 427 xrur.
407 365 626 424 uramenta
646 369 931 425 rusouarrcra.
1128 359 1201 427 588

127 551 321 635 studiosus,
339 570 474 622 nomen
491 546 640 644 aliquod
657 557 696 620 et
712 571 889 645 magnum
902 545 1196 623 emolumentum

127 662 275 735 sibimet
303 661 543 759 comparabat,
569 659 685 757 palam
716 659 895 758 professus
925 684 962 733 se
991 659 1197 733 remedium

125 784 297 847 arcanum
314 774 506 872 possidere,
533 774 632 868 quod
650 771 841 859 calculum,
866 775 1036 870 quamvis
1057 775 1196 846 invete-

125 897 257 973 ratum,
277 886 419 982 diuque
436 886 475 956 in
494 886 609 957 vesica
625 896 904 972 commoratum,
921 886 1025 959 facile
1040 896 1078 960 et
1095 887 1196 985 peni-

126 1007 186 1069 tus
204 1000 472 1072 comminueret
489 1006 602 1094 atquc
618 998 826 1095 expelleret,
845 999 1113 1098 quodquesine
1130 999 1196 1072 sas-

125 1109 219 1180 tidio
235 1135 256 1181 a
273 1108 541 1182 delicatioribus
554 1109 665 1181 etiam
683 1112 817 1183 assumi
834 1122 965 1209 posset,
982 1122 1019 1184 et
1035 1111 1101 1185 diu
1119 1111 1197 1183 sine

125 1220 357 1294 incommodo
369 1230 434 1295 aut
447 1220 609 1319 periculo
621 1221 837 1308 continuari,
855 1247 966 1320 seque
978 1222 1071 1295 nihil
1082 1223 1199 1320 magis

125 1356 269 1431 cupere,
286 1358 399 1431 quam
417 1357 533 1430 aegros
550 1357 633 1405 suos
645 1355 731 1404 eum
746 1332 796 1405 sic
808 1356 883 1404 esse
893 1343 1199 1419 remuneraturos,

127 1456 172 1517 ut
188 1470 209 1517 a
226 1446 306 1519 diro
324 1470 400 1542 quo
422 1445 524 1541 prius
548 1443 798 1516 laboraverant
827 1443 924 1516 malo
951 1469 1017 1542 per
1045 1445 1200 1519 medica·

75 1576 76 1581 ’
127 1567 252 1630 menta
269 1557 348 1654 ejus
364 1557 519 1631 fuissent
535 1555 687 1628 liberati.
751 1642 754 1650 ,

178 1693 361 1743 uincitur.
388 1668 617 1743 Remedium
635 1691 745 1741 suum
775 1668 880 1740 adeo·
887 1667 1079 1765 jactatum,
1104 1667 1202 1743 locu·

127 1782 286 1880 pletibus
304 1782 387 1856 solis
404 1781 733 1865 accommodatum,
759 1779 980 1877 pauperibus
997 1778 1139 1866 inutile,
1164 1790 1204 1853 et

128 1895 223 1965 tanti
240 1903 418 1978 constans,
436 1902 571 1965 utnon
589 1893 659 1963 nisi
677 1916 814 1988 magno
830 1892 949 1989 pretio
965 1892 1204 1966 vendendum

129 2013 233 2087 esset,
250 2002 447 2098 diligenter
463 2012 501 2072 et
517 2005 656 2073 curiose
673 2003 822 2089 celabat,
850 2003 928 2077 aliis
951 2006 1128 2078 nimirum
1144 2004 1205 2078 ad-

129 2114 248 2188 mistis
266 2112 541 2186 medicamentis
554 2115 812 2208 quaescnsibus
829 2115 1069 2209 imponerent,
1087 2115 1205 2188 omni-

130 2227 274 2325 busque
297 2225 382 2322 jure
407 2223 568 2296 vitulino
593 2221 731 2309 dilutis,
756 2245 805 2292 ne
834 2224 971 2294 sincera
1000 2226 1206 2320 dispensata

131 2339 195 2412 tali
212 2336 488 2435 investigationi
505 2332 667 2431 subjecta
694 2342 815 2406 essent
831 2332 949 2431 qualis
965 2357 1138 2407 arcanum
1155 2337 1206 2411 fa·

129 2450 199 2523 cile
216 2450 424 2523 detexisset.

182 2585 356 2636 srnxnvr.
396 2563 508 2636 Brevi
546 2572 672 2636 autem
708 2559 810 2657 quod
843 2559 1032 2632 metuebat
1065 2559 1207 2648 accidit,

131 2684 235 2748 tauta
249 2676 329 2773 ejus
346 2700 432 2750 cura
448 2699 580 2774 parum
597 2674 752 2759 valente,
771 2681 809 2744 et
818 2670 935 2770 planis
945 2671 1208 2769 experimentis

132 2798 365 2885 compertum
382 2799 447 2875 est,
465 2788 667 2886 pretiosum
682 2784 773 2858 illud
787 2784 991 2856 remedium
1005 2781 1097 2855 nibil
1108 2782 1209 2856 aliud

132 2923 210 2972 esse
225 2909 356 2997 praeter
372 2898 484 2974 alcala‘
501 2900 713 2983 causticam,
739 2920 860 2994 prore
877 2905 962 2969 nata
977 2919 1077 2969 nunc
1095 2894 1209 2998 magis

132 3035 233 3084 nunc
250 3012 374 3085 minus
392 3012 567 3086 dilutum.

184 3145 397 3198 uncxnvu.
424 3124 512 3198 Hoc
527 3125 644 3222 igitur
660 3122 877 3208 remedium,
904 3123 1071 3218 quamvis
1098 3121 1209 3195 tantis

135 3232 305 3306 laudibus
329 3237 478 3332 quantis
495 3236 562 3308 diu
579 3233 811 3310 cumulatum
842 3246 919 3306 erat
948 3234 1102 3305 minime
1131 3233 1211 3329 dig-

136 3369 239 3430 num,
266 3355 389 3419 tamen
407 3348 505 3444 apud
522 3348 683 3421 medicos
700 3373 765 3445 per
781 3348 921 3443 aliquot
932 3345 1008 3442 jam
1026 3367 1140 3416 annos
1157 3365 1210 3414 re-

136 3467 288 3554 ceptum
317 3466 384 3544 est,
409 3470 448 3530 et
475 3458 686 3555 frequenter
714 3458 932 3543 adhibitum,
956 3467 996 3530 et
1023 3455 1214 3528 interdum

137 3567 323 3642 calculosis
352 3567 530 3666 profuisse
546 3570 667 3643 visum
686 3581 760 3655 est;
786 3579 825 3643 et
841 3569 984 3668 saponis
1000 3567 1121 3641 locum
1140 3565 1215 3639 fere

137 3680 298 3778 penitus,
317 3690 355 3753 et
371 3705 478 3778 aquae
494 3679 599 3755 calcis
616 3680 738 3755 locum
756 3706 890 3778 magna
907 3706 954 3753 ex
970 3690 1084 3779 parte,
1101 3678 1141 3749 in
1158 3676 1214 3748 his

138 3793 285 3879 morbis,
310 3816 385 3866 non
412 3793 599 3865 immerito
627 3795 831 3891 occupavit.
892 3794 1028 3891 Neque
1051 3786 1216 3862 multum

140 3926 259 4000 nuper
275 3905 314 3977 in
332 3928 376 3978 eo
402 3905 564 4003 parando
590 3920 655 3979 aut
681 3904 889 3978 adhibendo
916 3905 1121 4003 profectum
1148 3909 1215 3984 est,

141 4024 384 4114 praeterquam
399 4017 501 4115 quod
511 4016 658 4091 chemici
670 4019 845 4091 rationem
858 4018 1022 4099 docuere,
1037 4027 1110 4111 qua
1123 4011 1217 4106 ejus-

139 4126 229 4198 dem
258 4129 314 4202 vis
343 4140 381 4203 et
411 4130 590 4216 efficaciae,
615 4139 654 4202 et
683 4154 796 4226 quam
828 4130 990 4202 maxime
1019 4124 1221 4198 causticam

142 4261 288 4338 semper
305 4239 380 4330 liat,
405 4243 452 4318 ad
480 4242 707 4318 medicorum
735 4241 938 4329 arbitrium,
963 4238 1222 4336 variorumque
