2678 4794
170 291 244 372 276
586 299 838 361 consrncrns
1039 295 1257 358 canmt

168 486 235 563 bis
285 482 487 560 Rarissima
502 479 698 556 bominum
726 474 897 576 exempla
913 474 981 574 qui
1007 484 1161 552 centurn
1192 460 1258 555 anss

168 622 237 673 nos
269 596 551 698 compleverint:
577 601 617 668 et
640 591 708 666 vix
738 614 858 666 unum
891 588 1097 664 alterumve
1130 614 1259 669 excru-

168 711 276 812 plum
292 712 590 810 humana-potest
605 704 781 786 memoria
797 701 976 778 recordari
991 703 1081 778 vitae
1096 701 1146 776 ad
1169 725 1256 780 ceu·

168 832 252 900 tum
269 832 307 899 ct
322 821 593 922 quinquaginta
608 842 725 894 annos
740 823 949 916 protractae.

217 957 431 1012 ncccxcrx.
456 930 640 1013 Nonnulli
662 925 919 1006 diutumitatis
935 925 1025 1000 vitae
1041 925 1252 1028 proerogati-

167 1072 254 1123 vam
270 1047 412 1145 abipsa
434 1053 577 1133 natura,
606 1051 646 1118 et
660 1043 782 1142 prima
810 1049 849 1114 et
872 1037 1255 1140 congenitecorporis

166 1158 412 1248 fabricatione,
438 1157 598 1244 habent;
623 1155 760 1232 scilicet
783 1176 870 1254 quae
893 1176 990 1252 saepe
1022 1151 1254 1228 haereditaria

164 1279 232 1359 est,
248 1271 343 1347 etin
359 1270 584 1370 quibusdam
600 1266 833 1343 familiisfere
850 1274 1029 1340 constans.
1079 1263 1175 1354 Alii,
1191 1287 1252 1355 na·

166 1390 249 1457 tura
273 1382 411 1459 debiles
434 1394 474 1457 et
498 1382 669 1469 morbosi,
694 1379 755 1455 vel
778 1376 1073 1478 intemperantia,
1098 1387 1140 1453 et
1163 1377 1253 1454 vite

164 1518 299 1594 genere
314 1520 447 1596 parurn
462 1495 607 1580 idoneo,
624 1493 740 1581 fracti
757 1498 937 1591 perpetua
953 1513 1051 1576 cura,
1080 1498 1122 1565 et
1136 1489 1252 1567 solici-

165 1607 307 1696 tudine,
324 1614 364 1682 et
379 1605 631 1705 temperantia,
649 1628 745 1702 saepe
760 1600 895 1680 novam
911 1612 950 1676 et
962 1601 1153 1678 meliorem
1165 1626 1250 1679 con·

165 1720 399 1794 stitutionem
416 1717 574 1818 corporis
590 1716 740 1791 sibimet
762 1723 1035 1813 compararunt,
1063 1726 1104 1790 et
1129 1715 1247 1790 vitam

164 1829 263 1905 ultra
286 1831 411 1906 solitos
434 1829 570 1904 limites
606 1827 796 1901 interdum
821 1837 1103 1924 protraxerunt:
1138 1825 1248 1925 cujus

160 1943 217 2014 rei
245 1935 428 2017 eximium
460 1940 631 2016 cornero
663 1939 880 2039 exemplum
909 1950 949 2014 et
979 1939 1248 2016 documentum

161 2061 295 2126 exstat

218 2186 358 2239 ncecc.
387 2163 500 2238 Mens
516 2187 668 2262 quoque
684 2161 778 2253 laeta,
807 2173 847 2239 et
862 2164 956 2239 bene
971 2172 1077 2252 recta,
1103 2173 1144 2237 et
1172 2187 1250 2241 mc·

163 2274 253 2351 dicis
270 2285 310 2349 et
324 2278 439 2376 gratis
455 2276 647 2352 affectibus
675 2275 807 2352 leniter
823 2277 992 2365 excitata,
1017 2299 1145 2374 neque
1172 2287 1249 2353 stu·

162 2386 233 2462 diis
248 2388 523 2479 intensioribus,
539 2414 661 2491 neque
676 2389 851 2488 gravibus
866 2389 973 2476 curis,
990 2411 1114 2488 neque
1140 2390 1247 2464 mise-

162 2501 211 2575 ris
228 2500 464 2592 tumultibus,
481 2501 644 2590 lacerata,
661 2503 709 2577 ad
725 2503 815 2579 vitae
831 2501 1118 2577 diuturnitatem
1147 2501 1248 2578 haud

165 2632 300 2712 parum
316 2615 479 2690 conferre
494 2617 654 2691 videtur.

210 2739 367 2803 necem.
393 2727 576 2814 Quamvis
600 2752 676 2802 non
693 2728 741 2803 sit
757 2724 928 2802 credibile
943 2727 1155 2803 remedium
1178 2751 1244 2804 un·

158 2841 272 2933 'quam
288 2848 477 2935 repertum
494 2839 539 2913 iri
564 2840 666 2939 quod
688 2840 928 2937 juventutem
946 2841 1170 2939 praeteritam
1188 2863 1241 2914 rc-

160 2947 356 3034 vocaverit,
391 2957 515 3023 tamen
545 2951 630 3024 satis
654 2949 852 3024 verisimile
876 2952 1035 3039 videtur,
1071 2953 1241 3051 quaedam

159 3055 321 3131 remedia
344 3059 525 3133 senectuti
541 3083 687 3153 moram,
698 3059 828 3136 afferre
843 3088 959 3162 posse,
976 3064 1134 3164 ejusque
1150 3061 1243 3141 mala

159 3165 359 3257 sublevare,
383 3176 424 3243 et
439 3170 553 3245 vitam
584 3171 790 3247 suaviorem
814 3175 978 3264 redden,
1004 3185 1044 3250 et
1072 3173 1244 3255 nonnihil

158 3279 279 3357 forsan
305 3280 537 3382 protrahere3
565 3284 709 3358 victum
736 3283 873 3362 scilicet
899 3289 985 3363 satis
1010 3289 1244 3367 nutrientem

157 3400 197 3465 et
224 3404 402 3471 concocta
431 3393 585 3484 facilem,
615 3396 915 3485 exercitationem
948 3400 1147 3491 modicam,
1180 3402 1242 3479 ali·

157 3513 346 3601 quantum
371 3516 482 3606 potus
507 3509 684 3608 generosi,
710 3521 749 3586 et
774 3513 937 3588 remedia
952 3513 1132 3590 nonnulla
1157 3538 1243 3615 qnoe

156 3611 285 3689 laxant
312 3641 455 3719 corpus,
480 3627 561 3696 aera
586 3621 767 3722 imprimis
796 3625 969 3715 calidum,
999 3638 1038 3701 et
1064 3627 1243 3703 balneum

155 3724 365 3827 aliquando.
414 3729 648 3832 Hujusmcdi
663 3736 785 3813 victus
813 3749 852 3814 et
868 3740 957 3825 vitm
971 3762 1092 3842 genus
1108 3742 1241 3840 corput

155 3841 287 3930 nutrit,
311 3850 351 3917 et
366 3865 443 3918 non
458 3856 596 3936 onerat,
615 3871 743 3949 genus
758 3873 958 3928 nemorum
980 3862 1087 3950 grate
1102 3851 1260 3929 excitat-

154 3946 306 4055 alitquc,
321 3957 511 4056 sanguinis
527 3970 672 4036 motum
684 3961 763 4061 jam
780 3961 1020 4063 languentem
1039 3965 1162 4065 juvat,
1186 3986 1241 4038 se·

153 4064 332 4147 medones
346 4079 554 4169 promovet,
570 4081 608 4147 et
623 4097 750 4149 omnes
767 4074 898 4159 solidas
913 4087 1034 4175 partes
1044 4079 1241 4170 molliores.

152 4172 425 4274 etmobilicres,
441 4192 481 4260 et
496 4184 615 4284 magis
630 4186 839 4278 sentences,
855 4187 989 4266 reddit.
1245 4178 1252 4195 ⁴
