2678 4794
134 315 207 387 548
547 316 799 376 oonsrucrus
1044 316 1225 375 saxu.

138 507 282 582 tionem
307 511 345 576 et
370 499 527 575 tolerant
551 507 590 571 et
611 496 720 596 plane
747 491 953 592 requirunt,
977 515 1068 568 oum
1096 496 1227 571 minus

139 616 303 702 assuetis,
328 613 498 713 quamvis
526 608 707 685 similibus
723 605 860 680 morbis
875 604 1144 696 laborantibus,
1169 609 1225 682 in.

140 727 244 803 utilis
260 750 418 827 prorsus,
443 722 503 798 vel
519 721 719 796 admodum
736 717 936 818 pernicioso
951 716 1058 792 foret.

191 861 381 914 Mnuxxv.
408 838 546 936 Ingens
561 843 688 909 autem
704 843 744 906 et
759 832 883 906 subita
898 831 1092 930 sanguinis
1102 831 1224 931 jactu-

139 975 179 1025 ra
195 950 367 1025 omnibus
384 948 486 1023 brevi
502 958 542 1022 et
557 945 720 1021 multum
735 953 855 1032 nooet,
877 966 947 1019 neo
961 967 1045 1017 raro
1060 956 1223 1020 mortem

139 1061 256 1138 affert.
309 1062 403 1137 Haeo
419 1060 518 1134 enim
544 1082 618 1132 non
644 1056 758 1132 modo
771 1054 957 1156 insignem
972 1056 1223 1145 debilitatem,

139 1184 180 1247 et
196 1174 428 1272 vertiginem,
453 1181 492 1245 et
508 1192 693 1258 nauseam,
717 1178 782 1245 aut
811 1169 1009 1257 vomitum,
1034 1180 1076 1243 et
1106 1172 1222 1246 animi

137 1283 382 1360 desectionem
411 1284 652 1382 (mnuxxrv),
689 1282 753 1356 sed
780 1279 1038 1356 convulsiones
1065 1304 1222 1382 quoque

136 1397 334 1494 generales,
358 1404 397 1471 et
412 1395 634 1495 plerumque
649 1392 812 1483 lethales,
835 1393 992 1470 inducit.

187 1529 388 1584 Muuxxvr.
419 1508 610 1607 Frequens
637 1505 792 1580 demum
820 1503 1012 1604 sanguinis
1039 1505 1222 1583 detractio

136 1641 203 1693 sua
220 1643 372 1719 quoque
386 1619 621 1695 incommoda
636 1627 676 1693 et
691 1616 852 1718 pericula
863 1616 984 1705 habet,
1001 1627 1041 1690 et
1053 1619 1220 1716 profecto

135 1754 216 1806 raro
233 1755 309 1808 non
325 1741 445 1820 nocet,
461 1755 611 1831 corpore
626 1730 806 1805 nimirum
821 1728 1008 1804 infirmato
1024 1740 1065 1804 et
1081 1730 1218 1806 relaxa·

137 1853 189 1931 to,
206 1843 335 1919 multis
352 1844 432 1942 ejus
446 1843 658 1917 muneribus
675 1841 779 1926 laesis,
795 1848 903 1915 motu
918 1840 1120 1938 sanguinis-
1130 1868 1218 1945 pau·

135 1951 240 2027 latim
256 1955 468 2051 languente,
495 1953 677 2051 variisque
693 1951 777 2025 ideo
801 1952 1133 2030 secretionibus-et
1157 1980 1217 2031 ex-

135 2063 369 2151 oretionibus,
393 2064 596 2162 praesertim
613 2087 680 2164 per
694 2072 832 2152 cutem,
856 2063 1056 2164 impeditis,
1080 2076 1123 2143 et
1139 2091 1215 2142 san·

134 2174 249 2272 guine
266 2176 346 2274 ipso
358 2176 513 2251 teuuiet
525 2175 663 2275 pallido
677 2177 793 2264 fuot03
818 2177 1077 2255 undevariiet
1084 2204 1215 2279 graves

132 2285 265 2374 morbi,
290 2297 329 2361 et
344 2287 525 2386 imprimis
554 2287 728 2389 hydrops,
752 2290 886 2388 purtim
902 2289 952 2364 ob
967 2288 1146 2368 humores
1160 2293 1214 2367 ni·

130 2397 205 2476 mis
219 2408 429 2475 attenuatos
444 2422 648 2498 eorumque
659 2408 808 2476 motum
824 2400 1060 2502 languidum,
1077 2406 1212 2504 partim

132 2533 286 2611 quoque
314 2513 364 2588 ob
387 2519 509 2611 partes
537 2510 669 2588 solidus
693 2512 894 2588 infinnatas
920 2524 1039 2614 atque
1066 2517 1210 2593 solutas

133 2622 239 2724 Saepe
255 2624 368 2699 etiam
394 2649 417 2699 a
444 2624 554 2700 nimis
569 2623 764 2723 frequente
779 2626 970 2725 sanguinis
984 2626 1210 2705 detractione

131 2756 264 2834 eorpus
290 2735 492 2811 admodum
519 2737 674 2812 obesum
701 2737 756 2826 fit,
791 2735 899 2836 cujus
923 2739 978 2813 rei
1002 2741 1099 2817 ratio
1123 2742 1208 2817 alibi

131 2846 229 2944 (ειν)
240 2845 322 2944 jum
337 2848 482 2924 reddita
498 2858 572 2937 est;
598 2859 637 2925 et
654 2849 754 2949 quod
769 2851 886 2949 magis
898 2849 1039 2928 mirum
1051 2853 1201 2938 ridetur,

130 2956 196 3030 sed
211 2980 288 3034 non
315 2961 441 3036 minus
456 2984 589 3038 verum
606 2970 672 3050 est,
696 2960 867 3061 liequens
892 2962 1099 3039 istiusmodi
1124 2963 1201 3038 exi·

128 3068 282 3157 nouitio,
299 3068 467 3146 homines
477 3072 656 3171 sanguine
665 3074 775 3150 nimis
790 3073 917 3174 plenos
931 3075 1077 3164 reddit,
1096 3073 1201 3174 cujus

129 3177 281 3255 forsitan
305 3181 359 3256 rei
386 3204 463 3256 non
491 3181 562 3256 alia
589 3191 645 3257 est
672 3184 776 3274 ratio,
799 3209 915 3285 quam
944 3188 1053 3288 quod
1077 3208 1206 3288 eorpus

112 3288 293 3369 -bxatum
311 3294 422 3371 simul
440 3295 576 3393 (nxnr)
593 3304 632 3370 et
647 3296 876 3374 infirmatum
891 3298 1053 3377 nimiam
1077 3299 1205 3376 bumo-

127 3423 214 3477 rum
230 3405 498 3482 abundantiam·
511 3405 653 3483 facilius
669 3411 813 3509 abripit,
836 3421 876 3486 et
903 3411 952 3486 ad
980 3437 1025 3488 ea
1052 3436 1206 3490 munus

126 3510 252 3589 minus
268 3517 377 3605 valet,
401 3517 539 3617 quibus
554 3544 575 3593 a
592 3529 698 3597 tanto
721 3531 875 3624 tamque
889 3522 1026 3603 nocivo
1040 3548 1154 3602 onere
1168 3549 1205 3602 se

127 3624 225 3699 tueri
240 3636 307 3702 aut
321 3626 475 3705 liberare
493 3629 614 3708 debet.

105 3763 108 3768 ·
134 3771 137 3779 ·
176 3757 393 3815 nmnxxvn.
419 3740 484 3816 Ex
499 3744 608 3819 variis
631 3745 822 3823 effectibus
846 3749 1039 3851 sanguinis
1067 3750 1204 3826 deme·

126 3846 237 3924 tionis
262 3849 343 3948 jam
370 3852 568 3944 (nnuxxr,
602 3866 807 3957 unuxxm)
835 3859 1036 3951 reoeusitis,
1067 3863 1204 3964 perspi·

124 3980 240 4037 ouum
254 3969 322 4052 est,-
346 3986 429 4039 eam
454 3966 496 4042 in
524 3968 627 4044 omni
643 3970 832 4072 sanguinis
846 3972 1079 4051 abundantia
1092 3976 1204 4051 inter·

123 4068 217 4144 dum
244 4074 378 4151 utilem
405 4076 493 4166 fore,
517 4088 558 4154 et
574 4104 660 4156 sune
675 4104 751 4158 non
767 4083 881 4158 modo
897 4086 938 4162 in
953 4110 1055 4179 vera,
1080 4096 1126 4166 ut
1140 4111 1203 4165 vo-

121 4192 237 4276 sotur,
249 4184 432 4288 portora,
448 4212 581 4269 verum
590 4192 704 4274 etiam
720 4195 760 4272 in
777 4196 909 4300 (uxxr)
919 4201 1073 4304 spuria,
1089 4201 1203 4304 inque
