2678 4794
120 415 192 490 168
534 426 787 483 consenesco
994 425 1197 480 emanso

174 610 468 689 nnxv.Donstat
484 629 634 703 quoque
646 627 712 703 per
728 603 922 677 innumera
938 602 1203 700 experimenta,

124 724 317 823 insignem,
339 732 377 794 et
393 718 530 793 summi
547 715 728 793 momenti
744 714 931 815 sanguinis
949 714 1062 812 ipsius
1078 724 1204 788 muta-

123 838 275 921 tionem,
291 856 356 930 per
371 831 542 930 spiritum
558 830 597 903 in
615 829 793 928 pulmone
808 828 897 902 fieri.
936 825 1005 899 Ille
1020 826 1119 900 enim
1133 850 1204 924 per

125 971 236 1022 venas
264 967 367 1017 cavas
401 944 449 1018 ab
472 944 574 1018 omni
606 950 709 1041 parte
733 941 890 1039 corporis
914 939 1043 1026 redux,
1080 937 1205 1012 colore

124 1057 316 1157 nigricans,
343 1080 408 1155 per
432 1080 494 1130 cor
510 1056 686 1130 dextrum
710 1055 751 1128 in
767 1054 961 1154 pulmones
985 1051 1203 1150 impellitur,

124 1181 172 1255 et,
188 1167 276 1243 dum
296 1169 409 1266 spirat
425 1168 571 1256 animal,
588 1192 636 1242 ex
652 1167 709 1242 his
719 1167 838 1241 laetius
853 1166 989 1240 rubens
1002 1164 1118 1264 (quod
1134 1164 1204 1237 diu

127 1291 260 1355 notum
278 1290 347 1380 est)
376 1292 416 1357 et
431 1280 536 1359 aliter
552 1291 718 1357 mutatus
742 1281 792 1354 ad
805 1304 867 1354 oor
883 1279 1071 1354 sinistrum
1095 1277 1205 1365 redit,

125 1402 164 1467 et
189 1392 259 1469 boc
288 1396 335 1468 ad
360 1420 468 1470 suum
493 1419 632 1470 munus
655 1395 769 1493 probe
785 1392 931 1467 excitat
999 1389 1206 1466 Intercluso

124 1530 212 1581 vero
229 1508 372 1606 spiritu,
389 1508 538 1606 sanguis
551 1532 616 1606 per
631 1507 825 1607 pulmones
840 1505 1072 1579 transmissus
1081 1524 1205 1602 neque

124 1644 227 1694 more
252 1620 360 1694 solito
375 1619 495 1706 rubet,
520 1643 643 1717 neque
667 1643 728 1693 eor
751 1617 941 1696 sinistrum
966 1617 1051 1692 satis
1075 1603 1206 1702 imtat,

123 1732 229 1830 cujus
240 1742 365 1807 motus
382 1732 507 1856 statim
523 1730 668 1818 fatiscit,
684 1730 786 1805 brevi
803 1731 997 1828 periturus.
1035 1730 1206 1828 Spirante

123 1843 261 1919 iterum
286 1820 461 1957 animale,
478 1843 626 1942 sanguis
642 1867 664 1916 a
678 1842 856 1941 pulmone
871 1843 918 1916 ad
942 1867 1004 1917 cor
1028 1843 1206 1918 advectus

124 1957 248 2031 denuo
264 1928 449 2046 rubescit,
461 1968 500 2032 et
515 1955 586 2031 hoc
602 1954 714 2030 simul
729 1965 875 2030 motum
893 1980 1015 2042 suum,
1031 1967 1070 2029 et
1086 1955 1205 2028 vitam

123 2068 362 2159 moribundo,
386 2069 556 2170 integrat.
606 2068 682 2144 Hae
706 2069 929 2163 mutationes
945 2067 1111 2144 cteonae
1126 2090 1206 2141 san-

124 2182 248 2281 guinis
264 2181 302 2255 in
320 2182 499 2281 pulmone
515 2205 676 2256 maxime
685 2182 845 2282 pendere
861 2181 1036 2256 videntur
1052 2180 1100 2255 ab
1114 2203 1207 2278 ocy-

120 2293 236 2394 genio
262 2284 539 2395 (quidexigua
556 2303 705 2370 tantum
720 2318 802 2393 pars
819 2304 874 2368 est
890 2294 1099 2368 communis
1115 2292 1207 2367 atris

125 2431 239 2505 quem
265 2407 399 2506 spirare
423 2408 597 2507 solemus)
622 2407 661 2480 in
686 2406 905 2505 sanguinem
930 2405 1208 2504 quodammodo

125 2528 284 2618 accepto,
300 2529 340 2594 et
356 2521 470 2620 probe
487 2545 572 2596 cum
592 2544 636 2594 eo
653 2521 837 2618 permisto.

175 2654 313 2707 anvr.
331 2632 459 2721 Porro,
476 2633 682 2708 istiusmodi
695 2631 795 2707 acidi
810 2631 996 2708 sarbonici
1011 2631 1208 2721 exhalatio,

126 2743 243 2838 qualis
273 2767 294 2816 e
322 2745 562 2842 pulmonibus
588 2745 633 2819 fit
663 2747 864 2842 (nnxvur),
902 2746 1002 2844 apud
1033 2745 1208 2822 edomitas

127 2860 270 2926 certum
287 2855 437 2951 signum
466 2855 623 2931 habetur
646 2856 863 2930 mutationis
892 2857 1083 2954 cujusdam
1109 2881 1209 2933 com·

125 2962 327 3060 positionis,
344 2965 383 3036 in
401 2989 551 3062 corpore
575 2965 676 3039 unde
693 2967 772 3065 ipsa
788 2969 913 3044 oritur.
964 2970 1019 3044 Et
1040 2972 1128 3045 satis
1145 2993 1207 3046 ve·

126 3072 278 3149 sisimile
294 3083 360 3160 est,
388 3077 606 3174 sanguinem
633 3076 738 3150 aliam
755 3082 943 3177 quandam
959 3085 1210 3158 mutationem

126 3184 319 3262 chemicam
336 3186 387 3262 ibi
417 3187 487 3263 loci
503 3189 635 3276 subire,
664 3213 708 3263 cu
706 3189 770 3289 jus
786 3194 880 3267 acidi
901 3195 1006 3269 istius
1023 3190 1229 3271 exhalatio

127 3299 275 3397 signum
295 3299 343 3375 sit
359 3311 397 3375 et
415 3300 589 3387 effectum
622 3304 825 3400 praesertim
842 3306 871 3378 si
888 3307 1056 3382 animum
1073 3309 1121 3382 ad
1138 3307 1211 3384 hoc

127 3413 372 3501 attendamus,
401 3415 576 3490 nimirum
594 3417 867 3493 nutrimentum
884 3445 994 3493 omne
1010 3421 1113 3520 prius
1142 3443 1211 3519 per

126 3520 342 3619 pulmonem
361 3528 522 3614 transire,
545 3552 658 3627 quam
676 3529 851 3627 majorem
867 3531 1210 3621 circuitumintret,

126 3658 194 3708 nec
211 3659 389 3734 unquam,
419 3640 545 3714 saltem
562 3642 602 3714 in
620 3665 706 3717 sano
722 3641 882 3730 homine,
912 3645 1069 3719 crudum
1096 3646 1137 3719 in
1162 3669 1209 3720 eo

126 3747 304 3845 sanguine
321 3754 493 3851 conspici,
520 3779 635 3852 quem
651 3779 714 3829 cor
729 3755 917 3828 sinistrum
946 3756 993 3830 ad
1017 3757 1208 3855 reliquum

126 3878 258 3957 corpus
273 3863 422 3938 miserit.
486 3866 612 3941 Cruda
639 3867 789 3941 fortasse
805 3869 984 3956 materies,
1013 3869 1133 3967 qualis
1158 3895 1209 3946 ex

125 3971 308 4076 intestinis
325 3974 498 4064 defertur,
515 3977 643 4064 oleosa,
661 3977 858 4066 subdulcis,
880 4004 1055 4068 acescens,
1072 3982 1210 4058 medioe

125 4086 230 4182 quasi
246 4095 387 4162 naturae
403 4090 500 4163 inter
511 4091 634 4188 fruges
651 4102 689 4164 et
705 4115 839 4179 carnes,
856 4092 894 4165 in
912 4092 1092 4192 pulmone
1107 4095 1209 4168 subi·

118 4201 237 4294 gitur,
254 4200 293 4275 in
311 4225 442 4276 verum
460 4204 676 4302 sanguinem
697 4203 831 4295 (eccm,
848 4214 887 4278 et
903 4212 1018 4303 seqq.)
1038 4207 1210 4293 vertitur,

124 4313 366 4415 concoquitur
378 4315 536 4415 penitus,
558 4324 731 4391 naturam
755 4315 954 4395 animalem
977 4318 1130 4393 demum
1147 4319 1205 4394 in·
