<?xml version="1.0" encoding="UTF-8"?>
<!DOCTYPE html PUBLIC "-//W3C//DTD XHTML 1.0 Transitional//EN"
    "http://www.w3.org/TR/xhtml1/DTD/xhtml1-transitional.dtd">
<html xmlns="http://www.w3.org/1999/xhtml" xml:lang="en" lang="en">
 <head>
  <title>
</title>
<meta http-equiv="Content-Type" content="text/html;charset=utf-8" />
  <meta name='ocr-system' content='tesseract 3.04.00' />
  <meta name='ocr-capabilities' content='ocr_page ocr_carea ocr_par ocr_line ocrx_word'/>
</head>
<body>
  <div class='ocr_page' id='page_1' title='image "./conspectusmedic01greggoog_0604.png"; bbox 0 0 2678 4794; ppageno 0'>
   <div class='ocr_carea' id='block_1_1' title="bbox 93 395 1169 472">
    <p class='ocr_par' dir='ltr' id='par_1_1' title="bbox 93 395 1169 472">
     <span class='ocr_line' id='line_1_1' title="bbox 93 395 1169 472; baseline -0.007 0"><span class='ocrx_word' id='word_1_1' title='bbox 93 416 179 472; x_wconf 73' lang='lat' dir='ltr'>cua.</span> <span class='ocrx_word' id='word_1_2' title='bbox 196 415 262 470; x_wconf 81' lang='lat' dir='ltr'>xn.</span> <span class='ocrx_word' id='word_1_3' title='bbox 359 408 579 466; x_wconf 73' lang='lat' dir='ltr'>uanrcuaa</span> <span class='ocrx_word' id='word_1_4' title='bbox 598 408 885 467; x_wconf 74' lang='lat' dir='ltr'>rusounmca.</span> <span class='ocrx_word' id='word_1_5' title='bbox 1096 395 1169 465; x_wconf 80' lang='lat'>555</span> 
     </span>
    </p>
   </div>
   <div class='ocr_carea' id='block_1_2' title="bbox 91 586 1237 4245">
    <p class='ocr_par' dir='ltr' id='par_1_2' title="bbox 91 586 1237 4245">
     <span class='ocr_line' id='line_1_2' title="bbox 91 586 1168 687; baseline -0.006 -20"><span class='ocrx_word' id='word_1_6' title='bbox 91 594 294 677; x_wconf 82' lang='lat' dir='ltr'>abnormes,</span> <span class='ocrx_word' id='word_1_7' title='bbox 310 588 417 677; x_wconf 76' lang='lat' dir='ltr'>fiunt,</span> <span class='ocrx_word' id='word_1_8' title='bbox 434 589 695 687; x_wconf 91' lang='lat' dir='ltr'>suspicandum</span> <span class='ocrx_word' id='word_1_9' title='bbox 712 590 782 662; x_wconf 91' lang='lat' dir='ltr'>erit</span> <span class='ocrx_word' id='word_1_10' title='bbox 798 589 961 663; x_wconf 90' lang='lat' dir='ltr'>nimium</span> <span class='ocrx_word' id='word_1_11' title='bbox 979 586 1168 687; x_wconf 80' lang='lat' dir='ltr'>sanguinis</span> 
     </span>
     <span class='ocr_line' id='line_1_3' title="bbox 91 700 1169 802; baseline -0.003 -24"><span class='ocrx_word' id='word_1_12' title='bbox 91 728 158 802; x_wconf 85' lang='lat' dir='ltr'>per</span> <span class='ocrx_word' id='word_1_13' title='bbox 175 727 284 778; x_wconf 90' lang='lat' dir='ltr'>venas</span> <span class='ocrx_word' id='word_1_14' title='bbox 295 702 373 799; x_wconf 91' lang='lat' dir='ltr'>jam</span> <span class='ocrx_word' id='word_1_15' title='bbox 390 725 467 775; x_wconf 91' lang='lat' dir='ltr'>esse</span> <span class='ocrx_word' id='word_1_16' title='bbox 492 701 708 774; x_wconf 89' lang='lat' dir='ltr'>detractum.</span> <span class='ocrx_word' id='word_1_17' title='bbox 759 701 874 788; x_wconf 85' lang='lat' dir='ltr'>Quod</span> <span class='ocrx_word' id='word_1_18' title='bbox 891 701 921 774; x_wconf 89' lang='lat' dir='ltr'>si</span> <span class='ocrx_word' id='word_1_19' title='bbox 938 701 1088 775; x_wconf 86' lang='lat' dir='ltr'><strong>morbus</strong></span> <span class='ocrx_word' id='word_1_20' title='bbox 1105 700 1169 775; x_wconf 88' lang='lat' dir='ltr'>ad·</span> 
     </span>
     <span class='ocr_line' id='line_1_4' title="bbox 94 811 1169 913; baseline 0 -27"><span class='ocrx_word' id='word_1_21' title='bbox 94 814 169 889; x_wconf 89' lang='lat' dir='ltr'>huc</span> <span class='ocrx_word' id='word_1_22' title='bbox 185 824 301 913; x_wconf 69' lang='lat' dir='ltr'>urget,</span> <span class='ocrx_word' id='word_1_23' title='bbox 318 823 357 887; x_wconf 91' lang='lat' dir='ltr'>et</span> <span class='ocrx_word' id='word_1_24' title='bbox 374 813 447 887; x_wconf 87' lang='lat' dir='ltr'>tale</span> <span class='ocrx_word' id='word_1_25' title='bbox 459 811 640 886; x_wconf 88' lang='lat' dir='ltr'>auxilium</span> <span class='ocrx_word' id='word_1_26' title='bbox 652 811 844 901; x_wconf 84' lang='lat' dir='ltr'>desiderat,</span> <span class='ocrx_word' id='word_1_27' title='bbox 863 817 1010 913; x_wconf 89' lang='lat' dir='ltr'>sanguis</span> <span class='ocrx_word' id='word_1_28' title='bbox 1026 838 1048 887; x_wconf 88' lang='lat' dir='ltr'>a</span> <span class='ocrx_word' id='word_1_29' title='bbox 1064 822 1169 912; x_wconf 88' lang='lat' dir='ltr'>parte</span> 
     </span>
     <span class='ocr_line' id='line_1_5' title="bbox 93 922 1169 1025; baseline 0.002 -27"><span class='ocrx_word' id='word_1_30' title='bbox 93 925 279 999; x_wconf 80' lang='lat' dir='ltr'>laborante</span> <span class='ocrx_word' id='word_1_31' title='bbox 295 949 361 1023; x_wconf 89' lang='lat' dir='ltr'>per</span> <span class='ocrx_word' id='word_1_32' title='bbox 377 922 565 997; x_wconf 85' lang='lat' dir='ltr'>hirudines</span> <span class='ocrx_word' id='word_1_33' title='bbox 594 924 653 996; x_wconf 92' lang='lat' dir='ltr'>vel</span> <span class='ocrx_word' id='word_1_34' title='bbox 681 925 929 1000; x_wconf 83' lang='lat' dir='ltr'><strong>cucurbitulas</strong></span> <span class='ocrx_word' id='word_1_35' title='bbox 957 936 1041 1002; x_wconf 80' lang='lat' dir='ltr'>tuto</span> <span class='ocrx_word' id='word_1_36' title='bbox 1071 947 1169 1025; x_wconf 85' lang='lat' dir='ltr'>saepe</span> 
     </span>
     <span class='ocr_line' id='line_1_6' title="bbox 91 1037 1169 1137; baseline 0.003 -28"><span class='ocrx_word' id='word_1_37' title='bbox 91 1037 234 1112; x_wconf 83' lang='lat' dir='ltr'>detrahi</span> <span class='ocrx_word' id='word_1_38' title='bbox 250 1047 372 1135; x_wconf 90' lang='lat' dir='ltr'>potest</span> <span class='ocrx_word' id='word_1_39' title='bbox 398 1038 591 1132; x_wconf 78' lang='lat' dir='ltr'>(uonxx),</span> <span class='ocrx_word' id='word_1_40' title='bbox 618 1039 785 1133; x_wconf 89' lang='lat' dir='ltr'>quamvis</span> <span class='ocrx_word' id='word_1_41' title='bbox 814 1061 945 1136; x_wconf 90' lang='lat' dir='ltr'>oorpus</span> <span class='ocrx_word' id='word_1_42' title='bbox 973 1037 1169 1137; x_wconf 82' lang='lat' dir='ltr'>largiorem</span> 
     </span>
     <span class='ocr_line' id='line_1_7' title="bbox 91 1148 1169 1247; baseline 0.001 -25"><span class='ocrx_word' id='word_1_43' title='bbox 91 1161 130 1222; x_wconf 86' lang='lat' dir='ltr'>et</span> <span class='ocrx_word' id='word_1_44' title='bbox 159 1151 276 1247; x_wconf 87' lang='lat' dir='ltr'>magis</span> <span class='ocrx_word' id='word_1_45' title='bbox 306 1148 464 1222; x_wconf 87' lang='lat' dir='ltr'>subitam</span> <span class='ocrx_word' id='word_1_46' title='bbox 495 1148 683 1246; x_wconf 82' lang='lat' dir='ltr'>sanguinis</span> <span class='ocrx_word' id='word_1_47' title='bbox 712 1148 977 1224; x_wconf 86' lang='lat' dir='ltr'>detractionem</span> <span class='ocrx_word' id='word_1_48' title='bbox 1010 1151 1169 1224; x_wconf 91' lang='lat' dir='ltr'>minime</span> 
     </span>
     <span class='ocr_line' id='line_1_8' title="bbox 92 1261 1169 1361; baseline 0.002 -27"><span class='ocrx_word' id='word_1_49' title='bbox 92 1263 166 1359; x_wconf 90' lang='lat' dir='ltr'>pati</span> <span class='ocrx_word' id='word_1_50' title='bbox 198 1262 386 1359; x_wconf 86' lang='lat' dir='ltr'>potuisset.</span> <span class='ocrx_word' id='word_1_51' title='bbox 437 1261 533 1334; x_wconf 90' lang='lat' dir='ltr'>Haec</span> <span class='ocrx_word' id='word_1_52' title='bbox 549 1284 636 1333; x_wconf 88' lang='lat' dir='ltr'>vero</span> <span class='ocrx_word' id='word_1_53' title='bbox 653 1283 727 1333; x_wconf 93' lang='lat' dir='ltr'>non</span> <span class='ocrx_word' id='word_1_54' title='bbox 744 1261 797 1332; x_wconf 89' lang='lat' dir='ltr'>ita</span> <span class='ocrx_word' id='word_1_55' title='bbox 812 1261 1053 1361; x_wconf 84' lang='lat' dir='ltr'>intelligenda</span> <span class='ocrx_word' id='word_1_56' title='bbox 1069 1275 1169 1349; x_wconf 86' lang='lat' dir='ltr'>sunt,</span> 
     </span>
     <span class='ocr_line' id='line_1_9' title="bbox 95 1372 1176 1472; baseline 0.003 -26"><span class='ocrx_word' id='word_1_57' title='bbox 95 1374 200 1470; x_wconf 92' lang='lat' dir='ltr'>quasi</span> <span class='ocrx_word' id='word_1_58' title='bbox 216 1373 263 1447; x_wconf 91' lang='lat' dir='ltr'>ab</span> <span class='ocrx_word' id='word_1_59' title='bbox 284 1372 396 1446; x_wconf 88' lang='lat' dir='ltr'>altera</span> <span class='ocrx_word' id='word_1_60' title='bbox 424 1372 613 1471; x_wconf 85' lang='lat' dir='ltr'>sanguinis</span> <span class='ocrx_word' id='word_1_61' title='bbox 643 1373 867 1446; x_wconf 89' lang='lat' dir='ltr'>detractione</span> <span class='ocrx_word' id='word_1_62' title='bbox 893 1398 1036 1472; x_wconf 87' lang='lat' dir='ltr'>semper</span> <span class='ocrx_word' id='word_1_63' title='bbox 1061 1375 1176 1449; x_wconf 86' lang='lat' dir='ltr'>absti-</span> 
     </span>
     <span class='ocr_line' id='line_1_10' title="bbox 94 1483 1171 1583; baseline 0.003 -25"><span class='ocrx_word' id='word_1_64' title='bbox 94 1484 261 1558; x_wconf 89' lang='lat' dir='ltr'>nendum</span> <span class='ocrx_word' id='word_1_65' title='bbox 279 1493 383 1571; x_wconf 83' lang='lat' dir='ltr'>esset,</span> <span class='ocrx_word' id='word_1_66' title='bbox 400 1485 430 1557; x_wconf 94' lang='lat' dir='ltr'>si</span> <span class='ocrx_word' id='word_1_67' title='bbox 442 1509 539 1583; x_wconf 87' lang='lat' dir='ltr'>aeger</span> <span class='ocrx_word' id='word_1_68' title='bbox 551 1485 710 1583; x_wconf 87' lang='lat' dir='ltr'>priorem</span> <span class='ocrx_word' id='word_1_69' title='bbox 723 1483 818 1558; x_wconf 90' lang='lat' dir='ltr'>male</span> <span class='ocrx_word' id='word_1_70' title='bbox 831 1484 1035 1571; x_wconf 90' lang='lat' dir='ltr'>tolerasset;</span> <span class='ocrx_word' id='word_1_71' title='bbox 1061 1486 1171 1561; x_wconf 88' lang='lat' dir='ltr'>multi</span> 
     </span>
     <span class='ocr_line' id='line_1_11' title="bbox 94 1596 1173 1698; baseline 0.004 -29"><span class='ocrx_word' id='word_1_72' title='bbox 94 1596 193 1669; x_wconf 90' lang='lat' dir='ltr'>enim</span> <span class='ocrx_word' id='word_1_73' title='bbox 212 1598 279 1695; x_wconf 93' lang='lat' dir='ltr'>qui</span> <span class='ocrx_word' id='word_1_74' title='bbox 296 1597 423 1694; x_wconf 89' lang='lat' dir='ltr'>prima,</span> <span class='ocrx_word' id='word_1_75' title='bbox 450 1607 488 1670; x_wconf 86' lang='lat' dir='ltr'>et</span> <span class='ocrx_word' id='word_1_76' title='bbox 504 1597 654 1671; x_wconf 83' lang='lat' dir='ltr'>fortasse</span> <span class='ocrx_word' id='word_1_77' title='bbox 674 1598 812 1697; x_wconf 90' lang='lat' dir='ltr'>exigua</span> <span class='ocrx_word' id='word_1_78' title='bbox 828 1599 1017 1698; x_wconf 89' lang='lat' dir='ltr'>sanguinis</span> <span class='ocrx_word' id='word_1_79' title='bbox 1034 1600 1173 1674; x_wconf 85' lang='lat' dir='ltr'>detrac-</span> 
     </span>
     <span class='ocr_line' id='line_1_12' title="bbox 93 1703 1237 1809; baseline 0.004 -29"><span class='ocrx_word' id='word_1_80' title='bbox 93 1709 206 1794; x_wconf 88' lang='lat' dir='ltr'>tione,</span> <span class='ocrx_word' id='word_1_81' title='bbox 244 1711 369 1782; x_wconf 90' lang='lat' dir='ltr'>animo</span> <span class='ocrx_word' id='word_1_82' title='bbox 395 1708 629 1807; x_wconf 86' lang='lat' dir='ltr'>linquuntur,</span> <span class='ocrx_word' id='word_1_83' title='bbox 659 1709 782 1808; x_wconf 91' lang='lat' dir='ltr'>plures</span> <span class='ocrx_word' id='word_1_84' title='bbox 811 1723 947 1809; x_wconf 90' lang='lat' dir='ltr'>postea,</span> <span class='ocrx_word' id='word_1_85' title='bbox 979 1719 1023 1785; x_wconf 85' lang='lat' dir='ltr'>et</span> <span class='ocrx_word' id='word_1_86' title='bbox 1052 1710 1175 1785; x_wconf 86' lang='lat' dir='ltr'>multo</span> <span class='ocrx_word' id='word_1_87' title='bbox 1235 1703 1237 1707; x_wconf 62' lang='grc'><strong>’</strong></span> 
     </span>
     <span class='ocr_line' id='line_1_13' title="bbox 94 1819 1107 1923; baseline 0.005 -32"><span class='ocrx_word' id='word_1_88' title='bbox 94 1819 275 1918; x_wconf 88' lang='lat' dir='ltr'>largiores,</span> <span class='ocrx_word' id='word_1_89' title='bbox 301 1830 339 1894; x_wconf 91' lang='lat' dir='ltr'>et</span> <span class='ocrx_word' id='word_1_90' title='bbox 355 1819 616 1895; x_wconf 87' lang='lat' dir='ltr'>desiderabunt</span> <span class='ocrx_word' id='word_1_91' title='bbox 632 1834 670 1896; x_wconf 90' lang='lat' dir='ltr'>et</span> <span class='ocrx_word' id='word_1_92' title='bbox 687 1825 829 1921; x_wconf 90' lang='lat' dir='ltr'>optime</span> <span class='ocrx_word' id='word_1_93' title='bbox 846 1826 1045 1923; x_wconf 88' lang='lat' dir='ltr'>patientur.</span> <span class='ocrx_word' id='word_1_94' title='bbox 1104 1836 1107 1841; x_wconf 83' lang='grc'><em>“</em></span> 
     </span>
     <span class='ocr_line' id='line_1_14' title="bbox 145 1932 1175 2034; baseline 0.005 -30"><span class='ocrx_word' id='word_1_95' title='bbox 145 1953 318 2004; x_wconf 83' lang='lat' dir='ltr'>uuxcrv.</span> <span class='ocrx_word' id='word_1_96' title='bbox 336 1932 384 2002; x_wconf 93' lang='lat' dir='ltr'>In</span> <span class='ocrx_word' id='word_1_97' title='bbox 401 1932 542 2005; x_wconf 89' lang='lat' dir='ltr'>casibus</span> <span class='ocrx_word' id='word_1_98' title='bbox 559 1932 695 2020; x_wconf 91' lang='lat' dir='ltr'>dubiis,</span> <span class='ocrx_word' id='word_1_99' title='bbox 715 1935 842 2033; x_wconf 89' lang='lat' dir='ltr'>quales</span> <span class='ocrx_word' id='word_1_100' title='bbox 859 1936 947 2010; x_wconf 90' lang='lat' dir='ltr'>satis</span> <span class='ocrx_word' id='word_1_101' title='bbox 964 1936 1175 2034; x_wconf 87' lang='lat' dir='ltr'>frequenter</span> 
     </span>
     <span class='ocr_line' id='line_1_15' title="bbox 96 2041 1176 2144; baseline 0.003 -27"><span class='ocrx_word' id='word_1_102' title='bbox 96 2046 305 2127; x_wconf 86' lang='lat' dir='ltr'>occurrunt,</span> <span class='ocrx_word' id='word_1_103' title='bbox 329 2041 478 2137; x_wconf 92' lang='lat' dir='ltr'>sanguis</span> <span class='ocrx_word' id='word_1_104' title='bbox 494 2053 601 2115; x_wconf 91' lang='lat' dir='ltr'>caute</span> <span class='ocrx_word' id='word_1_105' title='bbox 617 2068 760 2142; x_wconf 88' lang='lat' dir='ltr'>semper</span> <span class='ocrx_word' id='word_1_106' title='bbox 775 2057 814 2121; x_wconf 88' lang='lat' dir='ltr'>et</span> <span class='ocrx_word' id='word_1_107' title='bbox 831 2071 938 2144; x_wconf 90' lang='lat' dir='ltr'>parce</span> <span class='ocrx_word' id='word_1_108' title='bbox 967 2047 1176 2121; x_wconf 87' lang='lat' dir='ltr'>mittendus</span> 
     </span>
     <span class='ocr_line' id='line_1_16' title="bbox 97 2153 1176 2255; baseline 0.005 -27"><span class='ocrx_word' id='word_1_109' title='bbox 97 2166 176 2239; x_wconf 89' lang='lat' dir='ltr'>est;</span> <span class='ocrx_word' id='word_1_110' title='bbox 201 2177 323 2249; x_wconf 90' lang='lat' dir='ltr'>neque</span> <span class='ocrx_word' id='word_1_111' title='bbox 340 2153 502 2250; x_wconf 86' lang='lat' dir='ltr'>profecto</span> <span class='ocrx_word' id='word_1_112' title='bbox 518 2154 716 2226; x_wconf 89' lang='lat' dir='ltr'>absurdum</span> <span class='ocrx_word' id='word_1_113' title='bbox 742 2167 798 2228; x_wconf 87' lang='lat' dir='ltr'>est</span> <span class='ocrx_word' id='word_1_114' title='bbox 824 2160 1000 2254; x_wconf 86' lang='lat' dir='ltr'>exiguam</span> <span class='ocrx_word' id='word_1_115' title='bbox 1017 2160 1096 2255; x_wconf 90' lang='lat' dir='ltr'>ejus</span> <span class='ocrx_word' id='word_1_116' title='bbox 1113 2159 1176 2233; x_wconf 90' lang='lat' dir='ltr'>de·</span> 
     </span>
     <span class='ocr_line' id='line_1_17' title="bbox 97 2264 1176 2363; baseline 0.003 -23"><span class='ocrx_word' id='word_1_117' title='bbox 97 2266 315 2340; x_wconf 88' lang='lat' dir='ltr'>tractionem</span> <span class='ocrx_word' id='word_1_118' title='bbox 344 2264 531 2339; x_wconf 87' lang='lat' dir='ltr'>interdum</span> <span class='ocrx_word' id='word_1_119' title='bbox 562 2266 731 2362; x_wconf 83' lang='lat' dir='ltr'>experiri,</span> <span class='ocrx_word' id='word_1_120' title='bbox 770 2291 845 2363; x_wconf 94' lang='lat' dir='ltr'>quo</span> <span class='ocrx_word' id='word_1_121' title='bbox 874 2268 1004 2341; x_wconf 90' lang='lat' dir='ltr'>clarius</span> <span class='ocrx_word' id='word_1_122' title='bbox 1033 2279 1176 2343; x_wconf 86' lang='lat' dir='ltr'>constet</span> 
     </span>
     <span class='ocr_line' id='line_1_18' title="bbox 99 2376 1179 2476; baseline 0.001 -25"><span class='ocrx_word' id='word_1_123' title='bbox 99 2402 270 2476; x_wconf 87' lang='lat' dir='ltr'>quaenam</span> <span class='ocrx_word' id='word_1_124' title='bbox 289 2377 338 2450; x_wconf 91' lang='lat' dir='ltr'>sit</span> <span class='ocrx_word' id='word_1_125' title='bbox 361 2376 480 2449; x_wconf 92' lang='lat' dir='ltr'>morbi</span> <span class='ocrx_word' id='word_1_126' title='bbox 506 2386 647 2462; x_wconf 86' lang='lat' dir='ltr'>natura,</span> <span class='ocrx_word' id='word_1_127' title='bbox 672 2388 737 2450; x_wconf 89' lang='lat' dir='ltr'>aut</span> <span class='ocrx_word' id='word_1_128' title='bbox 767 2378 944 2474; x_wconf 91' lang='lat' dir='ltr'>quidnam</span> <span class='ocrx_word' id='word_1_129' title='bbox 974 2379 1104 2452; x_wconf 83' lang='lat' dir='ltr'>auxilii</span> <span class='ocrx_word' id='word_1_130' title='bbox 1131 2379 1179 2452; x_wconf 92' lang='lat' dir='ltr'>ab</span> 
     </span>
     <span class='ocr_line' id='line_1_19' title="bbox 99 2489 1179 2585; baseline 0.002 -22"><span class='ocrx_word' id='word_1_131' title='bbox 99 2491 167 2563; x_wconf 89' lang='lat' dir='ltr'>hac</span> <span class='ocrx_word' id='word_1_132' title='bbox 201 2489 452 2563; x_wconf 86' lang='lat' dir='ltr'>exinanitione</span> <span class='ocrx_word' id='word_1_133' title='bbox 484 2489 766 2585; x_wconf 88' lang='lat' dir='ltr'>expectandum.</span> <span class='ocrx_word' id='word_1_134' title='bbox 828 2490 874 2562; x_wconf 93' lang='lat' dir='ltr'>In</span> <span class='ocrx_word' id='word_1_135' title='bbox 910 2489 1043 2563; x_wconf 89' lang='lat' dir='ltr'>talibus</span> <span class='ocrx_word' id='word_1_136' title='bbox 1077 2490 1179 2565; x_wconf 86' lang='lat' dir='ltr'>enim</span> 
     </span>
     <span class='ocr_line' id='line_1_20' title="bbox 102 2598 1179 2697; baseline 0 -23"><span class='ocrx_word' id='word_1_137' title='bbox 102 2601 254 2687; x_wconf 85' lang='lat' dir='ltr'>casibus,</span> <span class='ocrx_word' id='word_1_138' title='bbox 280 2603 345 2672; x_wconf 89' lang='lat' dir='ltr'>vix</span> <span class='ocrx_word' id='word_1_139' title='bbox 363 2598 535 2673; x_wconf 87' lang='lat' dir='ltr'>credibile</span> <span class='ocrx_word' id='word_1_140' title='bbox 559 2608 615 2673; x_wconf 90' lang='lat' dir='ltr'>est</span> <span class='ocrx_word' id='word_1_141' title='bbox 638 2601 821 2696; x_wconf 89' lang='lat' dir='ltr'>jacturam</span> <span class='ocrx_word' id='word_1_142' title='bbox 839 2625 1037 2697; x_wconf 86' lang='lat' dir='ltr'>paucarum</span> <span class='ocrx_word' id='word_1_143' title='bbox 1057 2603 1179 2675; x_wconf 90' lang='lat' dir='ltr'>uncia·</span> 
     </span>
     <span class='ocr_line' id='line_1_21' title="bbox 100 2711 1180 2812; baseline 0.002 -26"><span class='ocrx_word' id='word_1_144' title='bbox 100 2737 185 2786; x_wconf 89' lang='lat' dir='ltr'>rum</span> <span class='ocrx_word' id='word_1_145' title='bbox 203 2712 391 2810; x_wconf 87' lang='lat' dir='ltr'>sanguinis</span> <span class='ocrx_word' id='word_1_146' title='bbox 409 2712 606 2810; x_wconf 91' lang='lat' dir='ltr'>quicquam</span> <span class='ocrx_word' id='word_1_147' title='bbox 625 2735 702 2785; x_wconf 88' lang='lat' dir='ltr'>esse</span> <span class='ocrx_word' id='word_1_148' title='bbox 732 2711 949 2799; x_wconf 89' lang='lat' dir='ltr'>nocituram,</span> <span class='ocrx_word' id='word_1_149' title='bbox 979 2724 1017 2787; x_wconf 89' lang='lat' dir='ltr'>et</span> <span class='ocrx_word' id='word_1_150' title='bbox 1035 2713 1180 2812; x_wconf 88' lang='lat' dir='ltr'>exejus</span> 
     </span>
     <span class='ocr_line' id='line_1_22' title="bbox 100 2824 1181 2923; baseline 0.002 -26"><span class='ocrx_word' id='word_1_151' title='bbox 100 2824 304 2912; x_wconf 87' lang='lat' dir='ltr'>effectibus,</span> <span class='ocrx_word' id='word_1_152' title='bbox 329 2825 396 2923; x_wconf 92' lang='lat' dir='ltr'>qui</span> <span class='ocrx_word' id='word_1_153' title='bbox 415 2848 509 2923; x_wconf 82' lang='lat' dir='ltr'>saepe</span> <span class='ocrx_word' id='word_1_154' title='bbox 526 2824 812 2897; x_wconf 85' lang='lat' dir='ltr'>manifestissimi</span> <span class='ocrx_word' id='word_1_155' title='bbox 840 2836 937 2911; x_wconf 90' lang='lat' dir='ltr'>sunt,</span> <span class='ocrx_word' id='word_1_156' title='bbox 964 2837 1002 2899; x_wconf 92' lang='lat' dir='ltr'>et</span> <span class='ocrx_word' id='word_1_157' title='bbox 1028 2851 1049 2899; x_wconf 91' lang='lat' dir='ltr'>a</span> <span class='ocrx_word' id='word_1_158' title='bbox 1080 2834 1181 2901; x_wconf 86' lang='lat' dir='ltr'>statu</span> 
     </span>
     <span class='ocr_line' id='line_1_23' title="bbox 100 2937 1182 3037; baseline 0 -27"><span class='ocrx_word' id='word_1_159' title='bbox 100 2937 216 3035; x_wconf 90' lang='lat' dir='ltr'>ipsius</span> <span class='ocrx_word' id='word_1_160' title='bbox 230 2937 430 3035; x_wconf 89' lang='lat' dir='ltr'>sanguinis,</span> <span class='ocrx_word' id='word_1_161' title='bbox 448 2937 613 3010; x_wconf 91' lang='lat' dir='ltr'>medicus</span> <span class='ocrx_word' id='word_1_162' title='bbox 623 2938 713 3010; x_wconf 89' lang='lat' dir='ltr'>scire</span> <span class='ocrx_word' id='word_1_163' title='bbox 725 2938 863 3035; x_wconf 91' lang='lat' dir='ltr'>poterit</span> <span class='ocrx_word' id='word_1_164' title='bbox 880 2938 972 3035; x_wconf 92' lang='lat' dir='ltr'>quid</span> <span class='ocrx_word' id='word_1_165' title='bbox 990 2962 1012 3010; x_wconf 92' lang='lat' dir='ltr'>a</span> <span class='ocrx_word' id='word_1_166' title='bbox 1028 2937 1182 3037; x_wconf 89' lang='lat' dir='ltr'>largiore</span> 
     </span>
     <span class='ocr_line' id='line_1_24' title="bbox 100 3048 1192 3145; baseline 0.003 -23"><span class='ocrx_word' id='word_1_167' title='bbox 100 3049 351 3123; x_wconf 86' lang='lat' dir='ltr'>exinanitione</span> <span class='ocrx_word' id='word_1_168' title='bbox 367 3058 434 3122; x_wconf 91' lang='lat' dir='ltr'>aut</span> <span class='ocrx_word' id='word_1_169' title='bbox 450 3048 673 3145; x_wconf 89' lang='lat' dir='ltr'>sperandum</span> <span class='ocrx_word' id='word_1_170' title='bbox 691 3050 739 3122; x_wconf 92' lang='lat' dir='ltr'>sit</span> <span class='ocrx_word' id='word_1_171' title='bbox 756 3061 822 3124; x_wconf 90' lang='lat' dir='ltr'>aut</span> <span class='ocrx_word' id='word_1_172' title='bbox 839 3050 1095 3124; x_wconf 87' lang='lat' dir='ltr'>metuendum.</span> <span class='ocrx_word' id='word_1_173' title='bbox 1184 3066 1192 3081; x_wconf 89' lang='grc'><em>·</em></span> 
     </span>
     <span class='ocr_line' id='line_1_25' title="bbox 153 3159 1184 3259; baseline 0.003 -25"><span class='ocrx_word' id='word_1_174' title='bbox 153 3184 304 3235; x_wconf 82' lang='lat' dir='ltr'>Muxcv.</span> <span class='ocrx_word' id='word_1_175' title='bbox 329 3161 414 3258; x_wconf 92' lang='lat' dir='ltr'>Ipsa</span> <span class='ocrx_word' id='word_1_176' title='bbox 430 3161 543 3233; x_wconf 91' lang='lat' dir='ltr'>animi</span> <span class='ocrx_word' id='word_1_177' title='bbox 561 3159 718 3234; x_wconf 83' lang='lat' dir='ltr'>defectio</span> <span class='ocrx_word' id='word_1_178' title='bbox 734 3184 821 3259; x_wconf 85' lang='lat' dir='ltr'>quae</span> <span class='ocrx_word' id='word_1_179' title='bbox 838 3161 1027 3259; x_wconf 89' lang='lat' dir='ltr'>sanguinis</span> <span class='ocrx_word' id='word_1_180' title='bbox 1038 3161 1184 3259; x_wconf 87' lang='lat' dir='ltr'>jactura</span> 
     </span>
     <span class='ocr_line' id='line_1_26' title="bbox 102 3271 1184 3370; baseline 0 -23"><span class='ocrx_word' id='word_1_181' title='bbox 102 3298 197 3370; x_wconf 85' lang='lat' dir='ltr'>saepe</span> <span class='ocrx_word' id='word_1_182' title='bbox 214 3272 414 3359; x_wconf 89' lang='lat' dir='ltr'>inducitur,</span> <span class='ocrx_word' id='word_1_183' title='bbox 438 3274 478 3345; x_wconf 92' lang='lat' dir='ltr'>in</span> <span class='ocrx_word' id='word_1_184' title='bbox 497 3273 604 3346; x_wconf 90' lang='lat' dir='ltr'>variis</span> <span class='ocrx_word' id='word_1_185' title='bbox 623 3272 769 3358; x_wconf 90' lang='lat' dir='ltr'>morbis,</span> <span class='ocrx_word' id='word_1_186' title='bbox 795 3271 913 3345; x_wconf 90' lang='lat' dir='ltr'>veluti</span> <span class='ocrx_word' id='word_1_187' title='bbox 930 3272 1103 3360; x_wconf 73' lang='lat' dir='ltr'>febribus</span> <span class='ocrx_word' id='word_1_188' title='bbox 1127 3274 1184 3347; x_wconf 90' lang='lat' dir='ltr'>in-</span> 
     </span>
     <span class='ocr_line' id='line_1_27' title="bbox 102 3382 1185 3483; baseline 0.002 -27"><span class='ocrx_word' id='word_1_189' title='bbox 102 3383 427 3468; x_wconf 86' lang='lat' dir='ltr'>flammationibus,</span> <span class='ocrx_word' id='word_1_190' title='bbox 453 3384 641 3482; x_wconf 90' lang='lat' dir='ltr'>sanguinis</span> <span class='ocrx_word' id='word_1_191' title='bbox 657 3382 860 3483; x_wconf 87' lang='lat' dir='ltr'>profluviis,</span> <span class='ocrx_word' id='word_1_192' title='bbox 883 3382 1081 3474; x_wconf 92' lang='lat' dir='ltr'>doloribus,</span> <span class='ocrx_word' id='word_1_193' title='bbox 1106 3384 1185 3458; x_wconf 89' lang='lat' dir='ltr'>irri-</span> 
     </span>
     <span class='ocr_line' id='line_1_28' title="bbox 104 3495 1186 3596; baseline 0 -25"><span class='ocrx_word' id='word_1_194' title='bbox 104 3495 317 3582; x_wconf 84' lang='lat' dir='ltr'>tationibus,</span> <span class='ocrx_word' id='word_1_195' title='bbox 342 3495 510 3594; x_wconf 79' lang='lat' dir='ltr'>spasmis,</span> <span class='ocrx_word' id='word_1_196' title='bbox 535 3496 685 3582; x_wconf 90' lang='lat' dir='ltr'>insania,</span> <span class='ocrx_word' id='word_1_197' title='bbox 711 3499 774 3569; x_wconf 79' lang='lat' dir='ltr'>&amp;a</span> <span class='ocrx_word' id='word_1_198' title='bbox 801 3519 1072 3594; x_wconf 92' lang='lat' dir='ltr'>nonnunquam</span> <span class='ocrx_word' id='word_1_199' title='bbox 1102 3522 1186 3596; x_wconf 90' lang='lat' dir='ltr'>pro-</span> 
     </span>
     <span class='ocr_line' id='line_1_29' title="bbox 104 3606 1186 3708; baseline 0.002 -26"><span class='ocrx_word' id='word_1_200' title='bbox 104 3609 207 3683; x_wconf 89' lang='lat' dir='ltr'>desse</span> <span class='ocrx_word' id='word_1_201' title='bbox 221 3607 391 3691; x_wconf 85' lang='lat' dir='ltr'>videtur;</span> <span class='ocrx_word' id='word_1_202' title='bbox 418 3630 486 3679; x_wconf 90' lang='lat' dir='ltr'>nec</span> <span class='ocrx_word' id='word_1_203' title='bbox 498 3606 696 3681; x_wconf 89' lang='lat' dir='ltr'>defuerunt</span> <span class='ocrx_word' id='word_1_204' title='bbox 707 3607 851 3694; x_wconf 87' lang='lat' dir='ltr'>medici,</span> <span class='ocrx_word' id='word_1_205' title='bbox 869 3609 1070 3707; x_wconf 77' lang='lat' dir='ltr'>praesertim</span> <span class='ocrx_word' id='word_1_206' title='bbox 1084 3608 1186 3708; x_wconf 89' lang='lat' dir='ltr'>apud</span> 
     </span>
     <span class='ocr_line' id='line_1_30' title="bbox 104 3718 1187 3817; baseline -0.002 -22"><span class='ocrx_word' id='word_1_207' title='bbox 104 3735 257 3806; x_wconf 88' lang='lat' dir='ltr'>veteres,</span> <span class='ocrx_word' id='word_1_208' title='bbox 284 3720 349 3816; x_wconf 93' lang='lat' dir='ltr'>qui</span> <span class='ocrx_word' id='word_1_209' title='bbox 378 3718 456 3794; x_wconf 90' lang='lat' dir='ltr'>ausi</span> <span class='ocrx_word' id='word_1_210' title='bbox 474 3718 548 3792; x_wconf 93' lang='lat' dir='ltr'>sint</span> <span class='ocrx_word' id='word_1_211' title='bbox 565 3718 783 3817; x_wconf 89' lang='lat' dir='ltr'>sanguinem</span> <span class='ocrx_word' id='word_1_212' title='bbox 801 3719 840 3792; x_wconf 91' lang='lat' dir='ltr'>in</span> <span class='ocrx_word' id='word_1_213' title='bbox 858 3720 1083 3816; x_wconf 90' lang='lat' dir='ltr'>quibusdam</span> <span class='ocrx_word' id='word_1_214' title='bbox 1099 3722 1187 3794; x_wconf 89' lang='lat' dir='ltr'>oasi-</span> 
     </span>
     <span class='ocr_line' id='line_1_31' title="bbox 105 3830 1185 3929; baseline 0 -23"><span class='ocrx_word' id='word_1_215' title='bbox 105 3832 174 3907; x_wconf 90' lang='lat' dir='ltr'>bus</span> <span class='ocrx_word' id='word_1_216' title='bbox 192 3858 236 3906; x_wconf 87' lang='lat' dir='ltr'>eo</span> <span class='ocrx_word' id='word_1_217' title='bbox 255 3855 372 3929; x_wconf 90' lang='lat' dir='ltr'>usque</span> <span class='ocrx_word' id='word_1_218' title='bbox 389 3830 589 3917; x_wconf 85' lang='lat' dir='ltr'>detrahere,</span> <span class='ocrx_word' id='word_1_219' title='bbox 614 3831 732 3903; x_wconf 84' lang='lat' dir='ltr'>donec</span> <span class='ocrx_word' id='word_1_220' title='bbox 747 3854 845 3928; x_wconf 85' lang='lat' dir='ltr'>aeger</span> <span class='ocrx_word' id='word_1_221' title='bbox 860 3833 985 3907; x_wconf 90' lang='lat' dir='ltr'>animo</span> <span class='ocrx_word' id='word_1_222' title='bbox 1002 3832 1185 3928; x_wconf 86' lang='lat' dir='ltr'>linquere·</span> 
     </span>
     <span class='ocr_line' id='line_1_32' title="bbox 105 3941 1185 4042; baseline 0.003 -26"><span class='ocrx_word' id='word_1_223' title='bbox 105 3953 178 4016; x_wconf 88' lang='lat' dir='ltr'>tur.</span> <span class='ocrx_word' id='word_1_224' title='bbox 229 3945 317 4017; x_wconf 92' lang='lat' dir='ltr'>Hoc</span> <span class='ocrx_word' id='word_1_225' title='bbox 332 3952 457 4017; x_wconf 89' lang='lat' dir='ltr'>autem</span> <span class='ocrx_word' id='word_1_226' title='bbox 478 3942 662 4040; x_wconf 90' lang='lat' dir='ltr'>(quamvis</span> <span class='ocrx_word' id='word_1_227' title='bbox 678 3941 872 4039; x_wconf 85' lang='lat' dir='ltr'>insigniter</span> <span class='ocrx_word' id='word_1_228' title='bbox 888 3942 1086 4042; x_wconf 89' lang='lat' dir='ltr'>aliquando</span> <span class='ocrx_word' id='word_1_229' title='bbox 1103 3967 1185 4042; x_wconf 86' lang='lat' dir='ltr'>pro·</span> 
     </span>
     <span class='ocr_line' id='line_1_33' title="bbox 106 4053 1187 4152; baseline 0.005 -25"><span class='ocrx_word' id='word_1_230' title='bbox 106 4055 208 4127; x_wconf 86' lang='lat' dir='ltr'>desse</span> <span class='ocrx_word' id='word_1_231' title='bbox 234 4056 411 4152; x_wconf 85' lang='lat' dir='ltr'>potuerit)</span> <span class='ocrx_word' id='word_1_232' title='bbox 442 4056 619 4128; x_wconf 89' lang='lat' dir='ltr'>rarissime</span> <span class='ocrx_word' id='word_1_233' title='bbox 649 4054 870 4129; x_wconf 78' lang='lat' dir='ltr'>tentandum</span> <span class='ocrx_word' id='word_1_234' title='bbox 902 4068 979 4139; x_wconf 82' lang='lat' dir='ltr'>est3</span> <span class='ocrx_word' id='word_1_235' title='bbox 1013 4053 1187 4134; x_wconf 89' lang='lat' dir='ltr'>salutares</span> 
     </span>
     <span class='ocr_line' id='line_1_34' title="bbox 107 4164 1187 4245; baseline 0.006 -7"><span class='ocrx_word' id='word_1_236' title='bbox 107 4166 207 4238; x_wconf 92' lang='lat' dir='ltr'>enim</span> <span class='ocrx_word' id='word_1_237' title='bbox 226 4164 377 4240; x_wconf 87' lang='lat' dir='ltr'>effectus</span> <span class='ocrx_word' id='word_1_238' title='bbox 395 4166 476 4241; x_wconf 87' lang='lat' dir='ltr'>talis</span> <span class='ocrx_word' id='word_1_239' title='bbox 493 4167 607 4239; x_wconf 89' lang='lat' dir='ltr'>animi</span> <span class='ocrx_word' id='word_1_240' title='bbox 625 4166 837 4240; x_wconf 87' lang='lat' dir='ltr'>defectionis</span> <span class='ocrx_word' id='word_1_241' title='bbox 850 4168 1005 4241; x_wconf 89' lang='lat' dir='ltr'>minime</span> <span class='ocrx_word' id='word_1_242' title='bbox 1018 4169 1106 4242; x_wconf 87' lang='lat' dir='ltr'>oerti</span> <span class='ocrx_word' id='word_1_243' title='bbox 1119 4180 1187 4245; x_wconf 88' lang='lat' dir='ltr'>aut</span> 
     </span>
    </p>
   </div>
   <div class='ocr_carea' id='block_1_3' title="bbox 108 4277 1186 4382">
    <p class='ocr_par' dir='ltr' id='par_1_3' title="bbox 108 4277 1186 4382">
     <span class='ocr_line' id='line_1_35' title="bbox 108 4277 1186 4382; baseline 0.004 -32"><span class='ocrx_word' id='word_1_244' title='bbox 108 4277 278 4379; x_wconf 89' lang='lat' dir='ltr'>perpetui</span> <span class='ocrx_word' id='word_1_245' title='bbox 295 4289 405 4366; x_wconf 87' lang='lat' dir='ltr'>suut;</span> <span class='ocrx_word' id='word_1_246' title='bbox 430 4281 582 4379; x_wconf 88' lang='lat' dir='ltr'>ipsaque</span> <span class='ocrx_word' id='word_1_247' title='bbox 611 4303 679 4354; x_wconf 91' lang='lat' dir='ltr'>suo</span> <span class='ocrx_word' id='word_1_248' title='bbox 694 4279 942 4369; x_wconf 86' lang='lat' dir='ltr'>incommodo,</span> <span class='ocrx_word' id='word_1_249' title='bbox 967 4291 1006 4355; x_wconf 89' lang='lat' dir='ltr'>et</span> <span class='ocrx_word' id='word_1_250' title='bbox 1022 4303 1108 4358; x_wconf 87' lang='lat' dir='ltr'>saue</span> <span class='ocrx_word' id='word_1_251' title='bbox 1123 4305 1186 4382; x_wconf 90' lang='lat' dir='ltr'>pe-</span> 
     </span>
    </p>
   </div>
   <div class='ocr_carea' id='block_1_4' title="bbox 0 0 1366 4794">
    <p class='ocr_par' dir='ltr' id='par_1_4' title="bbox 0 0 1366 4794">
     <span class='ocr_line' id='line_1_36' title="bbox 0 0 1366 4794; baseline 0 0"><span class='ocrx_word' id='word_1_252' title='bbox 0 0 1366 4794; x_wconf 95' lang='lat' dir='ltr'> </span> 
     </span>
    </p>
   </div>
  </div>
 </body>
</html>
