2678 4794
604 271 728 367 xiodx

130 493 250 592 major,
273 499 311 567 et
326 486 560 590 experientia
581 488 705 564 minor
720 495 787 565 out
802 486 907 565 nulia
922 498 990 581 est,
1014 491 1055 566 in
1070 457 1205 571 memo

132 606 182 680 n’n
196 604 350 680 residere
366 601 491 689 debet,
515 612 555 676 et
570 599 644 687 aits
661 612 787 677 mente
807 603 946 703 reponi.
997 614 1021 648 ‘⁶
1037 604 1136 681 Cum
1147 607 1208 705 ju-

130 731 153 763 “
166 719 267 794 venis
282 739 385 792 erem
403 712 611 815 (inquiebat
626 712 714 814 ilie),
731 724 769 789 et
781 715 821 790 in
833 726 913 790 arte
928 715 1073 793 medica
1088 716 1209 794 adhuc

129 841 149 874 ‘⁸
163 831 278 919 rudis,
303 828 480 904 adversus
498 850 804 927 unumquemque
820 828 991 904 morbum
1008 830 1145 930 viginti
1162 830 1209 906 od

128 953 149 986 ‘⁴
164 942 365 1017 minimum
395 939 560 1015 remedia
583 940 836 1040 possidebam
862 966 964 1018 nuno
985 966 1085 1032 vero,
1109 953 1209 1042 post·

130 1065 150 1098 ‘⁴
165 1079 279 1154 quam
295 1053 337 1128 in
352 1077 424 1130 usu
442 1052 637 1128 medieinoe
651 1057 918 1146 oonsenuerim,
934 1056 1070 1156 viginti
1081 1067 1119 1130 et
1132 1080 1209 1132 sm·

131 1177 152 1210 “
166 1165 262 1266 plius
275 1165 424 1241 morbos
440 1166 541 1255 novi,
565 1189 728 1266 quorum
753 1191 802 1241 ne
826 1192 946 1244 unum
962 1152 1137 1268 equidem
1154 1191 1209 1242 re-
1228 1216 1231 1223 -

133 1289 155 1322 ‘¹
169 1280 336 1354 medinm
351 1278 499 1354 habeo?

181 1391 384 1490 Utcunque
393 1414 484 1466 vero
496 1388 722 1491 imperfecte,
738 1401 777 1468 et
787 1393 936 1482 ineerta,
952 1401 991 1469 et
1007 1395 1209 1495 periordosa

134 1503 242 1579 fuerit
255 1503 439 1579 medicine
450 1527 552 1579 mere
561 1504 747 1604 empirios,
763 1514 1006 1605 etutounque
1017 1507 1134 1609 igitur
1145 1533 1208 1584 ne-

131 1617 277 1691 oessnris
291 1615 406 1692 fuerit
422 1616 573 1692 seientia
603 1618 772 1716 quaedam
789 1641 854 1693 seu
877 1617 1039 1695 Theoria
1055 1622 1209 1710 medios,

128 1752 198 1803 non
216 1753 289 1830 ego
304 1739 431 1805 tamen
448 1738 577 1804 auctor
592 1754 654 1805 ero
676 1730 858 1808 Theorias
874 1732 1045 1820 medicos,
1067 1734 1208 1833 quales·

129 1865 275 1941 cunque
304 1844 503 1942 propositae
534 1841 684 1933 fuerint,
722 1846 801 1919 sine
829 1845 1114 1945 investigatione
1142 1857 1208 1925 aut

129 1955 346 2043 discrimine,
372 1954 583 2056 adoptandi.
634 1955 738 2031 Bene
753 1959 842 2032 novi
859 1967 1044 2057 quantum
1061 1959 1119 2034 rei·
1131 1983 1208 2034 me·

126 2067 215 2143 dioae
230 2067 390 2157 intersit,
415 2091 518 2145 verns
546 2092 568 2141 a
594 2065 691 2143 falsis
718 2093 911 2145 seoernere.
962 2071 1059 2159 Quae
1087 2071 1208 2148 multa

126 2182 239 2281 igitur
256 2180 460 2255 Medicinae
481 2179 706 2258 [l'lteoretiooe
729 2182 852 2258 adhue
867 2184 1000 2271 desint,
1025 2184 1208 2284 imprimis

127 2293 285 2369 indioore
300 2302 458 2393 oportet,
483 2292 618 2367 deinde
642 2318 790 2369 summa
804 2319 876 2394 ope
892 2297 963 2370 niti
980 2306 1025 2370 ut
1041 2296 1208 2395 supplea-

128 2429 233 2494 mus;
255 2406 511 2494 intereavero,
536 2406 718 2504 quioquid
743 2405 824 2479 falsi
840 2406 901 2479 vel
930 2407 1060 2482 inoerti
1088 2407 1208 2480 eidem

130 2519 228 2606 insit,
254 2519 415 2594 sisrtem
438 2517 620 2594 medicem
646 2538 863 2615 promovere
879 2516 1061 2614 cupimus,
1086 2517 1209 2591 firmo·

129 2655 201 2731 que
215 2642 255 2706 et
269 2629 423 2731 perenni
439 2628 686 2705 fundamento
702 2623 874 2716 stabilire,
899 2625 1062 2702 refellere
1078 2639 1116 2704 et
1132 2653 1209 2705 cor·

126 2745 241 2844 rigere
250 2744 368 2832 decet,
385 2743 500 2843 probe
510 2766 702 2834 memores,
720 2743 935 2845 sapientiem
946 2767 1023 2818 esse
1039 2745 1206 2844 primam.

124 2858 279 2939 stultitia
293 2855 706 2934 omisso-vinem
