2678 4794
129 347 176 425 78
543 355 796 415 cousrucrus
1045 362 1131 420 css.
1149 361 1201 416 nn

13 517 15 520 ⁵
70 626 73 631 ,
178 561 265 614 cen.
291 502 559 636 Heneraldpes
573 535 758 623 dicuntur,
775 537 840 634 qui
857 535 1016 610 interdiu
1035 547 1205 624 tantum,

130 652 267 726 scilicet
283 651 321 722 in
339 648 460 721 vivida
488 641 580 734 luce',
605 648 753 734 vident3
781 645 996 746 crepusculo
1012 674 1111 735 vero,
1136 660 1204 724 aut

130 775 247 849 nocte,
272 759 329 833 vel
346 783 411 858 per
426 759 564 848 lunam,
580 759 648 834 ‚vel
665 785 730 860 per
753 760 926 847 lucernas,
952 782 1046 859 pene
1062 760 1122 834 vel
1140 785 1204 859 pe-

129 876 229 949 nitus
245 873 328 946 caeci
345 882 443 947 sunt.
494 872 723 971 Hujusmodi
745 872 897 960 vitium,
920 873 960 945 in
976 873 1203 970 quibusdam

130 983 316 1083 exemplis,
332 984 416 1058 oriri
433 985 556 1059 visum
573 994 628 1060 est
644 1011 666 1059 a
682 985 821 1085 pupilla
836 985 948 1058 nimis
964 994 1148 1058 eontracta
1164 994 1205 1058 et

128 1095 255 1194 rigida,
284 1118 406 1194 neque
431 1106 486 1170 sut
510 1096 601 1171 lueis
626 1097 809 1172 debilioris
832 1097 874 1170 in
898 1095 1048 1171 oculum
1072 1096 1206 1170 admit·

128 1217 251 1292 tente;
277 1208 317 1281 in
334 1207 412 1282 uliis
429 1219 565 1296 autem,
590 1234 612 1283 a
628 1209 822 1283 deficiente
837 1208 951 1307 ipsius
966 1209 1094 1280 retinae
1122 1231 1203 1281 sen·

127 1343 192 1404 su;
219 1329 257 1393 et
273 1320 351 1394 aliis
367 1323 484 1420 magis
500 1320 622 1397 adhue
637 1322 797 1397 obscuris
822 1321 949 1408 causis,
973 1319 1091 1394 veluti
1115 1343 1204 1394 cum

127 1430 264 1505 multos
282 1432 449 1507 homines
465 1434 595 1508 eodem
611 1445 778 1534 tempore
794 1442 832 1508 et
855 1433 936 1507 loco
957 1431 1205 1532 prehenderit,

127 1543 229 1642 quod
245 1544 433 1619 interdum
450 1544 684 1622 observatum
702 1554 766 1621 est.

177 1662 280 1732 ectr
298 1654 528 1756 Nyctolopes
544 1657 728 1743 dicuntur,
751 1657 818 1755 qui
833 1664 947 1730 noctu
963 1680 1077 1754 quam
1094 1657 1205 1732 inter-

128 1766 204 1854 diu,
223 1767 292 1843 hoe
308 1779 373 1855 est,
391 1768 472 1843 luce
485 1767 592 1842 valde
604 1769 725 1855 debili,
742 1791 855 1867 quam
866 1768 1055 1856 viridiore,
1071 1768 1205 1842 melius

128 1880 278 1954 vident:
306 1904 427 1953 mrum
455 1879 665 1956 hominibus
681 1881 763 1954 vitii
789 1903 920 1979 genus,
944 1877 1079 1955 retinoe
1092 1879 1205 1954 nimis

127 1993 310 2078 sentienti,
336 1990 488 2090 pupillae
503 1993 614 2065 nimis
630 1990 776 2090 pstulae,
801 1991 849 2064 ad
865 1991 1025 2065 debitam
1043 2000 1213 2066 conum-.-

127 2102 267 2176 tionem
285 2106 409 2178 minus
427 2104 574 2190 valenti,
590 2103 863 2202 imputandum.
906 2101 1138 2200 Hujusmodi
1149 2103 1206 2177 iu·

126 2215 376 2303 commodum,
402 2219 464 2290 sed
482 2215 619 2290 leveet
635 2214 762 2315 fugax,
789 2215 967 2288 sanissimi
983 2214 1092 2288 etium
1111 2215 1207 2315 pati.

127 2319 253 2413 untur,
270 2329 336 2426 qui
353 2340 550 2428 postquam
567 2328 634 2401 diu
651 2329 691 2402 in
707 2327 866 2401 tenebris
883 2327 1014 2401 versati
1031 2339 1129 2415 sunt,
1142 2328 1207 2404 des

127 2460 204 2511 nuo
220 2439 266 2513 ad
283 2441 403 2515 lucem
422 2443 546 2516 subito
562 2441 758 2540 prodeunt.

80 2580 84 2587 ·
177 2550 305 2626 ccum
337 2554 544 2630 Sublinitur
568 2554 683 2627 totius
708 2551 805 2626 oeuli
829 2553 972 2625 interna
996 2553 1206 2651 superficies

127 2663 320 2761 pigmento
337 2666 452 2763 nigro,
482 2663 584 2764 quod
613 2665 660 2736 ad
677 2661 906 2738 choroideam
925 2665 1086 2734 tunicum
1104 2676 1143 2738 et
1160 2663 1205 2740 lt'-

122 2783 302 2869 gamenta
318 2772 477 2862 ciliaria,
504 2774 684 2873 pertinet;
709 2772 779 2845 hoc
793 2772 943 2844 fortasse
971 2771 1132 2860 oonsilio,
1158 2789 1206 2850 ut

126 2881 254 2955 oculus
283 2885 542 2979 perfectissima
569 2904 712 2955 camera
739 2881 891 2954 obscura
919 2881 993 2966 fiat,
1022 2891 1061 2956 et
1076 2884 1204 2986 imago

127 3017 236 3090 super
252 2992 411 3068 retinam
427 2994 571 3094 depicta
586 2992 785 3067 accinctior
799 2993 941 3080 evadat,
966 2993 1076 3074 nullis
1094 2999 1202 3072 radiis

125 3104 270 3179 reflexis
286 3118 465 3204 comrptu.
515 3106 670 3181 Constet
685 3114 811 3178 tomen
828 3105 976 3179 miseros
1000 3130 1077 3181 esse
1092 3133 1200 3206 quos-
1223 3156 1225 3160 »

126 3217 222 3305 dum,
249 3218 348 3294 albos
363 3218 553 3318 AEthiopes
569 3216 686 3317 vulgo
701 3218 829 3305 dictos,
855 3219 991 3317 quibus
1007 3218 1200 3298 chornidea

126 3330 244 3418 rubra,
260 3355 336 3406 non
354 3355 455 3406 secus
471 3355 513 3404 ae
529 3330 708 3405 cuniculis
723 3329 823 3418 albis,
848 3330 933 3405 dats
949 3343 1012 3405 est.
1063 3331 1198 3408 Homi-

124 3465 189 3515 nes
206 3466 293 3516 vero
309 3441 373 3516 toli
389 3439 582 3519 choroideu
599 3442 769 3519 instructi
794 3442 956 3519 interdiu
984 3466 1124 3543 parurn-
1140 3445 1199 3520 vel

124 3552 217 3626 nihil
234 3554 372 3628 vident.
1195 3618 1200 3625 -

172 3686 311 3740 ceL111.
348 3666 540 3742 Animalia
567 3691 666 3756 vero,
696 3695 781 3769 quae
807 3669 877 3745 sub
902 3680 1010 3746 nocte
1037 3672 1201 3769 praedam

122 3789 307 3874 quaerunt,
325 3784 451 3878 {genus
479 3780 569 3868 felis,
598 3781 710 3871 bubo,
739 3793 778 3858 et
805 3783 945 3867 similia,
972 3780 1202 3861 chororileorn

122 3884 259 3963 habent
274 3889 480 3979 coloratam,
497 3893 763 3992 splendentem,
780 3919 865 3993 quae
874 3894 991 3968 radios
1001 3894 1092 3969 lueis
1105 3896 1201 3970 bene

122 3999 286 4076 reflectit.
322 3995 542 4093 Hoc'modo,
553 4016 599 4081 ut
610 4006 763 4105 quidam
774 4016 920 4105 putant,
931 4007 1201 4106 visumpnrn'm

122 4115 349 4203 distinctum,
366 4116 430 4190 sed
446 4140 532 4215 quae
546 4117 593 4191 ad
610 4116 771 4217 praedum
788 4119 1004 4218 captandam
1030 4118 1203 4207 sufficiat·

122 4228 233 4303 etiam
249 4228 287 4304 in
305 4227 475 4317 tenebris,
494 4227 653 4323 habent3
669 4230 771 4332 quod
784 4238 907 4308 tamen
918 4230 1088 4306 nondum
1103 4230 1199 4306 bene
