2678 4794
112 260 202 320 cur.
219 258 315 314 xxx.
445 252 666 311 Maurorum
684 255 973 315 ruaonnrrcn.
1122 247 1192 318 381

107 437 218 517 refert
244 436 325 511 rire
353 453 451 508 unus
479 442 625 510 tantum
655 435 734 509 rive
757 434 860 510 mille
876 435 1011 536 grodua
1040 436 1195 514 interce-

107 554 201 628 dant
217 552 315 624 inter
341 545 546 621 remedium
573 547 714 647 corpori
731 547 924 623 admotum
952 558 992 623 et
1019 548 1196 626 effectum

107 665 293 741 ultimum
323 671 362 734 et
376 658 615 735 manifestum
633 661 698 761 qui
726 662 766 734 in
795 686 840 736 eo
869 671 1076 761 spectatum
1104 689 1198 763 quo·

107 801 196 853 rum
214 773 350 849 sedicet
360 770 557 872 graduum,
574 782 761 873 quotquot
773 774 922 863 fuerint,
939 776 1197 876 unusquisque

107 887 264 964 effectus
280 885 361 983 ejus
378 884 444 982 qui
460 886 693 984 anteceditjet
709 909 816 961 causa
831 886 910 986 ejus
923 889 990 988 qui
1003 891 1195 988 consequi-

110 1011 176 1076 tur
191 996 384 1074 habendus
413 1007 480 1084 est,
507 998 560 1070 ita
576 1008 621 1073 ut
636 1000 715 1097 pari
730 1001 872 1074 ratione
896 1025 938 1076 ac
955 1024 1074 1076 nexus
1101 1002 1200 1076 inter

108 1113 275 1212 primum
293 1120 332 1184 et
348 1109 566 1208 proximum
583 1121 705 1186 certus
730 1122 770 1186 et
784 1124 954 1189 constans
969 1137 1049 1188 esee
1077 1113 1198 1203 debet,

110 1224 288 1300 omnium
307 1216 538 1297 continuatio
554 1233 593 1298 et
609 1225 714 1323 quasi
725 1235 858 1300 catena
871 1225 948 1301 fixa
963 1236 1002 1302 et
1026 1227 1202 1303 immutu-

110 1335 195 1412 utris
210 1335 314 1410 foret.
365 1336 559 1423 Praeterea
577 1359 701 1435 neque
714 1359 783 1436 per
798 1338 877 1413 haec
901 1363 1024 1438 neque
1040 1362 1107 1438 per
1128 1338 1201 1413 ulia
1255 1360 1260 1367 ·

107 1456 325 1523 commenta
339 1447 518 1521 hactenus
547 1449 696 1547 prolata,
724 1449 802 1525 ulla
818 1460 885 1525 aut
899 1450 1097 1550 explicatio
1120 1452 1201 1526 red·

109 1561 229 1648 ditur,
246 1570 415 1634 anteana
432 1559 642 1658 conjectura
665 1563 898 1662 proponitur,
924 1563 972 1638 de
989 1563 1101 1638 modo
1124 1587 1202 1663 quo

111 1672 276 1748 remedia
290 1671 340 1745 de
354 1672 495 1770 quibus
511 1672 637 1772 agitur
651 1696 783 1774 corpus
799 1674 971 1762 afficiant,
994 1675 1201 1774 qualiscun-

111 1790 187 1885 que
202 1786 324 1885 prima
341 1808 471 1860 eorum
488 1786 585 1859 actio
601 1784 723 1861 fuerit.
774 1787 911 1888 Neque
927 1787 1091 1886 profecto
1106 1786 1203 1862 hanc

112 1898 286 1997 primam,
313 1907 353 1970 et
380 1897 583 1986 obscuram,
608 1908 648 1972 et
664 1901 731 1974 vix
760 1900 1005 1999 detegendam
1023 1899 1202 1974 remedio-

111 2033 197 2086 rum
224 2011 421 2095 actionem,
448 2010 555 2108 siqua
572 2009 696 2099 fuerit,
724 2012 858 2088 medici
888 2013 1042 2087 interest
1056 2013 1203 2086 noviore

114 2123 269 2214 (scilicet
284 2147 370 2222 quae
383 2124 478 2196 adeo
506 2123 597 2198 levis
614 2135 653 2196 et
668 2123 785 2222 fugax
803 2135 870 2212 est,
898 2136 944 2199 ut
970 2149 1094 2224 neque
1121 2148 1203 2224 pro-

114 2235 221 2310 desse
235 2235 400 2310 multum
416 2258 538 2333 neque
556 2257 686 2308 nocere
701 2237 843 2333 possit),
872 2235 936 2308 sed
953 2237 1130 2310 effectum
1146 2235 1202 2309 ul-

113 2349 265 2436 timum,
297 2357 337 2421 et
364 2347 544 2436 ualidum,
578 2356 617 2422 et
646 2347 893 2434 manifestum,
927 2357 966 2420 et
998 2346 1204 2421 durabilem

112 2460 215 2549 ecire,
244 2462 284 2535 in
303 2483 378 2560 quo
395 2461 451 2535 vis
468 2471 506 2535 et
524 2485 612 2536 usus
628 2482 760 2534 eorum
784 2457 894 2558 plane
916 2459 1136 2542 consistunt,
1164 2467 1205 2529 et

112 2574 293 2647 rationem
320 2573 527 2673 intelligere
551 2572 654 2646 hunc
676 2571 807 2646 utilem
826 2569 1003 2645 effectum
1020 2592 1085 2644 seu
1110 2567 1204 2642 salu-

112 2697 234 2759 tarem
250 2684 290 2758 in
316 2709 466 2785 corpore
484 2686 731 2759 mutationem
758 2682 969 2758 inducendi.
1020 2678 1211 2770 Quamvis*

112 2796 308 2872 veretalia
333 2795 381 2872 de
399 2798 454 2872 his
471 2808 510 2871 et
539 2797 670 2872 multis
696 2796 775 2870 aliis
799 2795 970 2870 remediis
995 2801 1206 2869 commenta

113 2908 254 2985 nullius
283 2911 430 2998 medici,
459 2934 582 3009 neque
611 2909 775 3009 profecto
791 2907 904 2984 ullius
928 2907 1005 2983 sani
1031 2907 1205 2982 attentio-

115 3043 203 3096 nem
219 3031 442 3110 mereantur,
458 3031 584 3096 tamen
602 3034 640 3097 ct
656 3022 762 3097 dccet
779 3008 817 3096 et
834 3031 981 3121 oportet
998 3045 1020 3094 a
1046 3019 1205 3119 philoso-

116 3132 206 3231 phia
220 3134 314 3207 adeo
329 3156 425 3207 vana
438 3144 479 3207 et
494 3134 631 3222 fallace,
654 3135 843 3210 scientiam
869 3145 1031 3209 nostram
1048 3130 1210 3232 pessime

115 3257 388 3343 corrumpente,
404 3245 499 3319 nilril
514 3246 618 3321 utilis
644 3248 683 3321 in
701 3271 740 3322 se
767 3248 991 3333 continente,
1019 3243 1207 3342 nequead

116 3355 234 3430 ullam
251 3356 453 3439 utilitatem
470 3358 657 3446 tendente,
688 3360 752 3433 sed
780 3359 1021 3442 medicorum,
1050 3366 1090 3429 et
1115 3378 1205 3453 prae-

115 3469 246 3543 sertim
273 3469 451 3558 tironum,
478 3472 619 3544 animoa
647 3471 695 3544 ob
721 3471 800 3546 aliis
816 3483 855 3546 et
872 3472 972 3546 seriis
996 3469 1105 3543 rebus
1121 3488 1206 3564 avo·

116 3589 235 3669 cante,
263 3581 393 3679 quales
421 3593 462 3658 et
490 3583 699 3680 potuissent
727 3593 765 3656 et
792 3584 1011 3658 meruissent
1036 3578 1206 3677 intelligi,

116 3693 222 3766 omni
240 3714 328 3766 cura
343 3702 382 3766 et
399 3694 592 3792 diligentia
609 3717 744 3769 cavere.
783 3695 926 3792 Nequis
942 3695 1059 3792 igitur
1067 3703 1208 3766 temere
1281 3696 1285 3704 '

117 3803 281 3878 confidat
297 3805 416 3880 effatis
434 3806 505 3879 illis
521 3806 569 3879 de
585 3805 741 3881 Naturae
757 3807 886 3881 ordine
895 3814 934 3879 et
950 3804 1207 3905 philosophan-

119 3915 158 3990 di
174 3915 323 4018 legibus
340 3919 475 4016 quibus
499 3919 671 3994 nonnulli
696 3941 734 3993 se
758 3918 948 3992 credentes
970 3915 1209 4016 philosophos

119 4039 236 4104 temet
261 4031 549 4106 circummunire
571 4040 739 4118 tentant;
765 4031 943 4105 nimirum
958 4054 1122 4130 quorum
1140 4026 1211 4100 alia

117 4161 211 4242 vaga
235 4154 275 4216 et
300 4142 433 4225 futilia,
459 4145 648 4220 ueletiam
665 4167 813 4247 prorsus
829 4141 917 4220 falsa
934 4145 1113 4228 existunt,
1140 4139 1211 4211 alia
