2678 4794
139 376 213 460 896
549 392 802 452 conaracrus
1017 390 1225 450 caum

139 572 188 646 ad
204 595 319 647 novas
347 581 385 647 et
412 570 574 646 insolitas
600 572 760 646 actiones
785 569 1005 645 excitandas.
1058 569 1123 646 Sic
1140 569 1224 647 folia

142 685 365 762 Centaureos
389 686 602 773 benedictae,
631 698 670 760 et
697 683 804 758 flores
830 681 1054 757 anthemidis
1079 682 1222 772 nobilis,

138 807 179 872 et
196 799 301 873 radix
316 799 500 898 gentianae
515 797 636 885 luteae,
653 796 712 871 vel
730 796 828 870 leves
841 805 988 868 tantum
1006 794 1160 869 illorum
1168 795 1222 869 in-

139 909 301 986 fusiones
316 910 451 1009 largius
478 910 539 984 vel
555 912 698 1009 parcius
716 909 865 997 haustae,
895 906 1149 983 ventriculum
1162 906 1221 982 vel

137 1023 185 1096 ad
201 1023 415 1097 validiorem
443 1023 626 1098 actionem
657 1020 860 1107 stimulant,
890 1020 950 1093 vel
975 1020 1088 1094 etiarn
1106 1021 1219 1095 vomi·

138 1143 222 1210 tum
255 1149 418 1211 movent.
494 1137 674 1211 Proxime
707 1158 858 1232 quoque
891 1141 975 1230 post
1007 1131 1218 1230 hujusmodi

135 1270 256 1321 amara
288 1249 560 1323 medicamenta
592 1248 768 1324 recenseri
801 1246 911 1320 debet
944 1243 1004 1331 fel,
1045 1245 1217 1320 nimirum

136 1359 239 1455 quod
256 1369 295 1434 et
310 1385 436 1460 parem
455 1360 660 1436 amaritiem
687 1371 727 1434 et
751 1358 908 1433 similem
926 1358 1004 1430 vim
1031 1356 1217 1432 stimulan-

135 1480 213 1544 tem
232 1471 365 1547 habere
380 1473 542 1560 videtur,
569 1472 740 1571 quamvis
756 1471 826 1543 hoc
843 1493 889 1543 ex
906 1469 1139 1556 animalibus,
1162 1467 1217 1543 illa

134 1607 184 1656 ex
200 1582 370 1684 frugibus
387 1585 612 1660 deriventur.
652 1582 722 1658 Fel
737 1594 864 1656 autem
882 1606 962 1655 raro
979 1605 1048 1680 pro
1064 1582 1218 1657 medim-

135 1706 265 1770 mento
281 1697 537 1797 praescribitur.

186 1831 372 1885 mcxcvn.
390 1809 515 1884 Omne
531 1808 696 1906 deniqne
711 1831 830 1906 genus
847 1808 940 1894 vini,
965 1806 1045 1881 sive
1060 1830 1112 1881 ex
1130 1806 1217 1892 uvis,
1247 1877 1250 1883 .

134 1921 212 1992 sive
237 1947 284 1994 ex
310 1922 439 2018 pomis,
464 1922 542 1993 sive
568 1943 617 1993 ex
641 1919 720 1995 aliis
750 1921 932 1994 fructibus
961 1929 1148 2019 paratum,
1182 1930 1217 1994 et

130 2032 303 2133 eemvisia
339 2030 469 2117 omnis,
504 2040 544 2104 et
577 2033 699 2107 omnis
735 2032 858 2130 liquor
893 2033 1151 2120 fermentatus,
1181 2041 1216 2105 et

130 2141 250 2239 magis
265 2141 389 2217 adbuc
407 2144 618 2218 meraciores
634 2144 689 2218 illi
713 2145 848 2231 latices,
864 2143 1025 2244 spicitus
1041 2141 1216 2220 mambri

131 2252 233 2341 dicti,
258 2255 390 2353 quiex
407 2256 543 2330 talibus
559 2255 765 2355 liquoribus
782 2258 990 2357 perignem
1008 2257 1214 2342 eliciuntur,

129 2369 274 2466 corpori
315 2369 466 2444 stimulo
500 2379 589 2444 sunt
622 2371 838 2457 certissimo,
863 2379 902 2443 et
925 2369 1149 2468 gratissimo,
1172 2375 1215 2441 'et

132 2503 228 2578 saepe
253 2481 501 2571 saluberrimo,
528 2492 566 2557 et
590 2484 678 2556 satis
702 2481 870 2577 durabili.
934 2481 1023 2556 Hoc
1048 2479 1214 2556 inomni

130 2593 207 2665 fere
232 2593 421 2669 debilitate
446 2605 559 2692 atque
584 2595 771 2692 languore,
797 2595 874 2669 sive
899 2620 920 2666 a
944 2594 1061 2667 nimio
1087 2592 1215 2678 labore,

130 2704 209 2775 sive
225 2729 247 2777 a
262 2731 399 2806 magna
414 2707 677 2795 exinanitione,
695 2709 773 2781 sive
789 2732 811 2781 a
826 2707 931 2806 gravi
941 2707 1058 2781 animi
1070 2704 1213 2791 affectu,

129 2814 207 2885 sive
223 2838 244 2886 a
260 2815 372 2916 longa
388 2819 521 2905 inedia,
538 2819 616 2894 sive
632 2844 654 2892 a
669 2818 783 2919 longo
798 2818 939 2906 morbo,
967 2820 1046 2894 sive
1074 2814 1212 2916 agravi

128 2922 228 2996 febre
259 2928 485 3028 malignioris
508 2932 664 3027 generis,
689 2932 775 3005 satis
802 2933 1040 3031 perspicuum
1067 2945 1142 3003 est:
1171 2935 1210 2999 ct

128 3035 337 3111 istiusmodi
360 3039 438 3136 jam
456 3039 619 3113 remedia
644 3040 875 3140 (ubicunque
891 3042 1044 3118 stimulo
1066 3041 1213 3115 interno

127 3156 166 3220 et
190 3148 352 3246 generali
376 3174 470 3250 opus
494 3159 565 3247 est)
591 3175 613 3225 a
642 3151 793 3228 medicis
820 3155 942 3229 multo
963 3154 1101 3254 largius
1125 3177 1212 3253 prae-

126 3260 340 3337 scribuntur
363 3287 479 3363 quam
503 3260 593 3336 olim
611 3262 691 3337 fieri
717 3263 865 3353 solebat,
892 3276 932 3339 et
956 3266 1114 3364 quidem
1128 3289 1212 3341 cum

126 3372 264 3472 insigni
282 3375 542 3474 aegrotantium
562 3376 768 3452 commodo.

177 3504 380 3561 mcxcvnr.
407 3486 471 3559 Ex
488 3487 708 3564 animalibus
725 3490 979 3587 (mcnxxxvr)
996 3490 1211 3589 paucissima

124 3593 342 3670 derivantur
357 3597 587 3673 stimulantis
609 3601 887 3677 medicamenta.
937 3599 1069 3678 Meloe·
1082 3603 1210 3677 vesica·

125 3706 242 3782 torius
259 3732 346 3781 sane
362 3711 500 3811 insigni
517 3713 555 3786 vi
574 3709 792 3788 stimulante
808 3713 944 3814 pollet:
973 3715 1038 3788 sed
1063 3723 1211 3815 propter

125 3819 277 3893 nimiam
305 3845 411 3896 suam
435 3825 685 3914 acrimoniam,
709 3851 800 3914 raro,
825 3838 864 3900 et
888 3850 1006 3926 parce,
1041 3837 1083 3902 et
1107 3835 1209 3903 caute

122 3932 278 4006 omnino
295 3932 531 4011 devorandus
545 3939 811 4037 praescribitur:
833 3939 910 4014 cuti
927 3948 1055 4014 antem
1074 3939 1208 4014 extrin-

125 4065 229 4118 secus
253 4044 426 4120 admotus
451 4049 570 4124 forma
594 4050 781 4149 emplastri
798 4051 859 4125 vel
883 4053 1082 4150 unguenti,
1109 4048 1208 4127 omni

122 4153 199 4230 sere
215 4157 378 4256 periculo
395 4171 504 4245 caret,
533 4172 572 4235 et
603 4163 671 4237 boo
686 4164 801 4237 modo
817 4163 985 4262 quotidie
1014 4163 1209 4264 praescribi·

122 4277 195 4358 tur,
220 4280 259 4344 et
282 4271 420 4370 partim
444 4297 512 4347 suo
550 4275 712 4365 stimulo,
738 4275 871 4375 partim
900 4275 982 4353 aliis
1007 4276 1209 4360 effectibus
