2678 4794
107 297 144 355 r.
160 293 260 353 xxa.
337 292 561 350 uanrcmn
579 269 867 354 raaoa'arrem.
1071 281 1142 356 ³21

107 475 236 553 anibua
258 472 331 548 fere
354 473 491 575 quibus
513 471 630 575 vulgo
646 475 790 550 utimur
808 473 899 550 cibis
922 471 1149 550 dffiuluma

107 587 311 688 nonquitur,
335 589 537 686 praesertim
561 597 717 678 tortum,
739 610 829 661 oum
853 596 1003 686 propter
1027 586 1143 686 irmig-

107 726 147 777 m
170 699 416 789 tenacitatem,
442 710 527 776 turn
551 723 704 799 quoque
724 709 876 799 propter
891 698 1017 774 oleum
1033 722 1144 774 auum

107 824 184 891 tum
200 821 240 887 et
255 811 417 887 friatum.
468 813 661 888 Vetustior
677 812 831 911 quidem
847 834 982 899 caseus,
1007 821 1046 886 et
1061 811 1144 910 jam

107 950 162 1003 ue
176 934 385 1024 oorruptur,
415 925 581 1001 amultis
598 935 775 999 mneoetu
802 925 888 998 satis
903 922 1017 998 facilis
1041 945 1144 1023 repe·

107 1062 170 1126 ur;
197 1038 294 1137 quin
319 1047 358 1112 et
389 1037 501 1112 multi
523 1045 668 1136 putant,
685 1060 773 1111 eum
789 1058 865 1109 non
890 1035 1003 1108 modo
1017 1036 1144 1134 ipsum

107 1148 160 1226 ile
187 1149 379 1248 concoqui,
420 1151 485 1224 sed
523 1150 679 1223 aliorum
709 1172 860 1247 quoque
882 1148 1143 1226 alimentorum

107 1262 330 1337 abortionem
347 1284 574 1360 promovere,
599 1261 801 1359 prasertim
819 1284 904 1358 quae
926 1260 1142 1335 naturaliter

119 1396 262 1449 oaorem
277 1385 451 1474 vergunt.
502 1373 591 1448 Hoc
605 1383 743 1461 autem,
760 1381 806 1446 ut
822 1372 980 1461 videtur,
1005 1370 1143 1447 benefi-

107 1506 171 1573 rm,
182 1485 305 1585 potius
321 1486 562 1563 tribuendum
580 1495 636 1561 eat
652 1482 804 1559 stimulo
820 1506 934 1582 quem
950 1483 1142 1558 infirmiori

107 1596 264 1672 utriculo
286 1598 463 1696 impertit,
486 1621 600 1696 quam
615 1595 777 1696 putridae
793 1596 872 1694 ejus
888 1606 1040 1687 natura,
1056 1618 1143 1697 quae

115 1707 232 1809 vulgo
250 1709 417 1785 creditur
432 1712 528 1783 acori
544 1709 636 1793 adeo
653 1708 876 1784 adversatur.

107 1831 262 1897 laxvru.
288 1821 364 1895 Far
379 1845 491 1895 omne
506 1823 722 1922 priusquam
739 1821 1002 1897 fermentatum
1017 1820 1141 1911 luerit,

107 1943 233 2009 annau
257 1932 409 2008 difficile
444 1945 510 2023 est,
547 1946 586 2008 et
620 1933 705 2009 ideo
728 1933 967 2009 validioribus
990 1944 1141 2010 tantum

107 2044 270 2121 ntrioulir
295 2047 637 2138 aooommodotum3
662 2047 778 2146 probe
802 2057 930 2123 autem
946 2046 1142 2123 fermenta-

107 2180 140 2233 ω
162 2156 333 2233 facillime
357 2160 610 2258 oonooquitur,
635 2158 688 2234 ita
717 2170 761 2232 ut
790 2160 851 2233 vel
874 2159 1141 2236 delicatissimis

107 2270 203 2361 ¹rotis
225 2272 433 2347 conveniat.
495 2271 583 2344 Pari
607 2271 748 2344 ratione
771 2270 911 2346 radioes
935 2273 1142 2361 esculentae,

107 2380 175 2459 luti
199 2378 356 2472 buttatm
382 2408 469 2482 quae
492 2382 653 2457 multam
676 2380 831 2456 farinam
856 2380 1004 2471 habent,
1027 2406 1143 2483 aegro-

107 2492 224 2570 rtibua
247 2518 379 2594 parum
403 2493 692 2570 accommodata
715 2503 812 2569 aunt
879 2494 985 2582 Quin
1022 2506 1063 2569 et
1094 2493 1144 2569 ob
1245 2560 1250 2575 ,

107 2604 215 2681 adam
238 2628 382 2685 oausam
408 2608 599 2708 legumina
622 2605 752 2692 multa,
788 2604 905 2681 veluti
922 2606 1031 2704 pisa,
1039 2606 1143 2694 fabae,

118 2715 262 2807 similia,
298 2744 385 2820 quoe
409 2722 500 2795 dum
527 2729 652 2793 tenera
681 2727 721 2792 et
745 2717 879 2792 viridia
903 2718 1025 2795 adbuc
1053 2728 1143 2794 aunt

107 2852 147 2905 ao
161 2827 267 2905 facile
290 2842 584 2932 concoquuntur,
610 2840 655 2906 ut
678 2829 862 2930 plerisque
888 2831 1038 2930 aegrotia
1054 2840 1141 2906 tuto

107 2941 329 3032 rmittantur,
346 2945 627 3048 quamprimum
643 2954 908 3032 maturescunt,
931 2953 971 3018 et
987 2943 1144 3020 farraoea
1291 2995 1295 3004 ·

106 3063 163 3141 nt,
178 3053 388 3131 difficiliora
403 3069 583 3133 concoctu
597 3055 774 3133 evadunt.

107 3186 230 3247 mx.
267 3166 469 3267 Pleraeque.
486 3169 625 3245 radioes
649 3168 856 3256 esculentae,
892 3178 1007 3269 atque
1030 3169 1142 3260 olera,

107 3274 175 3351 luti
184 3300 327 3377 rapum,
340 3291 407 3355 aut
416 3283 611 3380 pastinaca,
626 3290 694 3356 aut
703 3281 867 3369 brassica,
876 3290 943 3355 aut
954 3279 1143 3380 spinacia

107 3410 133 3463 o
154 3387 235 3488 ipoa
259 3393 441 3467 teneriora
465 3403 564 3476 sunt.
590 3416 635 3466 eo
659 3392 800 3469 facilius
824 3392 900 3467 fere
923 3392 971 3467 ab
994 3380 1144 3468 infirmo

107 3500 262 3577 utriculo
278 3516 572 3604 oonooquuntur.
622 3504 758 3604 Neque
773 3515 923 3580 tantum
949 3504 995 3578 ad
1024 3528 1147 3606 genua·

107 3612 176 3691 rba*
190 3638 307 3715 quam
323 3618 370 3691 ad
387 3616 675 3692 teneritudinem
693 3618 774 3716 ejus
792 3627 954 3717 spectare
973 3628 1143 3718 oportet:

107 3726 207 3803 asina
223 3729 325 3804 enim
342 3730 551 3805 eommunis
568 3752 636 3827 pro
650 3728 733 3803 cibo
749 3738 947 3829 assumpta,
968 3730 1143 3805 robustis·

107 3838 153 3914 rio
169 3841 364 3916 interdum
374 3842 477 3916 oneri
493 3852 561 3928 est,
573 3840 667 3916 dum
680 3837 907 3943 coulssorum
918 3853 984 3917 aut
998 3838 1144 3928 brutuli,-
1179 3916 1183 3923 ,

107 3948 294 4027 iratissimi
312 3978 408 4053 aaepe
425 3955 581 4054 impune
596 3951 726 4041 edunt,
738 3964 777 4026 et
791 3952 1143 4052 beneoonooquunt.

107 4082 204 4139 ω.
231 4064 353 4141 Poma
377 4066 482 4141 mitia
508 4066 731 4166 plerumque
753 4064 954 4141 admodum
972 4064 1145 4140 salutaria

107 4183 153 4265 nt,
192 4186 231 4250 et
258 4201 279 4250 a
304 4176 433 4251 multia
458 4178 596 4255 morbis
632 4176 831 4277 aliquando
855 4177 1071 4265 defendunt
1105 4182 1144 4269 et

587 4313 614 4364 x
