2678 4794
190 305 263 375 484
588 310 840 368 cousrneros
1022 309 1115 364 car.
1135 310 1290 366 xxxiv.

245 512 398 568 crocces.
425 491 565 565 Praeter
581 511 671 563 vero
687 488 799 564 istum
816 485 1029 583 similesque
1054 499 1185 562 status
1211 513 1286 563 ma

138 678 141 683 .
195 606 298 680 teriae
315 630 400 704 quae
415 605 455 678 in
472 601 676 679 ventriculo
691 602 804 689 adest,
829 609 918 675 sunt
949 609 988 673 et
1018 600 1201 696 quaedam
1232 603 1285 701 in

195 719 282 805 sius,
307 717 516 816 etquidem
544 714 707 790 universi
733 714 893 813 corporis
922 711 1171 801 conditiones,
1198 739 1283 812 quae

195 829 350 905 effeetus
367 830 720 904 medicamentorum
747 825 963 923 hujusmodi
979 825 1089 898 valde
1118 826 1278 901 incertos

195 942 381 1028 reddunt;
406 941 531 1040 quales
548 952 637 1014 sunt
654 949 790 1040 torpor,
807 938 884 1011 sive
897 935 1060 1035 specialis
1074 937 1156 1011 sive
1168 964 1274 1037 gene

194 1054 288 1143 ralis,
314 1067 352 1129 et
367 1054 496 1152 ignota
511 1053 581 1127 ista
596 1050 761 1126 conditio
771 1048 928 1150 generis
944 1048 1095 1124 neruosi
1120 1075 1209 1149 quae
1237 1053 1271 1124 in

194 1167 334 1241 insania
349 1165 517 1240 occurrit.

243 1299 411 1352 Mccccv1.
438 1277 622 1365 Quamvis
650 1276 752 1351 haud
768 1301 847 1351 raro
862 1276 1107 1350 vomitionem
1136 1276 1269 1375 aliquo

192 1387 261 1462 ties
278 1400 444 1489 repetere
455 1390 661 1478 conveniat,
686 1390 890 1465 cavendum
920 1397 976 1464 est
1001 1412 1049 1462 ne
1080 1390 1169 1487 quis
1194 1414 1267 1464 eam

192 1512 358 1601 repetere
391 1503 565 1603 suscipiat
594 1503 712 1579 donec
739 1502 832 1578 nihil
861 1501 1018 1600 amplius
1044 1503 1209 1577 morbosi
1233 1502 1268 1574 in

192 1615 340 1690 vomitu
353 1629 544 1715 appaream
571 1639 666 1714 saepe
678 1617 790 1704 enim,
808 1615 925 1689 veluti
937 1617 976 1689 in
989 1615 1033 1688 iis
1046 1615 1115 1713 qui
1127 1615 1268 1714 glutine

193 1735 260 1802 aut
276 1751 379 1802 acore
392 1726 597 1815 ventriculi,
614 1727 675 1801 vel
686 1727 786 1802 febre
798 1726 1079 1815 immittente,
1097 1725 1267 1812 laborant,

194 1839 312 1913 multa
328 1840 481 1913 materia
496 1839 664 1912 morbosa
685 1838 897 1935 reperietur,
922 1839 1093 1938 quamvis
1109 1841 1268 1914 vomitus

193 1950 369 2046 quotidie,
394 1948 453 2021 vel
471 1951 602 2048 saepius
630 1949 671 2022 in
700 1950 772 2037 die,
796 1952 976 2051 repetitus
991 1949 1117 2026 fuerit.
1170 1953 1267 2041 Quin

191 2067 231 2134 et
246 2060 411 2133 vomitus
427 2060 538 2134 nimis
556 2060 741 2160 frequens,
764 2061 953 2136 infirmato
981 2061 1121 2138 scilicet
1137 2065 1267 2139 ventri·

191 2170 287 2258 culo,
312 2181 352 2244 et
365 2170 453 2247 laesa
468 2171 634 2247 alimenti
650 2175 896 2263 concoctione,
920 2175 1035 2251 talem
1062 2178 1267 2255 morbomm

191 2282 383 2357 materiam
401 2308 498 2383 saepe
513 2287 666 2385 gignere
682 2287 840 2361 videtur.

241 2418 429 2471 arccccvu.
458 2397 616 2474 Prodest
640 2424 746 2498 saepe,
770 2399 972 2498 prasertim
989 2398 1029 2473 in
1046 2399 1159 2476 valde
1174 2402 1266 2477 infir·

190 2510 273 2598 mis,
281 2511 406 2609 iisque
417 2511 485 2608 qui
496 2511 661 2587 multum
671 2511 801 2611 agitati
810 2512 959 2599 fuerint,
976 2521 1063 2610 post
1071 2516 1266 2603 vomitum,

189 2623 406 2720 anodynurn
423 2621 518 2710 dare,
535 2622 638 2721 quod
655 2632 796 2699 tantam
808 2624 1048 2724 agitationem
1061 2637 1263 2727 componat,

190 2757 440 2832 somnumque
456 2733 636 2824 conciliet,
665 2737 835 2835 viresque
850 2735 998 2811 reficiat.
1050 2738 1144 2815 Tale
1158 2740 1260 2813 etiam

191 2843 503 2919 medicamentum
519 2846 647 2927 inhoc
662 2857 760 2923 statu
786 2849 927 2937 datum,
953 2849 1081 2927 sudori
1106 2850 1255 2928 multum

191 2957 302 3044 lavet,
327 2979 442 3054 quem
460 2958 623 3033 vomitus
639 2958 731 3034 solet
746 2959 884 3037 elicere.
