2678 4794
83 289 172 351 cur.
190 289 287 346 xxx.
380 292 601 348 nnmerum
619 294 910 353 rnnonnrrcn.
947 332 951 337 -
1093 284 1166 356 401

77 492 144 544 sus
160 466 413 550 vehementior
429 471 570 569 corpori
587 471 740 547 stimulo
755 480 837 572 est),
862 473 998 571 partim
1014 498 1166 573 quoque

10 643 27 661 „
78 593 233 681 propter
248 583 325 657 vim
342 608 446 656 suam
463 585 649 683 propriam
668 609 742 683 qna
760 585 946 658 musculos
956 587 1069 660 etiam
1086 588 1166 661 sine

25 686 41 713 ⁵
78 718 190 770 sensu
207 693 330 783 afficit,
346 696 465 774 veluti
482 697 512 771 si
528 698 629 772 cordi
645 696 812 773 animalis
829 696 952 795 frigidi
977 700 1166 798 sanguinis

75 830 103 880 e
119 831 268 905 corpore
290 806 371 904 jam
387 819 518 883 execto
535 810 659 884 subito
684 809 878 884 admotnr'n
896 810 1017 884 fuerit.
1069 811 1167 884 Diu·

78 928 236 995 turnum
253 945 342 995 vero
369 921 498 1021 frigus,
527 923 698 1021 quamvis
726 946 802 995 non
831 923 943 997 nimis
965 911 1167 1010 intensum,
1205 947 1208 953 ⁴

77 1033 287 1106 remedium
304 1034 476 1109 roborans
493 1036 541 1108 sit
570 1035 671 1110 haud
687 1035 1014 1122 contemnendum,
1040 1047 1166 1111 tamen

78 1146 236 1219 minime
252 1146 421 1220 stimulat
437 1172 578 1246 corpus,
597 1148 661 1222 sed
674 1149 797 1246 potius
810 1148 925 1237 sedat,
940 1173 1166 1247 sensumque

79 1258 230 1346 minuit,
247 1270 447 1357 motusque
464 1283 591 1334 omnes
608 1261 783 1361 reprimit.

95 1467 98 1471 ι
131 1392 271 1446 nccvr.
297 1370 469 1470 Corporis
485 1397 637 1471 quoque
653 1373 877 1460 exercitatio,
906 1374 1049 1448 ratione
1065 1373 1167 1448 haud

79 1480 245 1570 obscinn,
270 1483 466 1558 stimulum
494 1486 528 1558 ei
566 1485 733 1584 impertit
762 1485 848 1559 satis
864 1484 1041 1572 validum,
1070 1487 1168 1560 etin

80 1594 306 1692 quibusdam
345 1596 480 1670 morbis
516 1597 767 1684 utilissimum,
805 1597 960 1696 aliisque
992 1599 1166 1673 omnibus

80 1717 269 1806 quotquot
297 1710 437 1807 cogniti
461 1709 600 1784 fuerint
625 1710 784 1785 stimulis
809 1709 917 1809 plane
943 1720 1167 1810 anteponen-

78 1820 183 1895 dum.
260 1821 347 1896 Hoc
371 1822 554 1921 imprimis
578 1846 709 1897 verum
747 1832 803 1897 est
835 1822 1017 1921 siquando
1042 1833 1169 1897 motus

76 1932 270 2032 sanguinis
303 1933 411 2007 variis
435 1933 482 2007 de
508 1937 624 2009 causis
658 1945 792 2035 praeter
819 1945 987 2009 naturam
1013 1933 1169 2034 languet

79 2044 326 2142 (caccum),
353 2059 391 2121 et
416 2045 623 2121 functiones
648 2048 820 2146 quaedam
844 2048 891 2122 ab
916 2047 980 2125 illo
1004 2048 1168 2147 penden-

77 2167 148 2244 tes,
182 2160 333 2233 secretio
369 2160 572 2258 praesertim
606 2169 720 2258 atque
756 2161 918 2234 excretio
951 2185 1017 2258 per
1040 2169 1169 2236 cutem

78 2271 307 2368 (nccxxrx),
336 2280 377 2345 et
401 2272 591 2346 interdum
608 2295 674 2370 per
698 2294 813 2358 renes,
838 2270 950 2345 simul
975 2271 1168 2346 deficiunt.

78 2382 216 2482 Neque
233 2383 396 2482 profecto
412 2382 562 2459 defuere
578 2383 759 2483 exempla,
776 2383 840 2458 ubi
852 2393 1051 2481 postquam
1068 2383 1170 2457 istud

76 2496 216 2571 vitium
230 2521 275 2570 eo
291 2521 410 2595 usque
422 2497 663 2594 processisset,
680 2505 725 2569 ut
743 2495 1168 2594 hydrops-(ccccnxxrr)

77 2606 190 2707 plane
200 2609 362 2698 instaret,
378 2607 440 2682 vel
450 2608 531 2706 jam
548 2609 825 2708 ingravesceret,
842 2609 1037 2706 omnisque
1053 2608 1171 2707 igitur

77 2719 254 2795 valetudo
270 2721 309 2795 in
328 2745 476 2795 summo
493 2731 698 2796 versaretur
714 2721 934 2810 discrimine,
957 2743 1025 2820 per
1040 2721 1170 2796 stimu-

76 2832 160 2908 lurn
176 2833 320 2908 idoneae
336 2845 375 2907 et
391 2834 526 2908 crebrae
541 2835 825 2922 exercitationis,
854 2835 1044 2934 sanguinis
1060 2845 1170 2911 motu

75 2946 149 3020 rite
172 2947 349 3045 expedito
382 2947 630 3039 <ccccxxv11‚
664 2969 909 3035 ccccxxvrn,
943 2958 1170 3048 ccccxxrx),

76 3056 243 3158 hydrops
261 3058 410 3158 fugatus
427 3060 552 3151 fuerit,
576 3071 615 3134 et
631 3060 721 3161 aegri
737 3060 887 3159 penitus
904 3060 1169 3136 convaluerint.

77 3169 186 3245 Hinc
202 3172 325 3259 etiam,
350 3196 482 3270 magna
509 3172 640 3247 saltem
665 3198 714 3247 ex
739 3183 853 3272 parte,
878 3173 1017 3271 pendet
1033 3173 1169 3248 benefi-

76 3282 179 3358 cium
197 3283 300 3358 istud
315 3285 471 3385 insigne,
488 3296 527 3360 et
544 3286 682 3384 (siquid
697 3286 745 3359 de
761 3285 903 3358 viribus
919 3284 1170 3360 remediorum

76 3407 220 3471 certum
257 3396 330 3470 dici
367 3405 503 3495 potest)
521 3448 525 3456 -
541 3410 685 3473 certum
710 3407 823 3497 atque
848 3407 1028 3484 constans,
1066 3395 1170 3494 quod

74 3506 191 3582 multi
207 3510 297 3607 aegri
315 3510 453 3583 morbis
470 3509 626 3583 vetustis
642 3508 847 3584 laborantes
863 3535 885 3583 a
894 3508 998 3606 justa
1009 3509 1169 3609 corporis

73 3621 341 3695 exercitatione
352 3622 544 3719 accipiunt
562 3621 689 3711 (Mem
706 3631 744 3695 et
761 3629 888 3721 seqq).

126 3755 287 3808 srccvrr.
314 3735 411 3808 Haec
426 3742 553 3806 autern
570 3757 646 3806 non
664 3734 777 3808 modo
801 3735 955 3808 incitato
979 3735 1169 3836 sanguinis

74 3854 185 3919 motu
205 3845 263 3919 vei
280 3857 406 3921 totum
423 3869 555 3943 corpus
568 3844 629 3919 vel
644 3856 765 3945 partes
782 3856 822 3921 et
837 3845 1044 3920 functiones
1063 3872 1169 3944 quas-

74 3955 164 4030 dam
181 3981 258 4056 prae
274 3958 425 4058 reliquis
443 3956 625 4049 stimulat,
654 3982 783 4033 verum
801 3959 952 4058 insuper
980 3984 1046 4057 per
1062 3957 1169 4033 effec-

73 4079 161 4145 tum
179 4094 291 4144 suum
309 4071 348 4144 in
370 4094 514 4169 genere
541 4093 708 4159 nervoso,
735 4071 860 4146 minus
890 4070 1045 4169 quidem
1061 4069 1168 4145 intel-

72 4179 226 4270 lectum,
255 4183 318 4265 sed
349 4207 423 4259 non
451 4185 577 4261 minus
594 4193 748 4273 certum,
776 4193 901 4259 toturn
921 4204 1054 4279 corpus
1072 4182 1168 4256 exci-

596 4320 658 4371 cc
