2678 4794
620 285 714 360 xxiii

126 479 316 582 pulerunt:
356 501 431 555 nec
462 503 661 666 ppprsquam
688 483 887 582 provineiae
914 494 1048 562 nostroe
1072 489 1197 566 existit

128 594 277 693 angulus
293 592 391 668 adeo
407 603 464 669 ste
522 618 539 668 s
555 607 593 670 et
609 596 785 694 ingratus,
812 596 902 694 quin
919 599 1087 696 agricolis
1100 601 1196 675 labo·

125 728 195 780 rem
213 705 353 806 largius
369 705 434 780 vel
450 706 591 804 parcius
620 708 913 783 remuneraverit
925 715 954 779 4
964 710 1019 785 Et
1035 711 1196 810 profecto
1215 728 1231 772 τ

122 820 309 917 opiniones
326 818 415 894 sotis
431 818 577 916 ineptae,
603 818 703 893 haud
727 844 807 894 ram
822 820 869 894 ad
885 821 1031 920 egregia
1058 834 1097 897 et
1126 823 1198 897 uti·

122 929 258 1005 lissima
285 932 440 1005 invento
473 929 638 1005 homines
671 933 946 1030 perduxerunt3
983 957 1116 1033 neque,
1153 942 1199 1009 ut

124 1045 263 1140 opinor,
287 1042 378 1116 levis
394 1043 575 1116 momenti
591 1041 675 1129 fuit,
700 1043 769 1117 hoe
785 1043 898 1118 modo
912 1045 1080 1120 didicisse
1097 1045 1199 1143 quod

125 1180 198 1231 non
213 1155 287 1229 fuit
302 1154 454 1240 bonum,
478 1164 543 1227 sut
559 1152 662 1240 utile,
686 1164 753 1229 aut
770 1179 923 1241 verum;
948 1157 1198 1254 conjunctissi-

126 1293 187 1343 ma
200 1268 299 1341 enim
316 1266 396 1340 talis
412 1267 546 1339 notitia
572 1289 667 1363 saepe
695 1275 751 1341 est
779 1291 865 1341 curn
896 1268 1046 1343 seientia
1074 1292 1199 1343 rerum

130 1404 222 1478 quas
236 1380 375 1453 novisse
388 1378 580 1475 cupirnus3
605 1377 784 1451 nimirum
801 1403 885 1476 quae
900 1378 947 1452 ad
965 1404 1089 1455 veram
1106 1379 1198 1478 sapi·

127 1493 263 1566 entiam
280 1492 374 1565 viam
393 1500 585 1578 monstrat,
610 1489 797 1565 monendo
814 1491 968 1588 quinam
994 1491 1099 1566 ealles
1124 1490 1199 1564 evi-

126 1605 226 1680 tandi
243 1605 327 1692 sint,
350 1613 390 1676 et
406 1627 522 1701 quam
538 1603 637 1676 viam
655 1602 800 1701 ingredi
829 1604 1033 1677 conveniat.
1085 1600 1200 1690 Quod

125 1721 154 1792 si
169 1716 302 1792 medici
318 1714 488 1789 nondum
504 1714 631 1789 alienis
655 1713 827 1813 perieulis
852 1714 1061 1812 sapiverint‚
1086 1715 1126 1786 in
1155 1714 1199 1787 iis

123 1841 219 1904 oerte
233 1839 289 1904 est
305 1828 426 1902 omnis
443 1826 569 1925 eulpa;
596 1836 652 1902 sat
678 1827 781 1900 enirn
804 1849 989 1925 superque
1013 1824 1199 1924 exemplo-

126 1965 207 2015 rum
223 1942 432 2016 habuerunt
449 1964 533 2037 quae
550 1940 789 2015 monuissent.

171 2053 311 2128 “Illud
338 2052 519 2138 interim‚‘'
555 2053 606 2125 ait
640 2053 785 2138 Bucen,
824 2053 955 2126 “circa
984 2049 1198 2148 hujusmodi

124 2167 413 2266 “experimenta
429 2186 643 2250 monemus;
669 2176 715 2240 ut
741 2189 852 2239 nemo
880 2166 1004 2239 animo
1020 2163 1199 2249 eonoidat,

127 2278 346 2376 “autquasi
362 2273 619 2363 oonfundatur,
645 2276 675 2349 si
702 2276 953 2375 experimenta
979 2276 1116 2373 quibus
1144 2273 1200 2346 in·

129 2402 149 2431 ‘⁶
165 2390 320 2477 cumbat,
345 2388 593 2487 expectationi
619 2411 695 2460 suae
723 2410 798 2460 non
827 2386 1079 2482 respondeant.
1130 2384 1200 2455 Et-

132 2511 153 2542 “
168 2501 267 2574 enirn
287 2500 386 2600 quod
415 2497 578 2575 suocedit
607 2498 725 2593 magis
754 2496 997 2592 complaceat3
1035 2505 1074 2566 at
1098 2492 1201 2589 quod

132 2623 154 2654 “
167 2636 239 2686 non
269 2611 440 2700 suooedit,
478 2631 731 2708 saepenumero
759 2628 836 2680 non
866 2605 990 2678 minus
1018 2602 1201 2678 informat.

128 2736 149 2768 “
165 2726 296 2824 Atque
311 2722 405 2798 illud
419 2745 561 2820 semper
572 2720 612 2793 in
625 2720 751 2794 animo
767 2717 970 2793 tenendum
990 2715 1103 2814 (quod
1122 2739 1202 2813 per-

129 2847 277 2936 “petuo
292 2835 546 2932 incusamus),
564 2833 817 2931 experimenta
833 2829 992 2916 lucifera,
1010 2828 1121 2902 etiam
1139 2826 1201 2900 ad-

129 2961 149 2993 “
164 2949 236 3023 hue
248 2949 366 3047 magis
378 2971 493 3045 quam
502 2942 697 3030 fructifera,
711 2942 904 3017 ambienda
916 2966 991 3014 esse
1001 2945 1052 3014 *.''
1103 2940 1201 3012 Prae-

129 3072 222 3135 terea
249 3084 325 3134 non
355 3058 510 3132 minima
526 3056 709 3130 variarum
740 3079 831 3153 quas
854 3052 1024 3129 Theoriae
1041 3051 1201 3125 Medicae

132 3175 317 3272 scriptores
333 3171 542 3245 habuerunt
558 3167 777 3266 opinionum
791 3165 930 3240 utilitas
942 3163 1024 3251 fuit,
1041 3188 1097 3237 res
1109 3185 1202 3260 quas

131 3282 353 3359 observando
368 3293 434 3356 aut
451 3277 673 3378 experiendo
698 3277 919 3362 didicissent,
945 3285 983 3347 et
1011 3298 1094 3347 eum
1123 3273 1202 3347 aliis
1311 3368 1317 3377 ¹

129 3396 398 3471 communicare
414 3402 600 3489 cuperent,
626 3386 901 3489 quodammodo
925 3385 1091 3459 ordinare
1107 3396 1145 3457 et
1162 3385 1203 3457 in

129 3507 276 3582 formam
295 3462 480 3591 redueifre,
496 3525 582 3601 quae
599 3501 704 3574 aliter
719 3524 859 3598 sparsae,
882 3507 920 3570 et
936 3495 1105 3583 consusae,
1122 3495 1204 3570 nul-

129 3620 238 3720 loque
254 3617 407 3696 vinculo
423 3618 519 3690 inter
536 3640 573 3688 se
590 3636 774 3699 connexae,
800 3635 922 3708 neque
948 3609 1124 3683 memoria
1152 3629 1205 3680 re·

131 3733 237 3807 tineri
256 3731 476 3832 potuissent,
502 3749 623 3824 neque
652 3723 699 3797 ad
728 3723 921 3797 arbitrium
952 3719 1112 3794 revoeari
1140 3726 1206 3791 aut

129 3844 241 3944 seligi.
294 3844 406 3916 Laxo
421 3864 509 3914 vero
538 3849 576 3911 et
603 3833 722 3934 fragili
750 3833 901 3909 vinculo
928 3834 985 3906 uti
1015 3829 1206 3930 praestabat

129 3981 240 4056 quarn
254 3955 372 4032 nullo.

377 4186 395 4225 *
418 4186 465 4248 De
481 4188 617 4269 augmen
632 4185 735 4246 Scieut.
749 4184 798 4244 lib.
812 4183 840 4243 5.
855 4201 914 4257 cap.
929 4183 958 4238 2.
