2678 4794
129 431 217 486 CAP.
235 430 320 484 xx1.
420 429 641 486 MEDICINAE
659 429 948 486 THEORETICAE.
1141 423 1229 495 235·

129 633 203 706 que
219 616 275 681 est
290 605 424 682 ovorio
441 609 529 707 ipsa,
554 609 623 683 hoc
639 608 752 682 modo
777 608 936 694 evoluta,
962 607 1009 680 ad
1026 630 1211 706 suumque

127 720 277 803 tandem
295 743 435 793 munus
453 721 622 808 valentia,
639 720 810 795 humores
823 720 1004 818 quosdam
1021 720 1212 795 foecundos

125 856 323 918 secernere,
349 832 416 930 qui
441 833 592 907 demum
610 857 675 931 per
700 857 811 907 suum
829 832 1024 907 stimulum
1046 843 1214 920 uterum,

125 958 324 1045 partesque
342 944 489 1032 vicinas,
506 945 710 1044 plurimum
728 945 899 1032 afficiant,
917 946 1213 1043 sanguinemque

126 1058 310 1156 imprimis
326 1057 366 1129 in
384 1058 546 1155 ipsarum
564 1059 710 1131 arterias
726 1058 888 1132 invitent
907 1059 1153 1154 (eccenxxv).
1240 1120 1248 1133 ,

173 1192 389 1244 Dccuxxu.
410 1168 593 1243 Foeminis
611 1194 707 1257 ver0,
724 1194 801 1267 prae
814 1171 912 1256 viris,
929 1171 1069 1243 arteriae
1085 1194 1212 1244 omnes

127 1306 272 1379 eapaoes
289 1293 327 1355 et
344 1281 447 1367 laxae,
474 1305 560 1354 cum
577 1283 682 1356 venis
698 1293 926 1380 comparatae,
952 1282 1211 1358 observantur:

132 1401 241 1468 uorsa
265 1394 486 1467 descendens
504 1394 696 1493 imprimis,
721 1393 876 1491 ejusque
894 1394 984 1465 rami
1011 1397 1212 1490 praesertim

130 1505 193 1602 qui
219 1504 266 1577 ad
291 1515 440 1579 uterum
466 1507 638 1592 tendunt,
664 1505 892 1603 praecaeteris
915 1530 1063 1603 capaces
1081 1506 1209 1580 etlaxi

129 1625 223 1690 sunt.
274 1618 402 1704 Porro,
428 1617 520 1690 rami
537 1617 747 1691 arteriarum
766 1619 873 1703 uteri,
891 1617 1015 1716 ampli,
1041 1617 1211 1705 flexuosi,
1287 1665 1290 1671 -

126 1730 334 1828 serpentini,
373 1730 420 1803 ad
463 1730 740 1829 congerendam
775 1730 993 1828 sanguinem
1032 1730 1211 1826 aptissimi

126 1841 322 1916 videntur:
350 1852 525 1940 congesto
537 1868 624 1917 vero
638 1843 817 1942 sanguine
834 1843 986 1940 turgidi,
1003 1843 1041 1915 iu
1061 1843 1211 1915 uterum

125 1952 251 2028 multis
267 1953 400 2028 osculis
418 1956 531 2043 hiant,
558 1957 850 2054 sanguinemque
868 1957 906 2027 in
924 1980 1011 2028 eum
1033 1954 1209 2039 fundunt,

125 2087 188 2162 per
203 2067 375 2165 vaginam
393 2066 496 2140 brevi
513 2068 734 2164 elapsurum.
1256 2065 1262 2072 ’

171 2202 403 2254 nccuxxln.
418 2179 613 2252 Probabile
624 2181 741 2277 igitur
754 2194 820 2265 est,
832 2180 1013 2265 foemiuas,
1027 2205 1103 2277 prae
1113 2181 1211 2269 viris,
1294 2208 1297 2213 ·

125 2291 168 2365 ad
185 2290 378 2390 sanguinis
395 2291 666 2389 plenitudinem
684 2291 863 2388 proclives
882 2317 980 2375 esse;
1006 2294 1109 2389 quod
1126 2317 1211 2366 sane

126 2402 285 2501 plurima
312 2403 542 2492 confirmant,
567 2406 779 2501 praesertim,
805 2429 937 2501 quum,
967 2403 1103 2476 lentius
1119 2429 1212 2477 cres-

128 2527 231 2590 cente
249 2540 409 2613 corpore,
427 2516 563 2589 humor
575 2517 742 2589 nutriens
755 2516 821 2613 qui
838 2527 987 2612 paratur
1004 2538 1077 2586 nou
1092 2516 1212 2587 omnis

129 2630 359 2702 nutrimento
384 2629 462 2725 ejus
487 2627 737 2725 impenditur;
767 2626 953 2726 probabile
978 2650 1129 2724 quoque
1146 2636 1214 2714 est,

130 2741 281 2815 nimiam
309 2740 496 2838 sanguinis
522 2741 663 2840 copiam
690 2743 728 2813 in
755 2741 894 2812 arteriis
919 2741 1103 2837 praecipue
1128 2762 1212 2812 con·

128 2853 211 2950 geri,
239 2867 278 2926 et
303 2853 487 2950 imprimis
512 2854 551 2925 in
577 2853 686 2926 ramis
712 2851 922 2937 laxioribus,
949 2853 1015 2950 qui
1042 2850 1212 2925 facillime

129 2963 402 3050 distenduntur,
441 2965 600 3063 ideoque
638 2966 797 3039 invasis
823 2966 929 3039 uteri.
1006 2966 1101 3040 Haec
1126 2989 1213 3055 vero

130 3075 285 3150 distenta
301 3086 340 3149 et
369 3077 508 3149 irritata
534 3077 580 3149 ad
610 3100 726 3151 novos
743 3090 780 3151 et
798 3077 990 3151 validiores
1008 3089 1133 3152 motus
1158 3078 1213 3150 in·

132 3187 297 3273 citantur,
316 3188 595 3286 humoremque,
613 3191 733 3286 primo
751 3200 900 3263 tenuem
917 3192 982 3263 vix
1000 3190 1213 3276 coloratum,

132 3321 194 3394 per
210 3299 330 3375 oscula
360 3301 399 3372 in
430 3311 576 3374 uterum
595 3301 735 3374 hiantia
751 3301 830 3396 jam
848 3300 1020 3374 nonnihil
1036 3300 1215 3397 patefacta

131 3412 355 3509 exprimunt,
374 3427 500 3509 postea
517 3437 605 3486 vero
621 3414 775 3487 rubrum
793 3414 1011 3511 sanguinem
1026 3411 1201 3487 fundunt.

175 3546 401 3599 nccuxxru
439 3524 622 3611 Quamvis
661 3525 738 3599 haec
775 3528 900 3599 omnia
938 3525 1214 3624 quodammodo

130 3635 279 3711 obscura
305 3651 343 3708 et
369 3637 507 3710 ineerta
532 3636 749 3721 videantur3
772 3647 917 3715 ‚tamen
958 3638 1058 3711 haud
1083 3655 1214 3736 parurn

131 3747 396 3823 confirmantur
416 3748 670 3822 observatione
688 3748 892 3822 multorum
923 3750 1114 3848 signorum
1131 3775 1216 3846 quse

131 3872 364 3958 erumpentes
382 3885 525 3935 menses
555 3860 770 3960 praecedunt
798 3871 836 3934 et
854 3862 1089 3936 comitantur.
1142 3862 1216 3936 Cu·

128 3966 288 4063 jusmodi
308 3982 395 4046 sunt
411 3973 537 4048 fluxus
554 3973 721 4048 humoris
737 3972 851 4048 albidi
867 3999 889 4049 e
905 3976 1051 4073 vagina,
1068 3972 1216 4048 incertis

134 4079 341 4169 intervallis,
361 4110 456 4184 saepe
472 4087 604 4185 longis,
633 4109 831 4173 recurrens,
849 4110 1070 4185 perannum
1099 4105 1215 4159 unum

136 4191 337 4269 alterumve
352 4208 438 4272 ante
467 4198 615 4297 plenam
633 4199 889 4297 pubertatem;
915 4198 1093 4272 lassitudo
1121 4196 1215 4268 inso-

136 4296 206 4393 lita,
224 4304 329 4381 dolor
343 4306 556 4385 lumborum
568 4321 606 4384 et
620 4312 760 4410 capitis,
774 4311 930 4406 vertigo,
943 4331 1086 4396 nausea,
1100 4329 1215 4382 mam·
