2678 4794
126 405 215 463 ω.
232 404 273 460 n
406 398 632 458 uumerus
648 399 974 462 marenca..
1161 399 1209 474 27

127 582 230 658 Hinc
243 578 467 668 monticoloe,
486 580 548 655 vel
564 581 632 680 qui
647 582 755 657 sicem
774 583 941 681 regiones
957 581 1141 674 habitant,
1165 586 1213 661 ab

126 694 248 771 incolis
265 693 512 769 humidat-um
528 703 568 769 et
580 692 843 794 -paludosarum
861 695 1025 771 multum
1044 696 1190 772 diversi.

134 870 138 875 .
167 829 382 885 Lxxxvm.
400 806 607 894 Postremo,
620 807 709 882 vitae
724 831 843 905 genus
859 808 905 882 ad
922 810 1085 883 eundem
1104 810 1211 886 effec-

124 928 202 995 tum
230 918 405 995 nonnihil
436 918 586 994 confert
651 920 880 996 Exercitatio
908 924 1078 1021 corporis,
1109 923 1213 1021 quod

125 1032 282 1108 niurium
316 1032 486 1108 humoris
517 1032 658 1119 fuisset,
696 1033 873 1131 exprimit
906 1045 1020 1133 atque
1054 1034 1212 1109 exhalat.

127 1143 279 1245 Ignavia
296 1145 523 1219 contrarium
547 1168 695 1243 prorsus
724 1143 900 1220 effectum
925 1146 1048 1234 habet,
1076 1159 1212 1246 partes·

130 1280 201 1355 que
216 1256 446 1334 humidiores
462 1257 650 1333 abundare
665 1256 763 1330 facit.

180 1391 359 1453 uxamx.
381 1369 539 1458 Verum,
564 1371 663 1445 salva
678 1369 833 1444 omnino
849 1372 1116 1469 compositione
1132 1372 1211 1450 cle-

132 1478 224 1555 nica
257 1479 453 1557 solidanum
486 1482 661 1580 partium,
697 1482 828 1557 harum
862 1483 1028 1558 conditio
1060 1485 1108 1558 ab
1131 1485 1212 1561 aliis

130 1593 245 1667 causis
260 1593 426 1668 multum
444 1593 541 1668 affici
553 1604 685 1693 potest.
736 1595 918 1670 Densatio
935 1597 1112 1671 nimirum
1131 1622 1211 1696 par-

128 1704 337 1795 ticularum,
361 1707 441 1780 sive
457 1730 477 1778 a
494 1707 611 1781 causis
626 1706 856 1794 mechanicas,
882 1708 960 1781 sive
985 1732 1006 1780 a
1031 1708 1149 1782 calore
1172 1718 1212 1784 et

124 1815 267 1918 frigore,
290 1818 430 1893 variam
448 1818 583 1893 efficiet
597 1821 712 1918 partis
727 1818 926 1917 cujuslibet
941 1818 1156 1895 firmitatem
1173 1830 1213 1895 et

124 1930 416 2007 vimresiliendi.
1238 1970 1240 1974 Α

170 2066 237 2120 xc.
263 2044 463 2132 Quantum
492 2046 553 2120 hic
579 2044 701 2120 valeat
732 2049 954 2146 compressio
986 2046 1211 2137 melanica,

125 2155 200 2231 elur.
230 2155 381 2259 Cliston
411 2157 691 2258 Wntringlrarn
721 2161 977 2259 experimenta
1004 2158 1212 2234 luculenter

125 2267 514 2345 docent-Distentio
529 2295 679 2370 quoque
692 2271 802 2348 solidi
818 2271 994 2348 animalis
1010 2272 1115 2347 dotes
1131 2271 1211 2370 ejus

122 2378 199 2476 jam
214 2391 433 2457 memoratas
451 2381 549 2457 baud
562 2408 694 2482 parurn
711 2383 835 2457 afficit.
887 2385 977 2470 Quo
992 2382 1076 2479 plus
1092 2383 1212 2457 tendi·

130 2500 204 2579 tur,
229 2516 274 2567 eo
288 2494 425 2581 durius,
451 2506 490 2570 et
513 2496 668 2582 firmius,
694 2506 732 2568 et
758 2495 875 2591 magis
899 2493 1063 2566 resiliens
1078 2493 1213 2580 evadit,

130 2588 249 2702 scone
264 2604 450 2688 difficilius
466 2608 679 2683 ulteriorem
696 2606 839 2704 patitur
855 2604 1130 2688 distentionem,
1149 2603 1213 2677 do-

127 2738 193 2792 nee
210 2718 373 2807 tandem,
391 2720 549 2820 amplius
566 2717 727 2794 distendi
744 2717 953 2817 impatiens,
974 2740 1071 2790 nova
1087 2715 1215 2803 admo

127 2838 163 2903 ts
185 2830 237 2918 vi,
262 2830 480 2908 distrahitur
508 2844 547 2907 et
572 2831 810 2928 dirumpitur,
841 2838 1011 2930 superata
1032 2829 1213 2903 nimirum

127 2942 391 3039 particularum
427 2945 645 3031 adhaesione,
682 2968 757 3042 qua
790 2938 884 3018 haec‘
902 2941 1057 3017 debilior
1089 2941 1212 3017 fuerit.

129 3052 230 3131 Hinc
245 3057 353 3145 ratio,
377 3080 455 3133 non
469 3057 579 3158 plene
594 3055 748 3156 quidem
773 3054 873 3146 (nam
891 3054 1056 3130 multum
1074 3054 1215 3154 pendet

130 3168 341 3268 aprincipio
357 3168 473 3257 vitali,
498 3172 693 3270 primaque
709 3167 869 3266 corporis
885 3167 1034 3266 fabrica)
1061 3167 1126 3241 sed
1151 3166 1215 3241 ali-

130 3290 312 3376 quatenus
345 3281 488 3370 saltem,
524 3280 741 3356 deducenda
771 3290 827 3354 est
855 3280 1060 3353 multarum
1089 3302 1215 3354 rerum

129 3414 212 3489 quae
227 3394 370 3468 summi
386 3395 569 3467 momenti
586 3401 697 3476 sunt;
722 3392 882 3490 corporis
898 3392 1127 3480 incrementi,
1144 3401 1215 3468 sta-

130 3513 199 3592 tus,
240 3504 527 3593 imminutionis,
568 3501 754 3578 firmitatis
786 3503 905 3578 indies
938 3503 1141 3594 crescentis,
1175 3513 1215 3578 et

129 3618 256 3692 mortis
273 3617 399 3692 senilis
414 3616 647 3694 inevitabilis.

122 3748 150 3786 κ
175 3752 259 3805 xor.
284 3730 402 3805 Varia
417 3729 568 3807 fortasse
585 3730 785 3809 solidarum
802 3730 964 3830 partium
982 3730 1144 3805 densitas
1168 3727 1216 3802 ab

130 3840 205 3939 ipsa
220 3840 370 3918 Natura
384 3843 582 3919 derivatur.
636 3844 709 3920 Sed
726 3844 844 3943 magis
856 3851 1001 3918 constat
1016 3843 1064 3917 de
1074 3841 1216 3916 viribus

133 3956 415 4044 exercitationis,
438 3967 505 4032 aut
529 3958 699 4056 ignaviae,
724 3957 763 4031 in
789 3965 887 4030 statu
915 3955 1116 4029 earundem
1133 3972 1217 4024 mu·

135 4066 254 4143 teudo.
305 4069 479 4158 Quarum
496 4069 614 4168 igitur
641 4070 796 4145 effectus
811 4067 1008 4168 generales,
1033 4076 1110 4140 tam
1127 4058 1218 4132 boni

136 4202 245 4276 quam
262 4180 363 4269 mali,
381 4180 421 4254 in
437 4182 603 4281 partibus
619 4181 754 4268 solidis,
778 4179 884 4256 facile
899 4177 1167 4274 mtelligentur·
1268 4242 1275 4251 .

184 4314 282 4369 xou.
308 4294 440 4381 Porro,
463 4294 642 4373 diunrma
656 4297 784 4396 quiete
818 4316 903 4393 pars
918 4287 1095 4391 quelibet
1109 4283 1218 4356 nalu-
