2694 4792
143 333 216 421 498
515 348 767 409 consancrus
978 348 1077 403 cnr.
1096 349 1251 406 xxm

147 534 355 608 dicamenta
370 532 408 605 in
426 554 558 629 corpus
568 539 724 628 recepta,
741 527 884 604 urinam
902 550 981 601 esse
999 524 1143 602 citura
1197 528 1250 603 Et

147 645 313 745 profecto
349 644 474 718 omnia
507 641 708 731 efficaciora
739 639 1014 715 medicamenta
1049 638 1244 716 diaeretica

147 768 238 832 sunt
255 756 314 833 vel
338 766 449 855 potus
474 753 667 841 diluentes,
692 751 754 827 vel
783 751 872 827 sales
901 750 1033 850 aliqui,
1061 753 1129 826 vel
1148 753 1243 827 varia

147 869 252 957 acria,
277 894 363 968 quae
379 892 466 942 cum
483 867 664 965 sanguine
686 865 734 939 ad
759 888 864 938 renes
879 862 1003 937 delata
1020 862 1092 938 hos
1111 866 1239 940 stimu-

146 981 235 1068 lent,
260 982 361 1056 etad
378 980 617 1056 secretionem
648 977 757 1052 solito
783 976 1026 1075 copiosiorem
1055 978 1234 1053 excitent

146 1093 244 1169 Sunt
260 1092 409 1192 quidem
427 1093 495 1191 qui
511 1093 722 1190 opinantur,
740 1088 937 1164 stimulum
952 1087 1145 1164 idoneum
1163 1090 1232 1164 aliis

144 1214 183 1277 et
199 1206 285 1279 satis
309 1205 460 1279 remotis
489 1204 665 1303 partibus,
690 1201 808 1277 veluti
838 1202 1025 1276 intestinis
1057 1214 1131 1278 aut
1162 1203 1229 1277 cuti

144 1315 350 1405 admotum,
388 1341 474 1391 cum
499 1316 648 1390 renibus
677 1314 729 1390 ita
757 1339 863 1414 posse
890 1316 1166 1391 'communicari
1190 1326 1227 1389 ut

144 1428 289 1503 urinam
306 1438 478 1514 moveat;
503 1439 542 1503 et
558 1427 701 1526 aliquid
724 1425 938 1526 hujusmodi
965 1426 1163 1503 interdum
1179 1451 1226 1502 ae·

144 1540 265 1621 cidere
283 1542 369 1615 satis
386 1539 624 1615 manifestum
641 1547 708 1614 est

194 1675 462 1729 mccccxnvu.
486 1651 603 1727 Actio
618 1675 771 1752 quoque
786 1650 929 1740 salium,
947 1662 987 1726 et
1005 1654 1177 1728 omnium
1192 1677 1223 1725 a·

142 1766 261 1840 crium
279 1765 644 1853 medicamentorum,
670 1763 778 1839 valde
793 1775 1043 1864 promovetur
1071 1764 1223 1840 bibendo

143 1877 307 1951 multum
321 1887 455 1975 potum
466 1876 695 1950 diluentem:
722 1877 929 1951 hocantem
943 1876 984 1950 in
1003 1876 1222 1976 quibusdam

140 1987 276 2061 morbis
293 2009 368 2061 non
386 2010 530 2085 semper
545 1988 732 2076 convenit,
757 1999 796 2063 et
824 1989 950 2063 minus
977 1990 1104 2066 adhuc
1131 2012 1221 2088 sape

140 2099 315 2172 convenit
332 2097 512 2173 diluentis
529 2098 604 2173 sola
620 2100 706 2174 dare
715 2101 762 2173 ad
775 2101 1053 2200 provocandam
1064 2103 1219 2185 urinam

139 2211 313 2307 quamvis
330 2211 431 2284 enim
448 2210 529 2285 haec
544 2211 742 2310 aliquando
771 2211 856 2312 plns
883 2225 1052 2313 augeant
1081 2214 1217 2290 urinam

141 2345 256 2422 quam
274 2323 443 2422 portione
459 2333 570 2422 potus
587 2325 653 2423 qui
670 2322 824 2405 haustus
840 2323 971 2412 fuerat,
999 2338 1042 2402 et
1066 2328 1120 2402 sic
1141 2349 1218 2401 vere

139 2434 326 2510 diaeretica
343 2435 446 2522 fiant,
471 2437 513 2511 id
528 2436 684 2511 minime
699 2445 923 2536 perpetuum
941 2448 1013 2527 est,
1038 2449 1079 2514 et
1096 2441 1166 2514 nisi
1179 2439 1215 2512 lit

139 2547 235 2622 nihil
251 2547 326 2622 fere
341 2544 542 2647 proficitur,
560 2572 681 2648 neque
693 2573 780 2624 sane
792 2559 938 2623 tantum
955 2562 1075 2654 potus
1091 2553 1215 2628 incon

137 2659 250 2734 modo
266 2668 333 2734 aut
348 2662 535 2736 interdum
553 2661 716 2761 periculo
732 2660 857 2760 aliquo
873 2663 1028 2739 carebit

188 2792 469 2850 Mccccxuvrn.
488 2774 772 2849 Oinervondum
782 2784 838 2850 est
848 2776 1039 2852 actionem
1056 2779 1211 2853 omnium

137 2881 418 2974 dioretieorum,
443 2886 669 2961 diluentium
685 2887 831 2986 pariter,
856 2897 895 2963 et
911 2886 1064 2978 salium,
1088 2887 1213 2964 etalio

135 3019 220 3069 rum
239 2998 390 3085 acrium,
414 2992 575 3096 pendere
591 2997 755 3074 multum
778 3025 801 3074 a
825 3010 923 3075 statu
941 3003 1103 3103 corporis
1117 2999 1214 3100 quod

135 3107 182 3180 ad
199 3107 354 3182 calorem
372 3108 433 3183 vel
459 3109 589 3210 frigus,
612 3113 913 3187 exercitationem
940 3115 1008 3188 vel
1038 3117 1212 3216 quietem:

135 3222 254 3295 omnis
283 3222 383 3296 enim
410 3223 516 3311 calor,
541 3236 581 3299 et
596 3225 796 3299 vehemens
820 3225 1058 3317 exercitatio,
1083 3225 1214 3302 exlala

135 3334 274 3408 tionem
293 3359 359 3433 per
374 3348 500 3410 cutem
529 3347 569 3412 et
597 3336 770 3411 sudorem
787 3337 985 3436 insigniter
1000 3348 1214 3437 promovent

134 3452 172 3517 et
188 3458 339 3544 augent,
363 3461 400 3521 et
419 3449 562 3522 urinam
581 3473 647 3548 pro
663 3465 741 3525 rata
756 3460 861 3549 parte
875 3448 1085 3538 cohibent;
1111 3453 1215 3551 frigus

135 3578 231 3642 vero,
249 3568 288 3632 et
305 3557 421 3633 lenior
438 3561 652 3635 exercitatio
668 3562 706 3635 in
724 3569 806 3636 aere
822 3560 971 3660 frigido,
993 3565 1213 3640 contrarium

131 3691 278 3766 pmrsus
304 3669 480 3746 effectum
498 3672 656 3759 habent;
682 3698 760 3771 quo
775 3674 820 3749 fit
836 3687 881 3748 ut
896 3675 1029 3748 omnia
1048 3676 1128 3751 fere
1142 3675 1213 3750 diu·

131 3779 248 3855 retica
261 3783 534 3859 medicamenta
544 3784 598 3859 ita
609 3785 774 3859 adbiberi
790 3787 942 3885 possint,
962 3800 1008 3862 ut
1027 3813 1103 3888 pro
1118 3790 1213 3865 urim

130 3893 302 3967 sudorem
317 3895 486 3984 elicitnt3
511 3898 713 3997 omniaque
728 3898 804 3972 fere
819 3898 867 3972 ad
883 3897 1063 3976 sudorem
1078 3902 1212 3977 elicieu

127 4001 218 4077 dum
237 4009 421 4104 praescribi
438 4008 554 4098 solita,
580 4012 725 4085 urinam
742 4009 942 4108 aliquando
958 4027 1157 4089 moveant

177 4132 427 4194 ucccoxtrx.
455 4120 611 4220 Singula
627 4147 717 4197 vero
740 4123 1011 4198 medicamenta
1028 4125 1213 4203 diorum

124 4227 227 4328 quod
243 4231 387 4321 attinet,
405 4231 497 4307 adeo
513 4258 709 4312 numerosa
726 4247 814 4312 sunt
827 4243 872 4311 ut
884 4259 986 4336 tegre
1004 4259 1212 4316 recensente
