2678 4794
204 317 278 393 268
597 333 849 393 consensius
1072 335 1278 391 canxmr.

201 522 362 613 pectore,
376 522 416 589 et
431 521 572 597 tiunco,
601 519 640 583 et
655 509 910 608 capiteadhuc
925 520 1117 607 superstes.
1167 514 1279 586 Idem

200 626 242 701 in
258 629 433 727 pulmone
441 624 522 722 jam
537 620 717 708 deficiens,
733 620 1001 701 anhelationem
1019 624 1218 718 quandam,
1238 632 1280 698 et

200 741 472 839 respirationem
507 734 719 808 laboriosam
757 731 900 806 inducit
925 734 1019 829 (nc),
1056 733 1103 805 ad
1127 758 1281 831 promo·

200 852 366 927 vendum
389 846 575 945 sauguinis
600 846 796 920 transitum
820 868 886 943 per
909 844 1133 943 pulmonem.
1182 846 1280 919 Hoc

126 1034 130 1043 .
200 964 349 1039 tandem
372 967 506 1034 oonatu
546 982 677 1057 parum
702 957 859 1044 valente,
888 957 1098 1055 viribusque
1122 959 1279 1055 penitus

70 1130 73 1135 ·
199 1072 395 1158 exhaustis,
412 1069 557 1145 ultimae
572 1072 813 1170 inspirationi,
829 1071 1009 1170 expiratio
1019 1069 1138 1167 longa,
1154 1069 1281 1166 plena,

197 1209 261 1258 sua
286 1195 417 1283 sponte
442 1183 626 1269 succedit;
668 1184 914 1282 omnibusque
948 1181 1198 1256 functionibus
1227 1180 1280 1254 od

195 1296 312 1370 vitam
348 1294 555 1371 necessariis
592 1295 703 1371 simul
726 1295 960 1382 cessantibus,
996 1295 1073 1368 haec
1107 1292 1213 1367 facile
1235 1303 1278 1367 et

194 1405 274 1481 sine
289 1408 531 1484 convulsione
547 1433 632 1483 cum
650 1419 770 1483 morte
786 1417 1046 1483 eommutatur.

245 1543 464 1598 ncccnxxr.
489 1522 602 1594 Varia
630 1530 767 1607 autem,
792 1530 925 1619 praeter
953 1521 1046 1593 hanc
1072 1517 1220 1593 senilem
1238 1528 1280 1595 et

194 1633 411 1722 naturalem,
436 1659 522 1734 quae
537 1635 707 1708 omniurn
731 1633 807 1707 sere
834 1633 1014 1707 rarissima
1030 1631 1197 1707 habenda
1221 1642 1278 1707 est

195 1745 433 1845 (ncccnxrx),
470 1748 637 1822 existunt
672 1745 801 1819 mortis
826 1768 981 1843 genera;
1024 1746 1135 1818 variae
1167 1744 1277 1819 nimi·

192 1883 289 1947 rum,
307 1872 345 1933 et
362 1884 477 1958 prope
492 1861 695 1932 innumerae
711 1881 829 1930 causae
844 1866 942 1944 sunt,
967 1881 1053 1955 qnae
1069 1857 1276 1931 machinam

192 1971 285 2043 adeo
301 1970 493 2043 delicatam
510 1979 622 2068 atque
646 1970 898 2070 compositam,
916 1979 1048 2068 totque
1074 1969 1276 2044 functioni-

192 2080 263 2154 bus
288 2091 540 2156 conservatam
564 2107 607 2156 ao
631 2106 761 2180 corpus
786 2081 1005 2170 humanum,
1041 2105 1276 2180 eorrumpere

193 2195 345 2291 possint,
371 2205 410 2267 et
435 2195 585 2268 tandem
610 2192 796 2268 adfinem
824 2195 1043 2294 perducere;
1072 2195 1275 2293 praesertim

194 2329 313 2404 quum
331 2307 441 2381 variae
456 2307 535 2406 ejus
551 2319 672 2406 partes
688 2307 871 2406 variaeque
887 2307 1092 2381 functiones
1121 2308 1175 2381 ita
1190 2330 1274 2381 oon·

188 2416 416 2518 junguntur,
453 2430 498 2494 ut
521 2420 601 2495 aliae
624 2420 670 2494 ab
693 2418 772 2494 aliis
797 2420 904 2519 plane
928 2419 1201 2505 sustineantur;
1235 2431 1274 2494 et

194 2531 311 2629 igitur
336 2531 458 2631 siquid
484 2534 601 2608 cuivis
626 2558 748 2607 earum
775 2533 944 2606 acciderit
974 2530 1069 2617 mali,
1093 2555 1169 2606 non
1195 2530 1273 2629 ejus

195 2643 327 2730 solum,
344 2646 408 2717 sed
425 2646 540 2720 totius
556 2645 706 2721 fortasse
721 2646 902 2720 machinae
916 2645 1011 2719 vires
1028 2644 1139 2720 simul
1167 2644 1272 2719 oolla·

192 2752 337 2828 bantur.

240 2887 470 2941 ncccnxxu.
491 2869 631 2942 Omnes
648 2893 735 2943 vero
752 2869 958 2942 istiusmodi
976 2894 1099 2944 causas
1119 2891 1269 2942 enume-

189 2998 277 3059 rare,
294 2999 417 3073 neque
433 3002 489 3051 res
506 2979 585 3076 ipsa
599 2977 772 3076 postulat,
789 3002 911 3077 neque
926 2983 1045 3078 operis
1064 2979 1171 3079 hujus
1187 3003 1269 3079 pro·

188 3086 349 3185 positum
387 3088 484 3162 sinit.
561 3090 625 3163 Sat
661 3091 773 3164 fuerit
797 3092 984 3165 monuisse
1008 3117 1067 3167 eas
1100 3116 1270 3166 numero·

190 3198 346 3274 sissimus
363 3224 450 3288 esse,
477 3209 516 3274 et
541 3201 588 3274 ab
616 3203 718 3274 omni
745 3214 847 3299 parte
869 3205 1024 3291 instare3
1050 3206 1270 3305 plerumque

189 3319 315 3385 tamen
334 3311 496 3404 (fortasse
512 3338 663 3412 semper,
688 3315 758 3389 nisi
775 3328 925 3416 propter
940 3342 1124 3392 summam
1143 3318 1269 3393 mortis

189 3422 412 3500 celeritatem
431 3427 647 3500 observandi
673 3426 774 3502 locus
790 3429 899 3528 plane
914 3431 1034 3530 desit),
1061 3430 1268 3530 qualiscun-

188 3558 263 3631 que
288 3535 400 3610 fuerit
424 3539 528 3637 origo
553 3563 616 3613 sen
642 3564 749 3615 causa
773 3545 947 3617 remotior
970 3544 1068 3630 mali,
1106 3543 1268 3643 aliquam

188 3645 422 3723 functionum
441 3650 621 3739 vitalium,
638 3653 819 3729 actionem
837 3680 970 3755 nempe
986 3655 1125 3730 cerebri
1141 3680 1268 3730 nervo·

187 3783 358 3857 rumque,
379 3773 446 3835 aut
463 3767 650 3864 sanguinis
667 3768 873 3856 circuitum,
902 3779 966 3843 aut
983 3768 1268 3866 respirationem,

185 3873 287 3970 prius
312 3875 483 3972 impediri
507 3890 574 3953 ant
597 3879 692 3967 laedi,
725 3890 793 3954 aut
816 3880 940 3978 aliquo
973 3880 1128 3953 demum
1156 3879 1269 3954 modo

183 3996 315 4084 praeter
331 3986 483 4062 solitum
500 3993 606 4079 affici,
624 4018 736 4092 quam
755 3993 832 4065 vita
848 3993 996 4089 penitus
1013 3993 1266 4092 extinguatur.

185 4100 372 4188 Quoniam
399 4126 497 4190 vero,
534 4114 579 4179 ut
597 4106 674 4201 jam
702 4104 914 4203 expositum
940 4116 1005 4190 est,
1043 4106 1266 4181 arctissimus

182 4211 247 4288 bas
258 4212 355 4289 inter
367 4214 575 4292 functiones
585 4217 779 4293 intercedit
791 4241 909 4293 nexus
920 4218 1088 4313 (ccccm,
1101 4227 1140 4292 et
1150 4221 1265 4317 seqq.)
