2678 4794
587 298 840 358 CONSPECTUS
1081 303 1167 359 CAP-
1185 302 1241 358 IX·

201 1077 292 1155 Car.
311 1076 500 1155 IX.-De
516 1077 611 1165 vua,
627 1076 781 1177 nosque
795 1069 1040 1150 vastetoribus
1055 1079 1091 1148 et
1107 1070 1219 1149 vitiis.

169 1733 364 1787 ccxxxvr.
398 1664 565 1800 ΒΑΜ,
582 1714 628 1787 ab
643 1712 745 1787 omni
761 1720 902 1811 puncto
918 1708 1075 1808 corporis
1091 1706 1249 1784 lucentis

167 1823 229 1899 vel
253 1824 452 1900 illuminati
477 1827 579 1925 quod
603 1825 906 1926 contemplamur,
932 1822 1172 1911 dimanantes,
1187 1819 1250 1896 vel

166 1935 306 2025 reflexi,
330 1938 369 2012 in
386 1960 558 2014 corneam
573 1940 670 2014 oculi
688 1937 937 2012 membranam
962 1934 1154 2008 incidunt:
1180 1932 1248 2032 qui

166 2047 276 2122 valde
292 2049 434 2150 obliqui
451 2061 549 2137 sunt,
578 2051 717 2139 reflexi,
733 2048 794 2124 vel
810 2049 849 2123 in
867 2069 962 2122 uvea
978 2045 1039 2120 vel
1055 2047 1248 2145 pigmento

165 2156 285 2259 nigro,
312 2162 413 2260 quod
424 2186 625 2264 proceram
650 2161 799 2240 ciliores
824 2160 969 2248 oblinit,
999 2158 1178 2246 suffocati,
1202 2155 1250 2230 ad

166 2269 357 2350 interiores
385 2274 483 2351 oculi
512 2285 633 2376 partes
665 2299 860 2375 nunquam
892 2272 1139 2372 perveniunt:
1180 2267 1249 2368 qui

166 2407 254 2461 vero
270 2388 404 2462 rectius
434 2388 473 2461 in
491 2413 662 2466 corneam
676 2388 849 2463 incidunt
875 2384 977 2471 radii,
1007 2408 1073 2483 per
1098 2380 1250 2482 pelluci-

167 2496 254 2571 dam
271 2498 374 2575 illam
390 2501 653 2589 membranam,
680 2500 802 2600 etqui
818 2498 986 2600 proxime
1001 2496 1101 2593 jacet
1118 2495 1249 2568 humo-

164 2632 241 2682 rem
259 2635 439 2711 aquosum
458 2614 669 2700 transmissi,
698 2614 745 2688 ad
762 2612 893 2687 lentem
909 2606 1154 2705 crystallinam
1167 2605 1247 2701 jam

165 2717 265 2793 haud
275 2724 573 2821 parnmsefracti
590 2725 821 2824 perveniunt.
872 2720 924 2790 Vi
940 2716 1051 2811 hujus
1067 2713 1187 2800 lentis,
1209 2727 1249 2789 et

166 2831 275 2903 vitrei
292 2833 456 2907 humoris
473 2836 540 2931 qui
556 2834 749 2932 proximus
764 2843 830 2914 est,
850 2827 967 2924 magis
983 2824 1104 2898 adhuc
1121 2825 1247 2899 refrin-

165 2948 318 3039 guntur,
331 2952 370 3015 et
382 2944 422 3015 in
434 2954 627 3040 punctum,
639 2965 703 3014 seu
703 2939 847 3041 focum,
860 2948 904 3012 ut
914 2947 1077 3024 vocatur,
1091 2937 1249 3015 demum

164 3048 401 3150 colliguntur,
431 3049 726 3150 pulcherrimam,
744 3052 968 3138 distinctam,
994 3051 1165 3149 quamvis
1194 3053 1250 3125 in·

164 3186 316 3251 versam,
345 3165 504 3263 corporis
522 3164 622 3238 unde
639 3162 895 3263 profluxerant
911 3163 1110 3261 imaginem
1140 3186 1251 3262 super

163 3275 323 3351 retinam
341 3277 533 3377 depicturi.

215 3410 430 3465 ccxxxvn.
457 3389 553 3465 Haec
576 3414 665 3464 vero
681 3388 937 3464 delicatissima
959 3410 1115 3462 nervosa
1130 3411 1248 3462 mem-

164 3497 286 3586 brana,
313 3500 487 3575 ultimum
514 3502 614 3576 visus
639 3524 819 3600 organum
844 3509 922 3584 est;
949 3510 988 3573 et
1012 3524 1061 3573 ex
1085 3499 1248 3599 imagine

166 3612 324 3708 corporis
349 3614 492 3687 inversa
508 3637 618 3712 super
634 3637 716 3686 eam
733 3612 888 3712 depicta,
914 3611 1038 3698 homo,
1055 3611 1245 3688 cerebrum

165 3746 397 3823 nervumque
413 3727 580 3825 opticum
608 3750 728 3812 sanus,
753 3749 885 3823 corpus
912 3724 1046 3822 ipsum,
1071 3737 1247 3812 erectum,

166 3834 394 3925 distinctum,
412 3837 643 3937 propriisque
659 3836 841 3912 coloribus
858 3859 1084 3934 expressum,
1101 3836 1214 3911 videt

213 3969 436 4024 ccxxxvm.
468 3948 568 4022 Varii
593 3951 729 4025 dantur
745 3947 842 4024 oculi
868 3948 1040 4022 humores
1064 3947 1248 4024 aNatura

165 4058 258 4133 nihil
281 4058 416 4135 frustra
439 4059 626 4149 moliente,
651 4061 822 4159 quamvis
851 4083 948 4134 unus
977 4060 1022 4132 ad
1048 4059 1167 4134 radios
1192 4086 1246 4135 re·

161 4170 383 4274 fringendos,
400 4182 439 4249 et
454 4173 494 4249 in
498 4171 630 4274 focum
646 4169 879 4271 colligendos,
896 4171 1178 4271 imaginemque
1201 4172 1241 4280 in
