2694 4792
121 312 195 386 462
530 312 781 388 cousrncrns
947 313 1043 371 car.
1063 314 1220 370 xxxru

122 499 341 580 salutaribus
357 497 498 597 corpori
515 497 634 571 insitis
649 493 853 579 detrahant,
877 490 1078 592 hujusque
1109 491 1216 567 func

122 617 243 693 tiones
268 612 472 698 intendant,
497 608 712 708 impediant,
737 603 968 705 perturbent,
993 605 1214 703 ipsumque,

124 723 380 803 deficientibus
397 723 535 798 viribus
552 721 627 796 suis
643 714 982 803 conservatricibus,
998 717 1212 791 innumeris

125 838 263 914 morbis
279 836 522 935 opportunius
538 832 701 908 reddant
754 828 889 928 Neque
916 827 1116 902 minimum
1148 852 1211 903 ea·

126 976 210 1028 rum
243 945 516 1023 incommodum
549 955 616 1031 est,
658 939 761 1042 quod
794 939 988 1039 frequente
1016 963 1099 1026 usu,
1133 951 1208 1014 aut

127 1062 238 1162 longa
254 1059 532 1146 consuetudine,
557 1057 636 1156 ipsa
661 1054 754 1128 vitia
781 1053 829 1127 ad
854 1077 940 1152 quae
964 1053 1207 1151 praecavenda

127 1174 284 1252 fuissent
300 1173 517 1271 praescriptae
533 1167 634 1244 haud
662 1189 743 1241 raro
758 1164 938 1239 inducant
955 1162 1017 1239 vel
1032 1177 1206 1263 augeant,

128 1285 287 1385 et-quod
302 1307 410 1384 saepe,
436 1281 604 1380 quamvis
628 1302 752 1355 revera
780 1273 1000 1377 penuriosus,
1026 1278 1206 1375 quodam-

128 1398 241 1472 modo
274 1396 481 1471 necessarias
513 1393 615 1481 fiant,
653 1390 713 1466 vel
741 1389 790 1465 ad
816 1387 1011 1464 arcendam
1041 1387 1204 1488 pejorem

130 1509 327 1609 perniciem
356 1509 611 1604 (Moccxnvr),
648 1502 709 1577 vel
735 1502 783 1577 ad
806 1500 1077 1601 promovendas
1105 1499 1206 1576 sunc-

130 1622 261 1708 tiones,
291 1646 376 1721 quae
392 1618 457 1694 tali
473 1617 612 1694 auxilio
636 1615 701 1690 diu
718 1623 880 1703 assueta,
904 1615 983 1689 sine
1007 1638 1056 1688 eo
1084 1612 1207 1712 perfici

131 1746 329 1833 nequeant,

183 1869 365 1923 ucccuu.
391 1847 487 1919 Haec
502 1844 718 1942 quicunque
741 1842 837 1917 bene
858 1837 1158 1928 consideraverit,
1179 1841 1209 1915 is

133 1957 237 2031 facile
253 1957 446 2056 perspiciet
462 1978 576 2053 quam
593 1955 715 2053 gravis
742 1964 782 2028 et
810 1952 1036 2053 perniciosus
1064 1953 1208 2028 illorum

132 2090 231 2141 error
256 2067 395 2152 suisset,
431 2068 497 2166 qui
527 2066 725 2143 credebant
755 2090 830 2141 non
856 2065 927 2141 alio
953 2066 1074 2166 magis
1100 2065 1210 2140 modo

132 2178 327 2253 sanitatem
343 2201 420 2253 esse
437 2179 616 2253 tuendam
645 2178 866 2277 morbosque
885 2177 1074 2266 arcendos,
1098 2201 1209 2276 quam

133 2289 275 2365 idoneis
309 2291 624 2366 exinanitionibus
669 2291 777 2366 certis
822 2290 1056 2389 temporibus
1099 2289 1210 2364 factis

133 2402 234 2477 Talis
250 2413 375 2478 autem
392 2403 492 2502 apud
504 2416 645 2478 veteres
658 2402 783 2500 opinio
794 2403 1004 2476 communis
1022 2412 1062 2477 et
1078 2401 1210 2501 passim

134 2525 280 2614 recepta
295 2515 379 2604 fuit,
403 2516 456 2591 ita
472 2526 517 2590 ut
533 2514 719 2590 nonnullis
744 2514 1072 2603 exinanitionibus,
1097 2512 1210 2588 vomi·

135 2627 299 2703 tionibus
315 2628 525 2726 presertim,
543 2637 581 2701 et
596 2627 671 2701 alvi
687 2625 981 2726 purgationibus,
997 2626 1124 2701 multo
1140 2650 1211 2699 ma·

110 2776 113 2783 ·
135 2739 193 2836 gis
211 2749 403 2816 uterentur
427 2764 494 2839 pro
522 2739 698 2838 presidiis
713 2740 820 2816 bonae
846 2739 1073 2815 valetudinis
1100 2762 1211 2839 quam

134 2872 203 2947 pro
218 2852 388 2927 remediis
405 2852 629 2927 morborum.
678 2853 765 2927 Pras
780 2851 953 2927 omnibus
969 2862 1108 2938 autem,
1127 2850 1206 2923 doc·

135 2960 232 3035 trina
248 2960 460 3052 suntrana,
485 2990 570 3063 quae
586 2963 780 3063 plerosque
805 2963 953 3040 morbos
979 2965 1103 3038 nimioe
1130 2983 1209 3035 san·

134 3074 260 3169 guinis
281 3074 518 3149 abundantiae
542 3075 764 3174 imputabat,
788 3075 850 3151 isti
866 3076 1038 3175 opinioni
1059 3073 1212 3150 favebat.

141 3182 224 3258 Non
238 3186 377 3260 mirum
387 3186 503 3286 igitur
514 3211 684 3275 errorem,
700 3188 922 3286 antiquitate
934 3211 1001 3262 sua
1013 3186 1121 3286 quasi
1133 3208 1215 3261 oon·

136 3308 371 3388 sacratumet
381 3323 602 3401 magnorum
613 3299 809 3377 nominum
820 3299 1216 3375 auctoritateomatum

136 3419 176 3482 et
192 3411 408 3501 stabilitum,
433 3415 531 3512 apud
550 3411 733 3512 populum
749 3411 788 3487 in
806 3411 934 3487 multis
960 3411 1143 3512 gentibus
1158 3408 1216 3482 ad·

135 3517 211 3590 huc
226 3520 357 3609 valere,
383 3533 422 3597 et
438 3522 605 3598 nondum
624 3547 710 3599 sane
726 3524 827 3623 apud
843 3523 1005 3598 medicos
1035 3521 1218 3622 quosdam

135 3629 285 3727 penitus
302 3632 528 3708 obsolevisse.
579 3634 715 3732 Neque
731 3634 893 3734 prolecto
915 3635 1137 3732 negandum
1155 3642 1219 3718 est,

135 3739 245 3814 talem
264 3744 492 3838 quarundam
510 3747 805 3822 exinanitionum
816 3771 938 3833 usum,
955 3746 1134 3845 quamvis
1147 3743 1220 3844 ple·

135 3876 293 3956 rumque
310 3858 568 3953 perniciosum,
593 3859 782 3933 interdum
812 3860 887 3932 non
914 3855 1091 3932 inutilem
1122 3880 1221 3938 esse,

136 3962 273 4040 scilicet
287 3966 328 4040 in
343 3967 388 4041 iis
405 3970 472 4067 qui
488 3982 669 4069 perpetuo
687 3969 782 4044 luxu
801 3982 840 4045 et
856 3968 1005 4070 ignavia
1017 3969 1140 4043 vitam
1158 3967 1220 4041 de·

43 4156 52 4163 ,
132 4083 241 4171 gunt,
271 4078 411 4178 quippe
427 4104 587 4177 quorum
605 4106 755 4181 corpora
771 4081 874 4158 lauto
889 4093 928 4156 et
944 4081 1095 4180 copioso
1114 4083 1222 4155 victu

134 4185 245 4260 nimis
261 4187 473 4288 implentur,
498 4216 568 4268 nec
584 4217 751 4294 unquam
772 4217 839 4293 per
855 4193 1026 4268 idoneam
1044 4194 1226 4269 exercita·
