2678 4794
101 350 160 409 uu.
177 346 331 407 xxvm.
365 341 586 400 uumcmu
605 340 892 398 uuuouuumu.
1077 326 1149 401 849

155 1342 253 1419 Cur.
269 1334 587 1414 XXVIII.-De
602 1331 773 1410 remediis
787 1330 1059 1409 roborantibus.

101 2240 168 2295 xc.
206 2175 468 2299 Puoxlssuus
486 2217 530 2292 iis
556 2218 736 2306 remediis,
761 2244 846 2318 quae
861 2219 1048 2294 universus
1074 2219 1155 2294 soli·

101 2329 432 2431 ”parteshumuni
450 2332 611 2430 eorpolis
622 2331 800 2419 afficiunt,
813 2332 935 2406 locum
954 2330 1156 2404 tenentillu

101 2466 156 2518 um
170 2452 292 2541 partes
316 2440 448 2516 solidus
465 2443 605 2532 vitales,
632 2444 821 2518 cerebrum
840 2441 986 2530 scilicet,
1013 2451 1051 2515 et
1076 2463 1156 2513 ner·

101 2578 151 2643 us,
166 2564 208 2629 et
223 2551 417 2641 musculos,
434 2553 613 2642 afficiunt,
629 2578 832 2655 eurumque
845 2556 940 2629 vires
951 2562 1017 2628 aut
1031 2551 1157 2625 defici-

101 2676 179 2742 utes
203 2665 364 2740 excitant
379 2677 493 2765 atque
510 2667 723 2755 intendunt,
749 2676 815 2744 aut
831 2667 961 2740 nimias
979 2665 1158 2738 minuunt

101 2777 347 2878 treprimunt.

118 2912 235 2967 nxcl.
272 2892 480 2990 Utcunque
508 2918 598 2968 vero
623 2893 787 2969 obseurae
810 2900 849 2965 et
877 2889 1155 2990 incomprehen-

101 3001 193 3079 biles
209 3003 286 3078 siut
303 3003 432 3078 hurum
450 3006 611 3103 partium
624 3005 815 3082 facultates
832 3006 972 3099 (cxvn,
989 3013 1028 3077 et
1044 3007 1158 3101 seqq.)

101 3138 185 3215 :que
207 3117 380 3204 actiones,
405 3118 497 3192 vitia
525 3119 653 3196 saltem
672 3144 798 3195 eurum
824 3141 947 3221 neque
964 3138 1080 3215 pauca
1095 3137 1158 3187 ue-

101 3250 147 3302 ue
171 3226 268 3303 levia
306 3228 489 3319 (eccm,
514 3242 553 3306 et
577 3241 692 3332 seqq.)
731 3232 817 3308 satis
841 3230 1035 3306 manifesta
1059 3236 1158 3311 sunt,

101 3340 241 3413 uamvis
266 3340 431 3439 profectu
455 3344 625 3419 nondum
661 3345 756 3420 bene
792 3343 988 3420 intellectu.
1062 3339 1161 3414 Haee

101 3476 223 3551 unque
248 3453 341 3528 vitia
378 3457 538 3531 remedia
561 3456 684 3532 valida
719 3467 758 3532 et
784 3457 943 3532 efficacia
971 3478 1017 3528 eo
1039 3451 1160 3550 magis

101 3563 269 3652 atulam,
295 3567 398 3664 quod
414 3581 453 3642 et
470 3569 547 3667 ipsu
564 3567 860 3677 frequentissima
877 3569 962 3654 sint,
994 3575 1033 3640 et
1050 3566 1159 3639 innu-

101 3698 259 3751 aerorum
285 3677 362 3752 sere
386 3690 425 3753 et
448 3682 748 3778 gravissimorum
762 3680 996 3780 quorundam
1016 3678 1159 3752 morbo-

101 3810 155 3861 ιω
179 3789 287 3888 origo
310 3800 350 3865 et
375 3816 482 3889 pars;
511 3792 685 3889 quonium
710 3795 751 3866 in
775 3793 949 3869 omuibus
972 3798 1159 3890 quotquot

101 3920 201 3999 *pus
226 3900 436 3977 humanum
461 3902 632 4003 fungitur
656 3905 796 3994 officiis,
826 3907 932 3979 nervi
957 3915 996 3980 et
1012 3926 1160 3977 muscu-

122 4011 259 4109 primas
288 4015 357 4089 sibi
383 4025 504 4115 partes
529 4017 732 4094 vindicant.
810 4018 886 4093 His
915 4018 1032 4118 igitur
1060 4014 1165 4093 laesis.

101 4120 194 4199 talia
210 4136 325 4226 atque
341 4127 411 4202 alia
426 4131 568 4205 ratione
596 4129 689 4205 mule
705 4155 744 4206 se
760 4130 996 4216 habentibus,
1028 4124 1164 4226 perspi-

101 4254 184 4313 uum
198 4249 266 4327 est,
292 4239 501 4321 mustiones
517 4245 686 4344 eorporis,
719 4244 779 4323 vel
795 4243 990 4347 quisdam,
1007 4238 1069 4313 vul
1086 4257 1163 4309 om·
