<?xml version="1.0" encoding="UTF-8"?>
<!DOCTYPE html PUBLIC "-//W3C//DTD XHTML 1.0 Transitional//EN"
    "http://www.w3.org/TR/xhtml1/DTD/xhtml1-transitional.dtd">
<html xmlns="http://www.w3.org/1999/xhtml" xml:lang="en" lang="en">
 <head>
  <title>
</title>
<meta http-equiv="Content-Type" content="text/html;charset=utf-8" />
  <meta name='ocr-system' content='tesseract 3.04.00' />
  <meta name='ocr-capabilities' content='ocr_page ocr_carea ocr_par ocr_line ocrx_word'/>
</head>
<body>
  <div class='ocr_page' id='page_1' title='image "./conspectusmedic01greggoog_0587.png"; bbox 0 0 2694 4792; ppageno 0'>
   <div class='ocr_carea' id='block_1_1' title="bbox 128 288 1223 390">
    <p class='ocr_par' dir='ltr' id='par_1_1' title="bbox 128 288 1223 390">
     <span class='ocr_line' id='line_1_1' title="bbox 128 288 1223 390; baseline -0.009 -1"><span class='ocrx_word' id='word_1_1' title='bbox 128 321 201 390; x_wconf 78' lang='lat'>538</span> <span class='ocrx_word' id='word_1_2' title='bbox 320 288 326 293; x_wconf 50' lang='grc'><strong>’</strong></span> <span class='ocrx_word' id='word_1_3' title='bbox 412 340 416 345; x_wconf 94' lang='grc'><em>·</em></span> <span class='ocrx_word' id='word_1_4' title='bbox 498 325 750 384; x_wconf 74' lang='lat' dir='ltr'>contarenus</span> <span class='ocrx_word' id='word_1_5' title='bbox 968 324 1065 378; x_wconf 75' lang='lat' dir='ltr'>car.</span> <span class='ocrx_word' id='word_1_6' title='bbox 1084 325 1223 380; x_wconf 75' lang='lat' dir='ltr'>mm</span> 
     </span>
    </p>
   </div>
   <div class='ocr_carea' id='block_1_2' title="bbox 129 499 1223 1951">
    <p class='ocr_par' dir='ltr' id='par_1_2' title="bbox 129 499 1223 720">
     <span class='ocr_line' id='line_1_2' title="bbox 129 499 1223 606; baseline -0.005 -22"><span class='ocrx_word' id='word_1_7' title='bbox 129 509 255 584; x_wconf 90' lang='lat' dir='ltr'>statim</span> <span class='ocrx_word' id='word_1_8' title='bbox 270 513 420 606; x_wconf 84' lang='lat' dir='ltr'>aspectu</span> <span class='ocrx_word' id='word_1_9' title='bbox 437 515 589 580; x_wconf 89' lang='lat' dir='ltr'>auctura</span> <span class='ocrx_word' id='word_1_10' title='bbox 605 503 831 589; x_wconf 87' lang='lat' dir='ltr'>viderentur,</span> <span class='ocrx_word' id='word_1_11' title='bbox 856 499 971 575; x_wconf 89' lang='lat' dir='ltr'>haud</span> <span class='ocrx_word' id='word_1_12' title='bbox 988 525 1078 576; x_wconf 85' lang='lat' dir='ltr'>raro</span> <span class='ocrx_word' id='word_1_13' title='bbox 1094 501 1223 578; x_wconf 79' lang='lat' dir='ltr'>solvere</span> 
     </span>
     <span class='ocr_line' id='line_1_3' title="bbox 130 633 388 720; baseline -0.008 -25"><span class='ocrx_word' id='word_1_14' title='bbox 130 633 243 720; x_wconf 89' lang='lat' dir='ltr'>atque</span> <span class='ocrx_word' id='word_1_15' title='bbox 259 644 388 696; x_wconf 79' lang='lat' dir='ltr'>arcere.</span> 
     </span>
    </p>

    <p class='ocr_par' dir='ltr' id='par_1_3' title="bbox 129 727 1220 1589">
     <span class='ocr_line' id='line_1_4' title="bbox 183 727 1220 807; baseline -0.004 0"><span class='ocrx_word' id='word_1_16' title='bbox 183 756 318 807; x_wconf 75' lang='lat' dir='ltr'>unni.</span> <span class='ocrx_word' id='word_1_17' title='bbox 344 732 465 805; x_wconf 88' lang='lat' dir='ltr'>Variis</span> <span class='ocrx_word' id='word_1_18' title='bbox 486 730 606 803; x_wconf 88' lang='lat' dir='ltr'>modis</span> <span class='ocrx_word' id='word_1_19' title='bbox 622 728 758 801; x_wconf 89' lang='lat' dir='ltr'>medici</span> <span class='ocrx_word' id='word_1_20' title='bbox 774 729 901 801; x_wconf 87' lang='lat' dir='ltr'>conati</span> <span class='ocrx_word' id='word_1_21' title='bbox 920 736 1019 800; x_wconf 87' lang='lat' dir='ltr'>sunt</span> <span class='ocrx_word' id='word_1_22' title='bbox 1035 727 1220 802; x_wconf 76' lang='lat' dir='ltr'>stimrrlm</span> 
     </span>
     <span class='ocr_line' id='line_1_5' title="bbox 132 841 1217 939; baseline -0.004 -20"><span class='ocrx_word' id='word_1_23' title='bbox 132 844 186 918; x_wconf 86' lang='lat' dir='ltr'>tia</span> <span class='ocrx_word' id='word_1_24' title='bbox 197 843 463 918; x_wconf 83' lang='lat' dir='ltr'>medicamenta</span> <span class='ocrx_word' id='word_1_25' title='bbox 475 844 527 916; x_wconf 89' lang='lat' dir='ltr'>ita</span> <span class='ocrx_word' id='word_1_26' title='bbox 542 841 726 926; x_wconf 86' lang='lat' dir='ltr'>adhibere,</span> <span class='ocrx_word' id='word_1_27' title='bbox 744 849 788 914; x_wconf 91' lang='lat' dir='ltr'>ut</span> <span class='ocrx_word' id='word_1_28' title='bbox 800 851 965 914; x_wconf 85' lang='lat' dir='ltr'>uterum</span> <span class='ocrx_word' id='word_1_29' title='bbox 977 865 1090 939; x_wconf 85' lang='lat' dir='ltr'>quam</span> <span class='ocrx_word' id='word_1_30' title='bbox 1106 842 1217 915; x_wconf 83' lang='lat' dir='ltr'>maxi·</span> 
     </span>
     <span class='ocr_line' id='line_1_6' title="bbox 131 950 1219 1050; baseline -0.003 -20"><span class='ocrx_word' id='word_1_31' title='bbox 131 980 194 1030; x_wconf 88' lang='lat' dir='ltr'>me</span> <span class='ocrx_word' id='word_1_32' title='bbox 218 957 413 1030; x_wconf 87' lang='lat' dir='ltr'>afficerent.</span> <span class='ocrx_word' id='word_1_33' title='bbox 463 956 551 1029; x_wconf 90' lang='lat' dir='ltr'>Hoc</span> <span class='ocrx_word' id='word_1_34' title='bbox 579 953 731 1028; x_wconf 88' lang='lat' dir='ltr'>consilio</span> <span class='ocrx_word' id='word_1_35' title='bbox 759 950 970 1050; x_wconf 85' lang='lat' dir='ltr'>emplastra</span> <span class='ocrx_word' id='word_1_36' title='bbox 995 952 1219 1027; x_wconf 73' lang='lat' dir='ltr'>stimulantis</span> 
     </span>
     <span class='ocr_line' id='line_1_7' title="bbox 131 1064 1216 1165; baseline 0 -26"><span class='ocrx_word' id='word_1_37' title='bbox 131 1092 180 1140; x_wconf 86' lang='lat' dir='ltr'>ex</span> <span class='ocrx_word' id='word_1_38' title='bbox 197 1071 343 1165; x_wconf 85' lang='lat' dir='ltr'>gummi</span> <span class='ocrx_word' id='word_1_39' title='bbox 359 1068 493 1154; x_wconf 73' lang='lat' dir='ltr'>aelidis,</span> <span class='ocrx_word' id='word_1_40' title='bbox 522 1071 584 1141; x_wconf 85' lang='lat' dir='ltr'>&amp;c</span> <span class='ocrx_word' id='word_1_41' title='bbox 615 1064 803 1140; x_wconf 86' lang='lat' dir='ltr'>abdomini</span> <span class='ocrx_word' id='word_1_42' title='bbox 822 1064 1077 1163; x_wconf 83' lang='lat' dir='ltr'>partibusque</span> <span class='ocrx_word' id='word_1_43' title='bbox 1091 1065 1216 1139; x_wconf 77' lang='lat' dir='ltr'>vicinis</span> 
     </span>
     <span class='ocr_line' id='line_1_8' title="bbox 132 1176 1216 1278; baseline -0.001 -26"><span class='ocrx_word' id='word_1_44' title='bbox 132 1180 319 1253; x_wconf 88' lang='lat' dir='ltr'>interdum</span> <span class='ocrx_word' id='word_1_45' title='bbox 337 1181 603 1278; x_wconf 86' lang='lat' dir='ltr'>imposuerunt.</span> <span class='ocrx_word' id='word_1_46' title='bbox 654 1176 752 1252; x_wconf 86' lang='lat' dir='ltr'>Talis</span> <span class='ocrx_word' id='word_1_47' title='bbox 764 1188 896 1250; x_wconf 88' lang='lat' dir='ltr'>autem</span> <span class='ocrx_word' id='word_1_48' title='bbox 917 1176 1111 1250; x_wconf 81' lang='lat' dir='ltr'>medicina</span> <span class='ocrx_word' id='word_1_49' title='bbox 1123 1201 1216 1251; x_wconf 88' lang='lat' dir='ltr'>nunc</span> 
     </span>
     <span class='ocr_line' id='line_1_9' title="bbox 131 1288 1212 1389; baseline 0.004 -29"><span class='ocrx_word' id='word_1_50' title='bbox 131 1312 236 1385; x_wconf 86' lang='lat' dir='ltr'>pene,</span> <span class='ocrx_word' id='word_1_51' title='bbox 262 1291 322 1364; x_wconf 91' lang='lat' dir='ltr'>vel</span> <span class='ocrx_word' id='word_1_52' title='bbox 338 1292 498 1389; x_wconf 89' lang='lat' dir='ltr'>penitus,</span> <span class='ocrx_word' id='word_1_53' title='bbox 515 1290 683 1365; x_wconf 88' lang='lat' dir='ltr'>obsoluit.</span> <span class='ocrx_word' id='word_1_54' title='bbox 734 1289 798 1363; x_wconf 94' lang='lat' dir='ltr'>De</span> <span class='ocrx_word' id='word_1_55' title='bbox 814 1288 962 1364; x_wconf 88' lang='lat' dir='ltr'>ictibus</span> <span class='ocrx_word' id='word_1_56' title='bbox 981 1289 1045 1363; x_wconf 88' lang='lat' dir='ltr'>vel</span> <span class='ocrx_word' id='word_1_57' title='bbox 1062 1290 1212 1364; x_wconf 70' lang='lat' dir='ltr'>scintillis</span> 
     </span>
     <span class='ocr_line' id='line_1_10' title="bbox 129 1397 1210 1502; baseline 0.002 -28"><span class='ocrx_word' id='word_1_58' title='bbox 129 1397 308 1476; x_wconf 74' lang='lat' dir='ltr'>cicatricis</span> <span class='ocrx_word' id='word_1_59' title='bbox 325 1427 439 1502; x_wconf 86' lang='lat' dir='ltr'>prope</span> <span class='ocrx_word' id='word_1_60' title='bbox 457 1412 603 1478; x_wconf 89' lang='lat' dir='ltr'>uterum</span> <span class='ocrx_word' id='word_1_61' title='bbox 616 1400 844 1488; x_wconf 86' lang='lat' dir='ltr'>adhibendis,</span> <span class='ocrx_word' id='word_1_62' title='bbox 855 1399 945 1499; x_wconf 88' lang='lat' dir='ltr'>jam</span> <span class='ocrx_word' id='word_1_63' title='bbox 958 1403 1210 1501; x_wconf 68' lang='lat' dir='ltr'>&lt;mortaldo</span> 
     </span>
     <span class='ocr_line' id='line_1_11' title="bbox 131 1523 298 1589; baseline 0.03 -6"><span class='ocrx_word' id='word_1_64' title='bbox 131 1523 215 1587; x_wconf 91' lang='lat' dir='ltr'>tum</span> <span class='ocrx_word' id='word_1_65' title='bbox 233 1524 298 1589; x_wconf 87' lang='lat' dir='ltr'>est.</span> 
     </span>
    </p>

    <p class='ocr_par' dir='ltr' id='par_1_4' title="bbox 132 1624 1209 1951">
     <span class='ocr_line' id='line_1_12' title="bbox 183 1624 1209 1726; baseline 0.002 -26"><span class='ocrx_word' id='word_1_66' title='bbox 183 1649 336 1702; x_wconf 81' lang='lat' dir='ltr'>Mon111.</span> <span class='ocrx_word' id='word_1_67' title='bbox 360 1628 571 1703; x_wconf 88' lang='lat' dir='ltr'>Cathartica</span> <span class='ocrx_word' id='word_1_68' title='bbox 587 1629 730 1717; x_wconf 82' lang='lat' dir='ltr'>acriora,</span> <span class='ocrx_word' id='word_1_69' title='bbox 754 1624 881 1702; x_wconf 85' lang='lat' dir='ltr'>solutu</span> <span class='ocrx_word' id='word_1_70' title='bbox 902 1629 1115 1726; x_wconf 85' lang='lat' dir='ltr'>praesertim</span> <span class='ocrx_word' id='word_1_71' title='bbox 1131 1627 1209 1702; x_wconf 84' lang='lat' dir='ltr'>diffi-</span> 
     </span>
     <span class='ocr_line' id='line_1_13' title="bbox 132 1738 1207 1839; baseline 0.002 -27"><span class='ocrx_word' id='word_1_72' title='bbox 132 1738 224 1828; x_wconf 84' lang='lat' dir='ltr'>cilia,</span> <span class='ocrx_word' id='word_1_73' title='bbox 238 1741 360 1839; x_wconf 91' lang='lat' dir='ltr'>adque</span> <span class='ocrx_word' id='word_1_74' title='bbox 369 1742 487 1815; x_wconf 91' lang='lat' dir='ltr'>imum</span> <span class='ocrx_word' id='word_1_75' title='bbox 501 1766 618 1839; x_wconf 90' lang='lat' dir='ltr'>usque</span> <span class='ocrx_word' id='word_1_76' title='bbox 629 1740 846 1815; x_wconf 89' lang='lat' dir='ltr'>intestinum</span> <span class='ocrx_word' id='word_1_77' title='bbox 859 1764 977 1814; x_wconf 88' lang='lat' dir='ltr'>suam</span> <span class='ocrx_word' id='word_1_78' title='bbox 989 1741 1207 1814; x_wconf 80' lang='lat' dir='ltr'>acrimoniam</span> 
     </span>
     <span class='ocr_line' id='line_1_14' title="bbox 133 1850 1207 1951; baseline 0.002 -29"><span class='ocrx_word' id='word_1_79' title='bbox 133 1850 361 1939; x_wconf 87' lang='lat' dir='ltr'>deducentia,</span> <span class='ocrx_word' id='word_1_80' title='bbox 378 1876 455 1926; x_wconf 91' lang='lat' dir='ltr'>non</span> <span class='ocrx_word' id='word_1_81' title='bbox 471 1852 564 1926; x_wconf 92' lang='lat' dir='ltr'>illud</span> <span class='ocrx_word' id='word_1_82' title='bbox 580 1853 702 1939; x_wconf 92' lang='lat' dir='ltr'>modo,</span> <span class='ocrx_word' id='word_1_83' title='bbox 720 1852 795 1939; x_wconf 88' lang='lat' dir='ltr'>sed,</span> <span class='ocrx_word' id='word_1_84' title='bbox 811 1863 977 1951; x_wconf 88' lang='lat' dir='ltr'>propter</span> <span class='ocrx_word' id='word_1_85' title='bbox 995 1853 1207 1926; x_wconf 84' lang='lat' dir='ltr'>vicinitatem</span> 
     </span>
    </p>
   </div>
   <div class='ocr_carea' id='block_1_3' title="bbox 127 1961 1205 2400">
    <p class='ocr_par' dir='ltr' id='par_1_5' title="bbox 127 1961 1205 2400">
     <span class='ocr_line' id='line_1_15' title="bbox 129 1961 1205 2064; baseline 0.005 -32"><span class='ocrx_word' id='word_1_86' title='bbox 129 1962 291 2057; x_wconf 90' lang='lat' dir='ltr'>partium</span> <span class='ocrx_word' id='word_1_87' title='bbox 299 1961 1007 2060; x_wconf 85' lang='lat' dir='ltr'>vasommqueconjuuctionea,uterum</span> <span class='ocrx_word' id='word_1_88' title='bbox 1016 1965 1205 2064; x_wconf 85' lang='lat' dir='ltr'>quoquein·</span> 
     </span>
     <span class='ocr_line' id='line_1_16' title="bbox 128 2071 1203 2174; baseline 0.004 -30"><span class='ocrx_word' id='word_1_89' title='bbox 128 2071 281 2167; x_wconf 85' lang='lat' dir='ltr'>signiter</span> <span class='ocrx_word' id='word_1_90' title='bbox 294 2072 450 2161; x_wconf 87' lang='lat' dir='ltr'>irritant,</span> <span class='ocrx_word' id='word_1_91' title='bbox 466 2084 505 2148; x_wconf 92' lang='lat' dir='ltr'>et</span> <span class='ocrx_word' id='word_1_92' title='bbox 515 2099 658 2149; x_wconf 90' lang='lat' dir='ltr'>menses</span> <span class='ocrx_word' id='word_1_93' title='bbox 668 2100 766 2174; x_wconf 88' lang='lat' dir='ltr'>saepe</span> <span class='ocrx_word' id='word_1_94' title='bbox 777 2075 1043 2152; x_wconf 82' lang='lat' dir='ltr'>efficacissime</span> <span class='ocrx_word' id='word_1_95' title='bbox 1054 2075 1203 2158; x_wconf 73' lang='lat' dir='ltr'>elidunt:</span> 
     </span>
     <span class='ocr_line' id='line_1_17' title="bbox 127 2182 1202 2286; baseline 0.008 -32"><span class='ocrx_word' id='word_1_96' title='bbox 127 2203 251 2279; x_wconf 92' lang='lat' dir='ltr'>neque</span> <span class='ocrx_word' id='word_1_97' title='bbox 267 2182 368 2258; x_wconf 91' lang='lat' dir='ltr'>aliud</span> <span class='ocrx_word' id='word_1_98' title='bbox 384 2186 460 2260; x_wconf 86' lang='lat' dir='ltr'>fere</span> <span class='ocrx_word' id='word_1_99' title='bbox 476 2189 789 2262; x_wconf 85' lang='lat' dir='ltr'>medicamentum</span> <span class='ocrx_word' id='word_1_100' title='bbox 809 2211 931 2286; x_wconf 88' lang='lat' dir='ltr'>quam</span> <span class='ocrx_word' id='word_1_101' title='bbox 949 2188 1038 2264; x_wconf 70' lang='lat' dir='ltr'>aloii</span> <span class='ocrx_word' id='word_1_102' title='bbox 1056 2189 1123 2263; x_wconf 90' lang='lat' dir='ltr'>hoc</span> <span class='ocrx_word' id='word_1_103' title='bbox 1137 2212 1202 2263; x_wconf 89' lang='lat' dir='ltr'>oon-</span> 
     </span>
     <span class='ocr_line' id='line_1_18' title="bbox 128 2294 1201 2400; baseline 0.006 -33"><span class='ocrx_word' id='word_1_104' title='bbox 128 2294 210 2369; x_wconf 89' lang='lat' dir='ltr'>silio</span> <span class='ocrx_word' id='word_1_105' title='bbox 222 2296 452 2395; x_wconf 86' lang='lat' dir='ltr'>frequentius</span> <span class='ocrx_word' id='word_1_106' title='bbox 464 2309 531 2374; x_wconf 89' lang='lat' dir='ltr'>aut</span> <span class='ocrx_word' id='word_1_107' title='bbox 540 2299 678 2374; x_wconf 86' lang='lat' dir='ltr'>felicius</span> <span class='ocrx_word' id='word_1_108' title='bbox 690 2300 899 2375; x_wconf 85' lang='lat' dir='ltr'>adhibetur.</span> <span class='ocrx_word' id='word_1_109' title='bbox 942 2299 1201 2400; x_wconf 81' lang='lat' dir='ltr'>Haecquidem</span> 
     </span>
    </p>
   </div>
   <div class='ocr_carea' id='block_1_4' title="bbox 25 2408 1210 4307">
    <p class='ocr_par' dir='ltr' id='par_1_6' title="bbox 125 2408 1200 3154">
     <span class='ocr_line' id='line_1_19' title="bbox 128 2408 1200 2509; baseline 0.003 -29"><span class='ocrx_word' id='word_1_110' title='bbox 128 2418 168 2482; x_wconf 90' lang='lat' dir='ltr'>et</span> <span class='ocrx_word' id='word_1_111' title='bbox 183 2432 270 2484; x_wconf 88' lang='lat' dir='ltr'>sane</span> <span class='ocrx_word' id='word_1_112' title='bbox 286 2411 410 2482; x_wconf 87' lang='lat' dir='ltr'>omnia</span> <span class='ocrx_word' id='word_1_113' title='bbox 427 2408 638 2509; x_wconf 90' lang='lat' dir='ltr'>hujusmodi</span> <span class='ocrx_word' id='word_1_114' title='bbox 660 2411 945 2500; x_wconf 83' lang='lat' dir='ltr'>medicamenta,</span> <span class='ocrx_word' id='word_1_115' title='bbox 972 2415 1017 2486; x_wconf 92' lang='lat' dir='ltr'>in</span> <span class='ocrx_word' id='word_1_116' title='bbox 1036 2412 1200 2488; x_wconf 89' lang='lat' dir='ltr'>mensibus</span> 
     </span>
     <span class='ocr_line' id='line_1_20' title="bbox 128 2523 1200 2625; baseline 0.003 -31"><span class='ocrx_word' id='word_1_117' title='bbox 128 2523 369 2618; x_wconf 85' lang='lat' dir='ltr'>provocandis</span> <span class='ocrx_word' id='word_1_118' title='bbox 385 2523 476 2598; x_wconf 91' lang='lat' dir='ltr'>adeo</span> <span class='ocrx_word' id='word_1_119' title='bbox 493 2534 580 2598; x_wconf 89' lang='lat' dir='ltr'>sunt</span> <span class='ocrx_word' id='word_1_120' title='bbox 597 2525 765 2609; x_wconf 87' lang='lat' dir='ltr'>efficacia,</span> <span class='ocrx_word' id='word_1_121' title='bbox 786 2531 831 2598; x_wconf 87' lang='lat' dir='ltr'>ut</span> <span class='ocrx_word' id='word_1_122' title='bbox 846 2523 952 2622; x_wconf 87' lang='lat' dir='ltr'>ipsos</span> <span class='ocrx_word' id='word_1_123' title='bbox 971 2550 1075 2625; x_wconf 84' lang='lat' dir='ltr'>saepe</span> <span class='ocrx_word' id='word_1_124' title='bbox 1090 2527 1200 2598; x_wconf 83' lang='lat' dir='ltr'>inten-</span> 
     </span>
     <span class='ocr_line' id='line_1_21' title="bbox 128 2634 1198 2734; baseline 0.007 -28"><span class='ocrx_word' id='word_1_125' title='bbox 128 2634 271 2731; x_wconf 88' lang='lat' dir='ltr'>pestive</span> <span class='ocrx_word' id='word_1_126' title='bbox 300 2634 456 2722; x_wconf 88' lang='lat' dir='ltr'>eliciant,</span> <span class='ocrx_word' id='word_1_127' title='bbox 481 2634 697 2710; x_wconf 89' lang='lat' dir='ltr'>mulieribus</span> <span class='ocrx_word' id='word_1_128' title='bbox 722 2634 859 2708; x_wconf 85' lang='lat' dir='ltr'>scilieet</span> <span class='ocrx_word' id='word_1_129' title='bbox 875 2660 971 2733; x_wconf 83' lang='lat' dir='ltr'>quae</span> <span class='ocrx_word' id='word_1_130' title='bbox 990 2651 1137 2712; x_wconf 87' lang='lat' dir='ltr'>uterum</span> <span class='ocrx_word' id='word_1_131' title='bbox 1150 2659 1198 2734; x_wconf 64' lang='lat' dir='ltr'>ge</span> 
     </span>
     <span class='ocr_line' id='line_1_22' title="bbox 128 2747 1195 2847; baseline 0.005 -30"><span class='ocrx_word' id='word_1_132' title='bbox 128 2758 227 2831; x_wconf 87' lang='lat' dir='ltr'>runt,</span> <span class='ocrx_word' id='word_1_133' title='bbox 259 2747 359 2821; x_wconf 90' lang='lat' dir='ltr'>unde</span> <span class='ocrx_word' id='word_1_134' title='bbox 375 2748 505 2847; x_wconf 87' lang='lat' dir='ltr'>ingens</span> <span class='ocrx_word' id='word_1_135' title='bbox 522 2748 758 2847; x_wconf 87' lang='lat' dir='ltr'>profluvium,</span> <span class='ocrx_word' id='word_1_136' title='bbox 776 2756 815 2820; x_wconf 91' lang='lat' dir='ltr'>et</span> <span class='ocrx_word' id='word_1_137' title='bbox 829 2747 1006 2837; x_wconf 88' lang='lat' dir='ltr'>abortus,</span> <span class='ocrx_word' id='word_1_138' title='bbox 1025 2750 1085 2824; x_wconf 87' lang='lat' dir='ltr'>vel</span> <span class='ocrx_word' id='word_1_139' title='bbox 1099 2749 1195 2822; x_wconf 71' lang='lat' dir='ltr'>form</span> 
     </span>
     <span class='ocr_line' id='line_1_23' title="bbox 128 2855 1195 2958; baseline 0.007 -29"><span class='ocrx_word' id='word_1_140' title='bbox 128 2855 216 2930; x_wconf 85' lang='lat' dir='ltr'>vitae</span> <span class='ocrx_word' id='word_1_141' title='bbox 232 2856 347 2955; x_wconf 91' lang='lat' dir='ltr'>ipsius</span> <span class='ocrx_word' id='word_1_142' title='bbox 363 2860 569 2934; x_wconf 84' lang='lat' dir='ltr'>discrimen.</span> <span class='ocrx_word' id='word_1_143' title='bbox 621 2860 798 2933; x_wconf 90' lang='lat' dir='ltr'>Lotiones</span> <span class='ocrx_word' id='word_1_144' title='bbox 810 2882 975 2958; x_wconf 88' lang='lat' dir='ltr'>quoque</span> <span class='ocrx_word' id='word_1_145' title='bbox 986 2863 1128 2936; x_wconf 82' lang='lat' dir='ltr'>acriores</span> <span class='ocrx_word' id='word_1_146' title='bbox 1138 2879 1195 2954; x_wconf 71' lang='lat' dir='ltr'>per</span> 
     </span>
     <span class='ocr_line' id='line_1_24' title="bbox 127 2970 1195 3073; baseline 0.003 -33"><span class='ocrx_word' id='word_1_147' title='bbox 127 2992 242 3042; x_wconf 89' lang='lat' dir='ltr'>anum</span> <span class='ocrx_word' id='word_1_148' title='bbox 260 2970 400 3058; x_wconf 86' lang='lat' dir='ltr'>infusae,</span> <span class='ocrx_word' id='word_1_149' title='bbox 424 2972 552 3046; x_wconf 88' lang='lat' dir='ltr'>eadem</span> <span class='ocrx_word' id='word_1_150' title='bbox 576 2973 727 3059; x_wconf 87' lang='lat' dir='ltr'>ratione,</span> <span class='ocrx_word' id='word_1_151' title='bbox 752 2994 898 3047; x_wconf 83' lang='lat' dir='ltr'>menses</span> <span class='ocrx_word' id='word_1_152' title='bbox 916 2973 1110 3073; x_wconf 87' lang='lat' dir='ltr'>aliquando</span> <span class='ocrx_word' id='word_1_153' title='bbox 1123 2993 1195 3043; x_wconf 89' lang='lat' dir='ltr'>mo·</span> 
     </span>
     <span class='ocr_line' id='line_1_25' title="bbox 125 3092 224 3154; baseline 0.03 -3"><span class='ocrx_word' id='word_1_154' title='bbox 125 3092 224 3154; x_wconf 85' lang='lat' dir='ltr'>vent.</span> 
     </span>
    </p>

    <p class='ocr_par' dir='ltr' id='par_1_7' title="bbox 122 3193 1206 4077">
     <span class='ocr_line' id='line_1_26' title="bbox 175 3193 1200 3293; baseline 0.002 -27"><span class='ocrx_word' id='word_1_155' title='bbox 175 3213 321 3267; x_wconf 76' lang='lat' dir='ltr'>unm.</span> <span class='ocrx_word' id='word_1_156' title='bbox 350 3194 447 3268; x_wconf 87' lang='lat' dir='ltr'>Sunt</span> <span class='ocrx_word' id='word_1_157' title='bbox 463 3195 598 3293; x_wconf 89' lang='lat' dir='ltr'>quibus</span> <span class='ocrx_word' id='word_1_158' title='bbox 614 3199 736 3272; x_wconf 84' lang='lat' dir='ltr'>visum</span> <span class='ocrx_word' id='word_1_159' title='bbox 754 3208 810 3271; x_wconf 86' lang='lat' dir='ltr'>est</span> <span class='ocrx_word' id='word_1_160' title='bbox 838 3199 1117 3274; x_wconf 81' lang='lat' dir='ltr'>medicamenta</span> <span class='ocrx_word' id='word_1_161' title='bbox 1129 3193 1200 3270; x_wconf 75' lang='lat' dir='ltr'>diu-</span> 
     </span>
     <span class='ocr_line' id='line_1_27' title="bbox 123 3304 1201 3404; baseline 0.003 -26"><span class='ocrx_word' id='word_1_162' title='bbox 123 3304 242 3379; x_wconf 84' lang='lat' dir='ltr'>retica</span> <span class='ocrx_word' id='word_1_163' title='bbox 259 3307 403 3394; x_wconf 88' lang='lat' dir='ltr'>acriora,</span> <span class='ocrx_word' id='word_1_164' title='bbox 428 3317 468 3380; x_wconf 90' lang='lat' dir='ltr'>et</span> <span class='ocrx_word' id='word_1_165' title='bbox 484 3311 685 3404; x_wconf 86' lang='lat' dir='ltr'>praesertim</span> <span class='ocrx_word' id='word_1_166' title='bbox 701 3307 838 3384; x_wconf 74' lang='lat' dir='ltr'>aulaea</span> <span class='ocrx_word' id='word_1_167' title='bbox 854 3310 1135 3396; x_wconf 64' lang='lat' dir='ltr'>aeneatoris-a,</span> <span class='ocrx_word' id='word_1_168' title='bbox 1153 3332 1201 3381; x_wconf 85' lang='lat' dir='ltr'>eo</span> 
     </span>
     <span class='ocr_line' id='line_1_28' title="bbox 124 3416 1202 3518; baseline 0.006 -31"><span class='ocrx_word' id='word_1_169' title='bbox 124 3416 210 3488; x_wconf 91' lang='lat' dir='ltr'>dem</span> <span class='ocrx_word' id='word_1_170' title='bbox 227 3418 377 3492; x_wconf 88' lang='lat' dir='ltr'>consilio</span> <span class='ocrx_word' id='word_1_171' title='bbox 402 3421 619 3518; x_wconf 77' lang='lat' dir='ltr'>praecipere3</span> <span class='ocrx_word' id='word_1_172' title='bbox 644 3433 683 3497; x_wconf 89' lang='lat' dir='ltr'>et</span> <span class='ocrx_word' id='word_1_173' title='bbox 699 3422 784 3495; x_wconf 88' lang='lat' dir='ltr'>satis</span> <span class='ocrx_word' id='word_1_174' title='bbox 801 3421 1012 3498; x_wconf 88' lang='lat' dir='ltr'>verisimile</span> <span class='ocrx_word' id='word_1_175' title='bbox 1029 3434 1086 3499; x_wconf 88' lang='lat' dir='ltr'>cst</span> <span class='ocrx_word' id='word_1_176' title='bbox 1101 3419 1202 3496; x_wconf 75' lang='lat' dir='ltr'>medi</span> 
     </span>
     <span class='ocr_line' id='line_1_29' title="bbox 123 3531 1203 3628; baseline 0.013 -28"><span class='ocrx_word' id='word_1_177' title='bbox 123 3539 333 3604; x_wconf 91' lang='lat' dir='ltr'>camentum</span> <span class='ocrx_word' id='word_1_178' title='bbox 368 3532 469 3628; x_wconf 95' lang='lat' dir='ltr'>quod</span> <span class='ocrx_word' id='word_1_179' title='bbox 498 3533 655 3607; x_wconf 86' lang='lat' dir='ltr'>vesicam</span> <span class='ocrx_word' id='word_1_180' title='bbox 685 3535 777 3608; x_wconf 89' lang='lat' dir='ltr'>adeo</span> <span class='ocrx_word' id='word_1_181' title='bbox 804 3531 1059 3610; x_wconf 79' lang='lat' dir='ltr'>vehementer</span> <span class='ocrx_word' id='word_1_182' title='bbox 1086 3533 1203 3615; x_wconf 61' lang='lat' dir='ltr'>irritat,</span> 
     </span>
     <span class='ocr_line' id='line_1_30' title="bbox 124 3644 1204 3744; baseline 0.014 -33"><span class='ocrx_word' id='word_1_183' title='bbox 124 3648 339 3738; x_wconf 88' lang='lat' dir='ltr'>tantamque</span> <span class='ocrx_word' id='word_1_184' title='bbox 355 3666 436 3716; x_wconf 89' lang='lat' dir='ltr'>eam</span> <span class='ocrx_word' id='word_1_185' title='bbox 451 3668 575 3718; x_wconf 87' lang='lat' dir='ltr'>versus</span> <span class='ocrx_word' id='word_1_186' title='bbox 593 3646 782 3744; x_wconf 87' lang='lat' dir='ltr'>sanguinis</span> <span class='ocrx_word' id='word_1_187' title='bbox 799 3644 1080 3721; x_wconf 87' lang='lat' dir='ltr'>derivationem</span> <span class='ocrx_word' id='word_1_188' title='bbox 1100 3645 1204 3728; x_wconf 61' lang='lat' dir='ltr'>faciti,</span> 
     </span>
     <span class='ocr_line' id='line_1_31' title="bbox 124 3755 1206 3854; baseline 0.006 -29"><span class='ocrx_word' id='word_1_189' title='bbox 124 3762 268 3825; x_wconf 85' lang='lat' dir='ltr'>uterum</span> <span class='ocrx_word' id='word_1_190' title='bbox 288 3755 679 3854; x_wconf 89' lang='lat' dir='ltr'>quoquealiquantum</span> <span class='ocrx_word' id='word_1_191' title='bbox 698 3781 774 3830; x_wconf 89' lang='lat' dir='ltr'>esse</span> <span class='ocrx_word' id='word_1_192' title='bbox 790 3756 1036 3847; x_wconf 85' lang='lat' dir='ltr'>affeeturum,</span> <span class='ocrx_word' id='word_1_193' title='bbox 1053 3780 1206 3834; x_wconf 70' lang='lat' dir='ltr'>menses</span> 
     </span>
     <span class='ocr_line' id='line_1_32' title="bbox 122 3863 1206 3960; baseline 0.006 -24"><span class='ocrx_word' id='word_1_194' title='bbox 122 3889 196 3960; x_wconf 88' lang='lat' dir='ltr'>que</span> <span class='ocrx_word' id='word_1_195' title='bbox 212 3863 360 3938; x_wconf 86' lang='lat' dir='ltr'>fortasse</span> <span class='ocrx_word' id='word_1_196' title='bbox 384 3868 569 3942; x_wconf 87' lang='lat' dir='ltr'>citurum:</span> <span class='ocrx_word' id='word_1_197' title='bbox 596 3867 658 3941; x_wconf 85' lang='lat' dir='ltr'>sed</span> <span class='ocrx_word' id='word_1_198' title='bbox 675 3868 804 3942; x_wconf 87' lang='lat' dir='ltr'>detali</span> <span class='ocrx_word' id='word_1_199' title='bbox 829 3865 1116 3947; x_wconf 70' lang='lat' dir='ltr'>diareticmum</span> <span class='ocrx_word' id='word_1_200' title='bbox 1144 3891 1206 3944; x_wconf 87' lang='lat' dir='ltr'>usu</span> 
     </span>
     <span class='ocr_line' id='line_1_33' title="bbox 122 3975 1001 4077; baseline 0.008 -29"><span class='ocrx_word' id='word_1_201' title='bbox 122 3975 297 4050; x_wconf 88' lang='lat' dir='ltr'>hacteuus</span> <span class='ocrx_word' id='word_1_202' title='bbox 314 4002 379 4075; x_wconf 87' lang='lat' dir='ltr'>per</span> <span class='ocrx_word' id='word_1_203' title='bbox 395 3981 656 4077; x_wconf 87' lang='lat' dir='ltr'>experientiam</span> <span class='ocrx_word' id='word_1_204' title='bbox 677 3982 798 4054; x_wconf 90' lang='lat' dir='ltr'>minus</span> <span class='ocrx_word' id='word_1_205' title='bbox 814 3981 1001 4056; x_wconf 88' lang='lat' dir='ltr'>constitit.</span> 
     </span>
    </p>

    <p class='ocr_par' dir='ltr' id='par_1_8' title="bbox 25 4090 1210 4307">
     <span class='ocr_line' id='line_1_34' title="bbox 170 4090 1210 4170; baseline 0.008 -9"><span class='ocrx_word' id='word_1_206' title='bbox 170 4109 296 4165; x_wconf 77' lang='lat' dir='ltr'>MDLV.</span> <span class='ocrx_word' id='word_1_207' title='bbox 315 4090 496 4165; x_wconf 92' lang='lat' dir='ltr'>Nonnulli</span> <span class='ocrx_word' id='word_1_208' title='bbox 506 4092 660 4166; x_wconf 89' lang='lat' dir='ltr'>demum</span> <span class='ocrx_word' id='word_1_209' title='bbox 678 4116 753 4165; x_wconf 92' lang='lat' dir='ltr'>non</span> <span class='ocrx_word' id='word_1_210' title='bbox 770 4093 1000 4169; x_wconf 87' lang='lat' dir='ltr'>dubitarunt</span> <span class='ocrx_word' id='word_1_211' title='bbox 1018 4093 1210 4170; x_wconf 72' lang='lat' dir='ltr'>stimulari·</span> 
     </span>
     <span class='ocr_line' id='line_1_35' title="bbox 25 4201 1210 4307; baseline 0.006 -32"><span class='ocrx_word' id='word_1_212' title='bbox 25 4252 31 4265; x_wconf 82' lang='lat'><strong>·</strong></span> <span class='ocrx_word' id='word_1_213' title='bbox 119 4201 171 4276; x_wconf 87' lang='lat' dir='ltr'>tia</span> <span class='ocrx_word' id='word_1_214' title='bbox 187 4202 462 4288; x_wconf 85' lang='lat' dir='ltr'>medicamenta,</span> <span class='ocrx_word' id='word_1_215' title='bbox 488 4229 555 4304; x_wconf 91' lang='lat' dir='ltr'>pro</span> <span class='ocrx_word' id='word_1_216' title='bbox 571 4205 693 4307; x_wconf 86' lang='lat' dir='ltr'>pessis,</span> <span class='ocrx_word' id='word_1_217' title='bbox 710 4204 940 4282; x_wconf 83' lang='lat' dir='ltr'>naturalibus</span> <span class='ocrx_word' id='word_1_218' title='bbox 956 4209 1143 4299; x_wconf 84' lang='lat' dir='ltr'>condere,</span> <span class='ocrx_word' id='word_1_219' title='bbox 1159 4203 1210 4283; x_wconf 84' lang='lat' dir='ltr'>vel</span> 
     </span>
    </p>
   </div>
   <div class='ocr_carea' id='block_1_5' title="bbox 0 0 1352 4792">
    <p class='ocr_par' dir='ltr' id='par_1_9' title="bbox 0 0 1352 4792">
     <span class='ocr_line' id='line_1_36' title="bbox 0 0 1352 4792; baseline 0 2"><span class='ocrx_word' id='word_1_220' title='bbox 0 0 1352 4792; x_wconf 95' lang='lat' dir='ltr'> </span> 
     </span>
    </p>
   </div>
  </div>
 </body>
</html>
