2678 4794
125 388 211 445 cnr.
227 385 269 444 x.
380 384 601 442 numerum
619 386 906 444 rnaoanrrcm.
1151 389 1198 460 91

125 567 292 665 stupidus
315 563 447 650 sactus,
472 589 594 664 neque
610 566 757 654 samem,
781 589 848 640 nec
872 565 970 639 sitim
988 590 1063 664 qua
1079 567 1197 648 fauces

125 690 296 766 arescunt,
334 679 504 777 percipit,
541 702 609 751 nec
645 678 730 752 alias
768 677 889 752 solitas
918 682 1200 777 propensionem

124 814 194 889 quo
216 790 273 878 fit,
300 799 347 865 ut
362 790 471 864 urina
498 800 538 864 et
564 802 711 877 stercus,
735 790 850 864 inscio
865 814 974 889 aegro,
999 792 1200 870 elabantur.

124 903 384 1002 Ingravescens
413 901 565 989 malum,
602 905 641 975 in
670 899 860 977 sabaium
890 901 1093 992 tendinum,
1131 917 1202 981 tre·

124 1036 248 1103 morea,
264 1011 536 1101 convulsiones,
565 1015 678 1088 animi
696 1014 927 1101 defectiones,
944 1027 1111 1105 mortem,
1141 1019 1202 1092 de-

125 1125 218 1199 sinit.
270 1123 449 1198 Alterum
467 1148 618 1224 quoque
648 1123 766 1199 delirii
788 1149 917 1224 genus,
947 1126 1201 1205 deficientibus

127 1238 212 1336 egri
228 1236 383 1323 viribus,
400 1237 439 1308 in
457 1237 527 1310 hoo
542 1261 640 1334 aaepe
655 1247 832 1311 mutatur.

174 1370 338 1422 ccxcvi.
360 1348 510 1423 Dooent
526 1351 614 1447 qnae'
630 1359 833 1446 utrumque
849 1351 1070 1427 comitantur
1086 1354 1201 1454 signa,

130 1457 331 1547 insolitum,
361 1460 623 1549 inordinatum,
660 1461 880 1559 inaequalem
917 1467 1102 1564 sanguinis
1136 1491 1202 1567 per

130 1569 313 1645 cerebrum
330 1582 487 1660 motum,
505 1582 639 1648 statum
658 1574 816 1672 ejusqui
832 1573 879 1648 ad
895 1598 1018 1650 sanam
1036 1589 1200 1653 mentem

126 1683 322 1782 requiritur
335 1695 498 1760 mutare:
523 1684 853 1759 inflammationem
872 1689 1019 1775 cerebri,
1047 1689 1200 1765 aelma-

125 1795 176 1892 gir
191 1794 252 1868 vel
269 1795 396 1870 minus
416 1795 623 1896 generalem
654 1808 692 1872 et
709 1798 979 1886 vehementem,
1004 1799 1204 1898 aliquando

125 1906 266 1989 subesse
281 1910 370 1983 satis
386 1909 581 1984 verisimile
594 1922 659 1998 est,
677 1911 847 2009 quamvis
863 1910 1044 2011 generalia
1056 1910 1200 1986 inflam-

126 2020 294 2093 mationis
328 2020 369 2094 in
406 2045 554 2121 corpore
589 2023 693 2122 signia
733 2020 828 2095 levia
865 2021 1024 2098 fuerint:
1066 2023 1200 2103 docent

126 2130 348 2207 cadaverum
363 2133 622 2233 inspectiones,
651 2159 735 2234 quae
760 2157 856 2232 saepe
880 2136 1121 2240 ostenderunt
1144 2137 1199 2211 in-

126 2243 283 2332 solitum,
306 2244 369 2319 vel
393 2246 507 2320 totius
524 2246 670 2334 cerebri,
695 2245 756 2321 vel
772 2247 885 2345 partis
902 2247 991 2345 ejus,
1008 2249 1174 2323 ruborem
1188 2277 1198 2334 ;

126 2366 160 2430 et
173 2356 405 2445 effusionem,
423 2361 735 2457 suppurationem,
755 2362 819 2432 otc.
836 2358 933 2432 intra
948 2371 1070 2457 caput.

172 2488 347 2545 ccxcvu.
373 2470 516 2545 Verum
533 2480 573 2544 et
589 2469 635 2543 ab
651 2467 729 2542 aliis
746 2468 871 2554 causis,
900 2480 1032 2566 praeter
1053 2472 1200 2567 sangui-

128 2578 183 2652 nis
199 2589 354 2668 motum,
383 2582 518 2657 cerebri
547 2590 664 2655 status
688 2576 853 2654 multum
882 2577 978 2651 affici
1006 2589 1200 2677 potestat

127 2688 297 2766 delirium
320 2693 459 2768 induci.
510 2694 556 2768 In
584 2690 712 2767 multis
742 2688 915 2775 febribus,
945 2690 1061 2765 veluti
1089 2692 1200 2767 iniis

95 2808 99 2821 ‘
125 2825 211 2900 quas
226 2805 384 2903 insignis
400 2805 567 2880 debilitas
580 2804 627 2879 ab
642 2804 723 2902 ipso
735 2803 843 2878 initio
855 2805 1062 2892 comitatur,
1073 2829 1200 2905 genus

125 2914 242 3013 ipsum
259 2939 457 2993 tremorum
474 2918 575 3015 priua
600 2926 638 2990 et
654 2915 771 3015 magis
788 2939 902 3013 qnam
921 2918 1107 3015 sanguinis
1123 2942 1200 2994 mo·

126 3031 181 3101 tus
208 3026 371 3104 laborat:
397 3027 502 3125 cujus
530 3029 621 3104 vitia
648 3028 743 3102 bene
765 3026 894 3115 multa,
926 3053 1000 3103 non
1029 3054 1130 3104 secus
1159 3055 1201 3105 ae

65 3160 67 3165 ·
126 3160 219 3212 sanae
232 3140 404 3229 acdones,
422 3139 584 3216 sensibus
600 3164 677 3216 non
689 3139 797 3216 obvia
814 3150 933 3215 erunt
985 3141 1098 3240 Signa
1113 3167 1201 3215 vero

127 3245 278 3325 laeaionis
308 3252 419 3352 plane
450 3255 653 3328 ostendunt
684 3252 914 3352 inaequalem,
956 3253 1200 3326 inordinatam

126 3358 201 3456 ejus
232 3365 426 3453 actionem,
459 3364 520 3439 vel
549 3366 815 3450 incitationem,
848 3374 895 3438 ut
919 3362 1031 3436 multi
1058 3376 1200 3452 vocant,

125 3469 208 3549 lieri.
258 3474 396 3550 Delirii
412 3502 434 3550 a
451 3479 602 3553 venenis
619 3477 697 3558 haec
712 3499 864 3575 quoque
880 3475 973 3548 ratio
989 3483 1053 3548 est.

168 3608 366 3663 ccxcvm.
392 3588 457 3663 Ex
472 3589 589 3675 dictis,
617 3589 709 3663 ratio
733 3612 808 3662 non
832 3588 942 3685 plene
967 3586 1117 3684 quidem
1136 3587 1199 3661 sed

128 3695 353 3797 atiquatenus
368 3700 545 3789 redditur,
574 3725 641 3776 cur
656 3702 746 3775 varii
763 3700 918 3798 generis,
947 3699 1199 3784 vehementia,

129 3810 268 3900 ominis,
305 3810 497 3899 delirium3
534 3837 600 3889 cur
625 3833 720 3911 aaepe
744 3821 867 3897 motu,
902 3810 995 3899 luce,
1032 3813 1201 3909 strepitu,

130 3921 233 3996 animi
249 3920 453 4013 affectibus,
470 3923 746 3999 medicamentis
762 3921 1048 4010 stimulantibus,
1074 3922 1200 4008 calore,

131 4043 298 4121 auctum
323 4059 390 4111 cur
405 4059 507 4112 nunc
523 4039 633 4112 misso
650 4059 697 4110 ex
714 4036 817 4110 venis
834 4037 1023 4133 sanguine,
1041 4046 1079 4107 ct
1097 4034 1201 4107 tenui

132 4138 243 4233 dieta,
267 4168 372 4222 nuno
387 4149 477 4222 vino
493 4159 531 4222 et
561 4146 836 4224 stimulantibus
853 4145 1025 4228 tollatur3
1050 4167 1117 4216 cur
1140 4140 1201 4213 ali-

134 4257 276 4350 quando
299 4260 393 4339 visu
408 4268 447 4332 et
470 4260 654 4359 colloquio
676 4259 879 4345 amicorum
907 4266 947 4330 et
962 4253 1198 4362 adstantium,
