2678 4794
160 286 252 369 ‚228
597 294 847 385 cousrrcrus
1089 296 1257 353 usmis

181 476 290 554 Idem
305 475 373 551 diu
388 472 585 574 uliqnmdo
599 480 725 547 manet
753 471 832 547 sine
848 470 982 560 dolore,
1005 471 1066 546 vel
1083 497 1170 548 sane
1185 472 1262 549 ulla

178 589 368 665 molestia:
394 587 509 661 serius
524 605 638 683 ocyus
650 608 738 658 vero
752 583 877 658 dolere
893 584 1034 683 incipit,
1052 596 1091 658 et
1108 587 1266 684 quidem

180 702 373 783 acerrime;
398 695 573 795 paulatim
601 697 640 770 in
658 695 959 796 suppurationem
988 696 1131 770 tardam
1149 709 1268 797 atque

179 813 381 913 malignam
397 806 484 896 abit,
514 817 553 883 et
569 807 720 882 tandem
739 808 842 884 ulcus
858 808 1083 883 horrendum
1099 807 1155 895 fit,
1183 832 1265 883 non

178 925 293 1002 ruodo
307 929 448 1023 partem
465 919 584 1020 primo
599 919 769 996 affectam
786 945 1018 1008 consumens,
1043 920 1107 994 sed
1123 921 1266 995 vicinus

180 1059 307 1113 omnes
335 1035 542 1133 depascens,
567 1043 607 1109 et
634 1044 758 1110 totum
775 1058 907 1135 corpus
923 1034 1098 1109 acerrimo
1126 1042 1165 1106 et
1193 1033 1264 1107 im-

53 1242 55 1246 ·
178 1144 386 1223 medicabili
403 1169 549 1222 veneno
564 1170 811 1246 corrumpens.
865 1146 953 1221 Hoc
970 1145 1187 1221 carcinoma
1198 1169 1264 1219 vc

175 1266 293 1346 cetur,
309 1281 583 1358 nonnunquam
594 1259 717 1334 subito
732 1257 877 1345 lethale,
893 1281 995 1332 erosa
1011 1257 1149 1331 scilicet
1159 1279 1262 1355 mag·

177 1392 228 1446 uc
241 1370 374 1446 arteria
388 1381 456 1447 cut
473 1395 580 1460 vena,
608 1371 827 1472 plerumque
843 1394 931 1445 vero
946 1369 1084 1443 lentam
1102 1378 1141 1443 et
1157 1369 1262 1443 mise·

177 1481 329 1558 lundam
346 1481 481 1571 tabem,
507 1483 698 1559 interdum
714 1507 801 1560 cum
827 1483 927 1558 febre
943 1481 1082 1558 lectica
1110 1479 1262 1556 certissi-

177 1618 241 1670 me
256 1593 409 1684 exitiali,
424 1595 679 1671 inducturum.
1016 1604 1018 1609 '

227 1730 397 1786 1)ch111.
433 1708 549 1786 Ratio
576 1708 749 1783 boncndi
781 1706 869 1782 mali
902 1707 1079 1782 hactenus
1111 1704 1261 1779 obscura

53 1824 57 1831 ’
177 1828 245 1897 est.
285 1820 471 1896 Credibile
486 1829 611 1896 tamen
624 1818 972 1926 videturffabricsm
985 1815 1261 1919 glandularum

177 1943 324 2009 motum
351 1933 541 2032 sanguinis
568 1934 609 2007 in
636 1932 680 2009 iis
706 1942 838 2032 praeter
867 1931 1016 2006 solitum
1043 1930 1261 2031 languidum

176 2044 351 2120 reddere:
376 2044 479 2121 uude
507 2043 646 2120 facilior
673 2045 886 2132 obstructio,
916 2054 954 2118 et
977 2044 1201 2143 imperfecta,
1226 2049 1263 2114 et

176 2156 341 2258 maligne
366 2158 593 2257 suppuratio.
642 2159 771 2247 Porro,
793 2157 1009 2234 constitutio
1025 2157 1185 2255 eorporis
1202 2177 1264 2252 pe·

176 2267 331 2356 culieris,
348 2293 443 2368 saepe
460 2272 657 2370 congenita
672 2283 711 2345 et
727 2269 964 2358 haereditaria,
991 2269 1160 2343 homines
1178 2267 1266 2358 huic

176 2380 308 2457 morbo
322 2391 550 2482 opportunos
566 2383 712 2458 reddit:
737 2383 953 2458 constitutio
969 2381 1105 2456 scilicet
1122 2380 1265 2470 debilis,

177 2501 217 2568 et
232 2489 419 2593 languida,
436 2505 476 2569 et
491 2496 645 2596 torpide
698 2494 880 2571 strumosi
895 2519 1056 2593 quoque,
1077 2494 1159 2567 diro
1175 2493 1266 2568 huic

176 2606 319 2694 morbo,
344 2631 422 2707 prae
449 2607 528 2683 aliis
545 2607 779 2695 bominibus,
811 2607 961 2681 obnoxii
977 2630 1053 2681 esse
1070 2607 1265 2681 observan-

177 2727 250 2792 tur.
303 2717 351 2790 In
368 2719 504 2794 vetulis
520 2744 635 2819 quam
658 2719 868 2817 junioribus
891 2717 1012 2792 multo
1035 2716 1266 2816 frequentior

178 2837 238 2901 est
252 2826 415 2916 morbus,
444 2831 559 2928 inque
582 2832 626 2905 iis
643 2831 709 2928 qui
726 2829 786 2903 vel
813 2830 960 2928 ignavis
975 2828 1158 2904 debilitati
1185 2828 1267 2904 fue·

179 2937 266 3024 rint,
282 2936 345 3012 vel
361 2940 479 3013 nimio
495 2950 534 3013 et
549 2938 729 3039 perpetuo
744 2940 866 3014 labore
882 2941 1073 3017 exhausti:
1099 2951 1138 3015 et
1154 2943 1195 3015 in
1221 2942 1267 3016 iis

178 3045 334 3124 demum
363 3051 430 3147 qui
458 3051 561 3125 victu
590 3075 714 3149 pravo,
743 3076 873 3150 parum
894 3055 1093 3142 nutriente,
1123 3052 1267 3130 difficili

177 3170 366 3251 concoctu‚
388 3162 513 3236 ritum
530 3161 697 3251 tolerant,
727 3165 787 3238 vel
816 3164 978 3265 denique
994 3167 1131 3266 quibus
1147 3167 1265 3243 enimi

176 3270 330 3349 affectus
359 3298 489 3374 graves
504 3279 542 3348 et
558 3274 739 3365 diuturni,
769 3277 864 3352 vires
889 3302 1027 3365 omnes,
1057 3282 1265 3378 praesertim

176 3407 262 3482 quae
278 3389 498 3487 sanguinem
516 3397 681 3476 movent,
698 3388 861 3464 multum
879 3390 1064 3489 fregerint.

113 3576 116 3580 ³
225 3517 385 3575 nccnrv.
413 3500 553 3598 Incipit
568 3524 664 3600 saepe
680 3501 850 3578 sclisrus·
876 3503 954 3576 sine
969 3513 1059 3576 nota
1075 3528 1184 3580 causa
1200 3528 1264 3580 ex·

75 3677 78 3682 ,
175 3614 301 3695 ternc;
329 3609 527 3709 aliquando
544 3622 628 3711 post
656 3613 983 3689 inflammationem
1002 3638 1078 3689 non
1096 3617 1192 3690 bene
1209 3641 1264 3691 se·

177 3718 336 3794 solutum
355 3723 516 3810 accedit;
546 3726 678 3824 saepius
695 3752 717 3800 a
732 3728 771 3800 vi
788 3739 940 3801 externa
956 3731 1049 3827 parti
1062 3727 1264 3828 glandulis

173 3829 316 3906 refertae
334 3832 442 3908 illata
465 3836 603 3912 on‘tur:
643 3861 764 3936 neque
802 3839 931 3913 harum
958 3864 1083 3915 rerum
1108 3842 1262 3917 obscura

174 3942 279 4030 ratio,
295 3944 471 4020 nimirum
490 3973 576 4046 quae
592 3948 764 4024 fabricam
778 3949 977 4049 glandule
993 3953 1140 4041 laedant,
1165 3978 1262 4028 eum-

175 4078 250 4154 que
275 4080 370 4154 saepe
394 4058 596 4136 obstruant.
664 4062 738 4136 His
764 4064 935 4139 omnibus
960 4065 1029 4138 rite
1062 4066 1260 4165 perpensis,

174 4188 250 4242 uon
262 4169 396 4242 mirum
410 4171 480 4244 erit
491 4171 788 4261 morbumetiam
801 4174 1038 4275 incipientem
1051 4188 1182 4254 sanctu
1193 4176 1260 4251 dil·

168 4275 384 4374 ficillimum,
400 4283 649 4361 inveteratum
661 4285 824 4376 tandem,
840 4287 1083 4368 insanabilem
1094 4292 1257 4368 evadere.
