2678 4794
75 285 162 340 ese.
180 283 254 336 nc
365 279 582 335 usmcmrs
600 282 884 341 rnsoncmcm.
1084 279 1157 348 225

72 471 155 552 nst,
180 454 290 559 quale
302 447 482 532 matulam
499 458 602 533 brevi
626 458 719 534 solet
734 461 945 537 incrustare.
994 461 1042 538 In
1068 488 1156 544 sano
1182 459 1183 463 ¹

69 573 234 659 homine,
251 571 355 645 urina
371 571 468 645 intra
483 595 614 671 corpus
630 571 723 646 nihil
741 573 949 648 istiusmodi
966 573 1153 655 demittit:

69 688 100 762 si
118 709 205 763 vero
220 682 382 757 frustum
399 683 460 758 vel
477 685 675 760 minimum
701 685 864 783 cujusvis
888 688 1052 764 materiae
1073 689 1155 765 soli·

66 799 123 886 dre
137 799 178 872 in
197 796 356 872 vesicam
373 796 597 886 immissum,
614 809 653 872 et
664 797 717 871 ibi
729 798 899 872 relictum
911 799 1034 888 fuerit,
1051 800 1155 876 brevi

66 911 206 1012 tegitur
230 907 298 984 tali
322 920 456 999 crusta,
493 920 533 984 et
557 911 685 985 crescit
710 910 889 1010 paulatim
914 912 952 985 in
979 936 1153 1013 magnam

64 1023 212 1098 molem.
265 1021 460 1096 Probabile
476 1032 542 1111 est,
558 1022 652 1096 vitis
667 1023 840 1121 quaedsm
857 1023 1069 1114 humorum,
1090 1050 1153 1124 pa·

64 1159 147 1210 rum
164 1133 318 1209 forsitan
334 1133 531 1224 intellecta,
555 1134 752 1234 aliquando
770 1136 926 1226 subesse,
952 1147 994 1213 rt
1021 1138 1152 1238 procli·

63 1248 219 1322 vitatem
243 1246 292 1319 ad
329 1245 512 1322 cuculum
549 1246 788 1322 formandum
813 1249 979 1326 multum
1003 1272 1149 1350 augere.

63 1358 189 1433 Probe
222 1358 322 1432 enim
349 1369 503 1446 constat,
540 1360 714 1436 morbum
738 1381 814 1434 non
835 1360 954 1439 vmodo
978 1362 1149 1463 congeni—

62 1480 152 1546 tum
169 1494 273 1570 saepe,
295 1480 334 1545 et
359 1470 634 1546 haereditarium
658 1473 851 1561 observari,
877 1497 1008 1549 verum
1034 1475 1148 1550 etism

61 1581 232 1658 homines
246 1584 313 1682 qui
338 1583 479 1658 calculo
495 1583 660 1659 laborant
676 1586 808 1684 saepius
824 1586 1022 1663 ventricrdi
1050 1611 1147 1662 mor·

58 1695 129 1784 bis,
153 1694 248 1770 acori
266 1696 470 1795 imprimis,
487 1696 665 1771 obnoxios
681 1721 768 1784 esse,
786 1697 1000 1796 multosque
1016 1723 1148 1774 eorum
1282 1758 1285 1763 .

59 1807 162 1883 baud
189 1808 373 1908 exiguum
400 1808 568 1883 levamen
594 1811 773 1910 accepisse
796 1810 942 1884 averiis
965 1810 1147 1900 remediis,

58 1919 184 2019 qualia
199 1945 340 1996 acorem
359 1923 398 1995 in
416 1921 622 1996 ventriculo
650 1932 690 1997 et
712 1922 896 1998 intestinis
914 1921 973 1996 vel
989 1921 1146 2022 impedi-

57 2041 139 2123 ant,
164 2030 224 2105 vel
247 2033 300 2107 ibi
319 2032 397 2131 jam
416 2035 637 2109 existentem
655 2037 847 2134 corrigant.
898 2034 1025 2123 Porro,
1053 2034 1167 2114 olim,

56 2153 97 2218 et
112 2167 233 2243 nuper
248 2146 375 2244 opinio
391 2146 474 2233 fuit,
492 2145 592 2221 aliud
605 2147 735 2232 victus,
753 2157 792 2221 et
804 2157 914 2245 potus
930 2149 1144 2246 praesertim,

57 2280 186 2354 genus,
212 2257 300 2330 vina
328 2258 440 2346 acide,
465 2259 524 2333 vel
541 2261 629 2334 vina
653 2260 810 2357 epomis
834 2268 969 2356 parata,
989 2264 1050 2333 &c
1078 2259 1144 2333 ho-

57 2369 175 2442 mines
201 2369 397 2444 calculosos
422 2371 549 2460 facere,
573 2371 685 2457 aliud,
711 2394 772 2444 eos
797 2370 872 2442 fere
897 2370 1096 2444 incolumes
1121 2394 1143 2444 a

56 2479 121 2553 tali
145 2482 277 2555 morbo
313 2493 493 2580 praestsre.
557 2482 742 2569 Quamvis
768 2481 846 2555 baec
870 2482 995 2554 omnia
1019 2481 1143 2554 minus

56 2589 162 2666 firma
180 2594 273 2681 sint,
306 2606 428 2668 tamen
454 2617 529 2668 non
565 2605 620 2667 est
646 2594 869 2692 negandum,
894 2591 1036 2665 urinam
1063 2589 1142 2666 aliis

56 2712 168 2803 atque
185 2705 265 2779 aliis
283 2704 494 2781 hominibus
519 2705 603 2803 plus
621 2705 742 2779 minus
769 2703 970 2778 sabulossm
988 2727 1075 2790 esse,
1102 2711 1142 2777 et

56 2816 115 2889 rel
138 2817 226 2916 plus
251 2821 412 2893 maten'ae
437 2818 699 2893 concrescentis
725 2817 923 2904 continere,
960 2815 1021 2891 vel
1058 2837 1140 2889 eam

55 2952 167 3025 qusrn
186 2932 354 3005 continet
370 2931 510 3007 facilius
527 2932 733 3017 demittere,
758 2928 819 3003 vel
842 2930 958 3029 ipsam
984 2930 1140 3004 demum

53 3038 194 3127 facilius
210 3044 250 3116 in
268 3044 381 3116 talem
399 3033 590 3117 materiam
608 3042 782 3117 converti.

103 3174 313 3229 nccxcvn.
352 3157 545 3242 Praeterea,
581 3154 735 3228 averiis
760 3153 886 3241 causis,
915 3151 1137 3252 quibusdam

52 3287 132 3361 prae
147 3266 283 3340 ceteris
300 3266 524 3354 hominibus,
542 3265 662 3340 nuclei
678 3266 717 3340 in
730 3265 800 3339 viis
816 3289 907 3364 quas
922 3266 1027 3339 urina
1037 3262 1137 3337 subit

52 3374 323 3464 formabuntur,
341 3378 466 3476 quales
482 3377 724 3453 fundamenta
740 3377 877 3452 luerint
901 3373 1135 3451 calculorum.

55 3485 112 3562 Sic
130 3511 263 3562 mucus
279 3489 359 3589 ipse
375 3514 517 3577 renum,
542 3487 604 3563 vel
620 3488 809 3562 morbosus
834 3497 1002 3574 secretus,
1027 3509 1136 3585 prop·

55 3601 216 3674 territis
239 3625 392 3676 suorum
419 3623 652 3701 organorum,
676 3610 769 3698 puta
793 3598 1134 3685 inflammationem,

55 3711 107 3784 vel
124 3711 207 3808 jam
234 3726 403 3802 secretus,
429 3716 612 3813 spissatus,
641 3721 706 3784 sut
732 3716 877 3784 coactus
906 3712 946 3784 in
978 3734 1132 3785 massam
1202 3731 1207 3739 ·

57 3824 272 3913 enssiorem,
297 3825 358 3899 vel
375 3826 535 3923 sanguis,
560 3823 621 3898 vel
636 3821 779 3922 gluten,
805 3822 864 3896 vel
886 3845 966 3920 pus,
991 3846 1013 3895 e
1037 3822 1133 3897 vasis

59 3928 204 4034 delapsa,
232 3947 382 4035 propter
405 3936 670 4011 relaxationem
695 3943 762 4007 aut
785 3933 1133 4016 inflammationem

60 4048 162 4121 autin
174 4072 264 4122 rene
277 4048 429 4139 domum
443 4047 691 4123 concretiones
702 4045 764 4120 vel
777 4046 940 4122 minimas
955 4045 1131 4129 formstae,

62 4157 193 4234 nucleos
211 4159 367 4235 dabunt.

101 4291 322 4354 nccnvnn
347 4273 694 4374 Hujusmodiwm
716 4272 974 4361 concretiones.
995 4278 1128 4347 unun-

576 4407 600 4545 l
