2678 4794
130 382 217 439 car.
236 373 383 436 xxmv.
434 371 656 428 usmetun
674 372 964 431 annotantem.
1130 366 1200 442 471

129 559 259 634 radicis
285 553 421 629 infusio
437 551 506 626 hoc
522 549 674 626 consilio
702 549 890 625 interdum
921 550 996 626 sola
1024 551 1110 627 data
1137 566 1204 643 est,
1274 640 1278 646 ,

128 672 260 770 saepius
276 692 364 742 vero
378 666 426 739 ad
442 663 732 764 promovendam
757 665 941 738 actionem
970 663 1062 740 alius
1087 668 1205 741 medi-

126 781 306 866 camenti3
331 777 392 853 vel
408 778 555 875 sinapis,
581 776 686 875 cujus
703 774 826 874 pollen
856 801 964 876 aquae
990 777 1203 867 admistum,

126 896 219 969 etin
236 889 486 967 ventriculum
503 890 702 988 ingestum,
727 888 858 963 efficax
875 890 1055 988 reperitur
1079 902 1117 967 et
1143 899 1204 966 tu·

127 1017 211 1081 tum
224 1033 226 1038 ¹
241 1004 566 1087 medicamentum,
603 1011 642 1075 et
667 1000 876 1101 paralyticis
904 1004 1116 1101 praesertim,
1141 1003 1203 1079 vel

125 1119 315 1195 interdum
331 1117 376 1189 iis
392 1116 459 1213 qui
475 1139 497 1187 a
513 1113 700 1188 stomacho
715 1113 890 1203 laborant,
915 1115 1098 1191 creditum
1125 1139 1202 1191 esse

55 1224 64 1231 ”
126 1228 560 1314 accommodatissimum,
602 1227 632 1300 si
652 1225 760 1300 ‚forte
791 1228 858 1317 his,
900 1251 1123 1329 quacunque
1155 1228 1203 1302 de

126 1367 244 1428 causa,
269 1340 467 1415 vomitorio
484 1365 577 1438 opus
594 1340 651 1414 sit

177 1475 430 1529 Mcccnxxru.
444 1451 572 1526 Radix
588 1452 697 1525 etiam
716 1449 825 1526 scillae
844 1454 1034 1529 maritimae
1050 1457 1203 1555 (maxa),

128 1575 260 1664 utpote
277 1590 361 1663 quae
387 1574 426 1643 et
454 1562 562 1637 valde
589 1588 722 1651 amara,
747 1573 786 1638 et
815 1588 999 1655 nauseosa,
1024 1578 1062 1643 et
1091 1567 1203 1643 simul

124 1678 298 1751 acerrima
313 1686 379 1764 est,
396 1701 463 1775 pro
479 1677 678 1751 vomitorio
703 1677 971 1752 medicamento
995 1703 1090 1778 saepe
1119 1680 1203 1753 data

125 1802 191 1876 est,
217 1789 280 1863 sed
295 1788 484 1862 communi
502 1790 587 1862 usui
605 1811 737 1888 parum
754 1799 842 1888 apta
853 1791 1024 1878 videtur;
1050 1815 1136 1864 nam
1154 1789 1204 1863 ef·

125 1902 243 1977 fectus
260 1900 339 2000 ejus
355 1900 446 1975 adeo
462 1901 592 1974 incerti
620 1910 719 1988 sunt,
744 1913 789 1976 ut
817 1902 910 1976 dum
939 1928 1051 2002 parva
1078 1903 1204 1976 admo-

126 2013 220 2088 dum
236 2015 424 2112 quantitas
441 2012 528 2086 huic
543 2014 764 2113 vomitiones
780 2013 960 2089 immanes
977 2016 1117 2099 civerit,
1143 2015 1204 2088 de·

127 2125 236 2224 cupla
253 2126 401 2199 fortasse
416 2122 471 2196 illi
487 2146 535 2197 ne
552 2146 726 2198 nauseam
742 2125 891 2221 quidam
905 2127 1073 2202 moverit.
1124 2125 1204 2200 Ex·

127 2238 350 2312 istimatur·a
367 2233 495 2309 multis
510 2235 590 2307 vim
607 2232 800 2332 specialem
814 2235 946 2310 habere
957 2249 1110 2335 sputum
1121 2261 1203 2335 pro·

127 2350 313 2436 movendi,
338 2357 377 2422 et
393 2347 478 2421 ideo
494 2346 538 2420 iis
554 2346 661 2445 aegris
676 2347 841 2420 maxime
856 2350 1053 2422 convenire
1068 2349 1205 2446 quibus

126 2461 333 2562 pulmones,
362 2457 423 2531 vel
452 2456 573 2532 multo
598 2481 718 2545 muco,
742 2455 804 2532 vel
820 2457 899 2532 aliis
916 2459 1025 2533 rebus
1041 2483 1127 2557 quae
1143 2484 1205 2540 ex-

126 2575 238 2650 creari
256 2572 403 2657 debent,
428 2580 640 2669 gravantur.

178 2706 424 2760 uccctxxlv.
441 2682 544 2758 Aliae
559 2706 710 2781 quoque
725 2684 820 2758 bene
832 2683 963 2758 multae
975 2679 1097 2758 herbae
1107 2707 1204 2759 acres

126 2798 175 2872 ad
194 2794 418 2871 movendum
445 2795 631 2871 vomitum
659 2796 847 2870 interdum
877 2795 972 2870 datae
998 2808 1095 2884 sunt,
1120 2805 1159 2872 et
1183 2820 1205 2870 a

126 2907 315 2986 nonnullis
331 2905 500 2994 laudam,
518 2907 640 3006 qualia
656 2918 744 2983 sunt
760 2932 903 2984 asarum
920 2933 1133 3008 europaeum
1144 2909 1204 2984 vel

127 3025 321 3122 erigerum,
341 3024 403 3096 &a
429 3045 515 3119 quae
543 3030 669 3096 tamen
698 3019 793 3094 nihil
810 3020 1001 3119 peculiaris
1018 3021 1203 3098 commodi

127 3134 260 3209 habere
276 3134 462 3222 videntur,
487 3143 526 3208 et
542 3156 643 3210 nunc
660 3133 776 3234 igitur
791 3158 814 3208 a
829 3134 981 3208 medicis
997 3134 1072 3209 fere
1088 3134 1203 3234 negli-

127 3258 280 3346 guntur.

178 3382 406 3435 Mccctxxv.
433 3359 571 3435 Multae
586 3360 739 3435 demum
758 3360 879 3434 herbae
892 3381 979 3432 vere
994 3358 1203 3446 narcoticoe,

128 3471 468 3567 medicamentaque
497 3495 545 3545 ex
572 3473 616 3546 iis
641 3472 848 3572 desumpta,
876 3471 992 3546 veluti
1014 3470 1205 3548 nicotiana

127 3581 309 3671 tabacum,
334 3578 506 3681 digitalis
522 3606 716 3680 purpurea,
742 3586 893 3659 conium
911 3582 1146 3672 maculatum,
1166 3593 1206 3658 et

128 3697 280 3796 quidem
300 3696 427 3794 opium
447 3695 569 3792 ipsum
589 3696 777 3795 (Mccxrx)
794 3695 1002 3795 aliquando,
1018 3698 1205 3771 vomitum

128 3810 214 3883 satis
243 3808 437 3882 efficaciter
461 3818 635 3882 movent:
672 3808 737 3881 sed
764 3808 1034 3895 multavetant
1064 3817 1107 3882 ut
1136 3807 1206 3881 hoc
1263 3891 1267 3899 ¹

128 3921 281 3995 consilio
304 3920 517 4019 frequenter
541 3918 795 4006 adhibeantur,
820 3922 990 4019 quamvis
1019 3917 1207 3993 nonnullae

112 4057 176 4107 ,εκ
193 4034 248 4120 iis,
274 4032 467 4109 nicotiana
482 4030 654 4109 tabacum
681 4032 874 4131 imprimis,
899 4033 996 4106 inter
1011 4031 1208 4104 vomitoria

127 4143 398 4220 medicamenta
422 4169 519 4244 saepe
543 4144 720 4220 recenseri
747 4143 868 4220 soleat.
918 4145 1015 4219 Haec
1043 4143 1207 4242 quidem,

128 4257 255 4358 siquid
272 4256 383 4348 aliud,
408 4259 488 4339 vim
506 4273 644 4337 certam
662 4269 702 4336 et
717 4257 911 4362 specialem
936 4257 1046 4334 habet
1073 4253 1210 4333 ventri·
