2678 4794
72 111 145 168 cua.
161 110 239 167 xxa
365 108 586 167 immersas
604 112 892 170 annonamcn
1065 104 1135 176 us

58 284 204 383 (rcexx
221 294 280 388 rr)
294 311 372 388 qua
385 286 527 363 facilius
550 300 590 364 et
616 289 876 366 vehementius
903 303 1025 369 motus
1048 317 1132 371 con·

53 404 200 503 cipiunt,
225 400 341 476 veluti
363 404 580 476 arteriarum
607 402 831 479 distentione
854 427 877 477 a
897 426 1034 504 magna
1050 386 1134 506 ple-

47 516 219 590 nitudiue
250 538 422 588 vasorum
412 526 608 647 propter
639 518 828 616 sanguinis
857 516 1134 609 abundantiam,

45 628 104 702 vei
121 628 274 703 fortasse
291 652 312 702 a
340 603 476 726 frigore
492 626 552 701 vel
569 628 687 701 calore
712 628 828 727 frigus
845 631 1064 729 excipiente,
1089 642 1134 708 ut

42 748 210 840 warpore
223 763 341 814 verno
355 739 449 813 solet
464 739 648 826 aecidere3
673 739 744 828 vel,
761 741 935 840 denique,
953 743 1134 819 vinervo·

42 874 86 925 aa
98 863 138 926 et
165 855 336 927 tensione
362 851 537 927 fibrarum
555 850 609 926 nil
627 854 793 941 mutatis,
821 855 917 928 actio
933 856 1131 931 earundem

42 965 162 1039 nimia
177 967 259 1052 erit,
283 962 474 1039 astimulo
491 967 624 1064 (cccv)
650 965 758 1039 solito
773 967 1050 1043 vehementiore
1069 970 1133 1044 ad·

45 1089 164 1164 moto,
188 1076 251 1151 vel
264 1102 289 1151 a
312 1077 420 1152 solito
437 1078 601 1164 stimulo,
628 1079 658 1151 si
683 1077 786 1152 fibrae
809 1079 898 1177 ipsae
915 1080 995 1178 jaan
1020 1082 1133 1156 nimis

45 1188 206 1262 matites
221 1190 422 1279 (eccam,
439 1201 478 1264 et
495 1196 612 1289 seqq.)
630 1190 736 1264 faetae
752 1190 900 1266 fuerint.

100 1322 347 1376 ccccxxvrn.
364 1302 470 1377 Hinc
486 1301 750 1401 intelliguntur
759 1302 912 1378 effectus
928 1302 1131 1380 multarum

49 1434 170 1486 rerum
197 1412 282 1486 boui
312 1413 471 1513 malique
495 1415 641 1513 pariter,
666 1422 705 1487 et
733 1414 829 1487 aetio
845 1415 1052 1492 multorum
1076 1442 1131 1493 re·

52 1526 264 1612 mediorum,
291 1526 428 1624 quibus
453 1526 609 1613 utimur,
638 1525 686 1598 ad
703 1526 779 1599 vim
806 1536 845 1599 et
861 1538 1009 1603 motum
1026 1529 1132 1604 fibra·

56 1658 125 1711 mm
159 1639 395 1711 moventium
428 1636 672 1723 incitandum,
710 1638 1006 1737 tempemndum,
1043 1640 1129 1714 diri·

57 1750 229 1847 gendum
269 1750 387 1824 veluti
416 1749 536 1823 diaetae
561 1750 684 1824 tenuis
701 1750 761 1825 vel
777 1750 898 1840 lautae,
928 1754 1018 1840 vini,
1043 1754 1131 1854 opii,

59 1862 332 1944 stimulantium,
349 1872 387 1935 et
403 1862 637 1960 quorundam
655 1865 927 1940 evacuantium.

93 1996 316 2051 ccccxxlx
342 1974 547 2048 Mobilitati
563 1976 689 2049 nimiae
714 1986 849 2075 torpor,
874 1979 994 2077 vigori
1009 1979 1129 2054 nimio

59 2084 220 2174 debilitas,
238 2089 418 2162 contraria
435 2088 527 2161 vitia
544 2097 641 2162 sunt.
680 2087 823 2186 Torpor
848 2099 903 2162 est
928 2091 1130 2164 imminuta

57 2200 239 2287 mobilitas,
275 2201 473 2299 nequead
509 2202 597 2274 vitae
614 2223 778 2274 munera
802 2200 897 2273 bene
926 2201 1131 2275 exercenda

56 2310 240 2386 sufficiens.
301 2312 510 2387 Contrarias
544 2336 587 2386 ac
613 2311 727 2385 nimia
752 2310 937 2384 mobilitas
963 2311 1131 2410 agnoscit

55 2444 193 2509 ausam
234 2423 433 2498 solidarum
464 2424 645 2522 imprimis
685 2422 849 2522 partium
878 2421 1130 2496 conditionem

54 2532 242 2623 durirrem,
259 2535 483 2636 rigidiorem,
496 2534 556 2610 vel
568 2533 766 2632 aliquando
777 2533 909 2622 laxam,
925 2532 1130 2628 flaccidum,

52 2658 187 2723 antem
203 2659 429 2749 provectam,
446 2655 771 2748 temperamentum
786 2647 978 2746 peculiare,
997 2645 1131 2748 phleg-

52 2760 227 2849 meum,
243 2760 435 2861 frigidum,
452 2784 583 2858 parum
597 2759 768 2847 sentiens,
785 2759 944 2834 laborem
956 2760 1129 2850 nimium,

52 2885 279 2973 perpetuum,
304 2873 430 2973 frigus,
454 2873 598 2946 victum
614 2880 779 2960 tenuem,
804 2872 1025 2949 exhaustum
1052 2897 1130 2948 cor·

51 3005 124 3082 pus
179 2983 321 3060 Maium
347 3009 393 3059 eo
414 2985 531 3084 magis
547 2983 805 3071 metuendum,
829 2993 870 3057 et
886 2995 1016 3059 sanata
1033 2984 1129 3060 difli-

52 3095 164 3183 diua,
188 3096 299 3194 quod,
326 3097 442 3172 solitis
458 3112 600 3172 naturae
614 3096 756 3172 viribus
771 3094 1041 3182 deficientibus,
1066 3118 1129 3169 ne·

53 3228 119 3307 que
134 3232 270 3307 corpus
283 3210 403 3310 ipsum
418 3210 619 3309 quiequam
635 3219 799 3295 conetur,
815 3229 940 3308 neque
954 3206 1128 3296 remedia,

54 3316 206 3421 alioquin
223 3321 482 3410 efficacissima,
508 3319 672 3396 multum
683 3320 830 3419 juvent
1153 3365 1155 3369 <

93 3454 299 3510 ccccxxx.
316 3435 502 3511 Debilitas
518 3435 597 3509 aive
612 3431 805 3509 iufirmitas
816 3432 1127 3522 vocaturvitium,

10 3628 12 3635 Ι
58 3541 249 3643 siquando
277 3558 404 3623 motus
432 3545 694 3633 musculorum,
720 3547 798 3620 sive
827 3544 866 3619 id
890 3567 1009 3643 genus
1026 3542 1130 3642 quod

10 3702 12 3719 ·
59 3658 274 3735 uoluntate
290 3672 358 3748 est,
374 3662 452 3735 sive
464 3660 631 3747 alterum,
648 3659 751 3758 quod
768 3657 932 3731 invitum
948 3664 1016 3743 est,
1027 3655 1132 3754 justa

60 3766 184 3846 tinen
213 3772 414 3874 perficitur.
477 3772 601 3872 Major
625 3768 686 3845 vel
711 3771 841 3856 minor,
866 3767 1046 3869 generalia
1070 3763 1133 3841 vel

63 3883 389 3986 praerogatoris,
414 3909 543 3962 omnes
568 3885 644 3960 fere
659 3883 807 3958 morbos
836 3881 1046 3966 comitatur,
1069 3900 1135 3950 ne·

65 3998 293 4084 tueminima
307 4021 435 4075 eorum
453 4022 536 4099 pars
561 4007 627 4073 est.
679 3996 824 4096 Corpus
849 4013 1002 4093 quoque
1024 3990 1135 4065 iunu-

575 4132 605 4183 n
