2678 4794
187 359 264 425 ‘218
320 367 323 374 ’
607 372 861 427 conspectus
1103 372 1189 426 CAP.
1200 372 1275 426 XX.

194 546 308 623 libere
332 544 426 635 fluit,
460 547 596 634 tenuis,
631 547 780 636 calidus,
817 557 996 635 constans,
1027 548 1092 646 qui
1118 547 1275 645 corporis

194 659 349 734 calorem
376 668 563 755 temperat,
588 683 703 758 quem
727 684 824 759 aeger
848 660 941 733 bene
965 659 1047 745 fert,
1071 659 1275 757 pulsusque

183 774 404 847 arteriarum
421 770 614 859 molliores,
630 772 822 871 pleniores,
839 772 1022 858 tardiores,
1040 772 1276 854 comitantur,

182 895 288 959 etos
304 895 343 958 et
359 882 486 984 lingua
500 885 734 972 humidiores,
748 894 786 957 et
803 884 968 957 anxietas
980 883 1109 968 minor,
1126 891 1166 955 et
1181 881 1279 954 leva·

185 1022 279 1071 emen
296 997 478 1070 universae
495 996 682 1081 molestia,
707 1008 747 1071 et
763 997 834 1071 cibi
854 996 1039 1095 appetitus
1057 1001 1277 1077 renovatus-‚2

184 1118 327 1194 contra,
356 1108 496 1183 malum
514 1133 591 1183 esse
607 1110 781 1184 sudorem
796 1120 963 1183 tenacem
981 1119 1019 1180 et
1036 1106 1278 1207 glutinosum,

191 1218 383 1318 frigidum,
400 1221 554 1309 olidum,
565 1223 799 1320 quarundam
814 1231 959 1294 tantum
971 1219 1143 1317 partium,
1152 1215 1278 1290 -veluti

189 1331 329 1419 vultus,
360 1343 427 1407 aut
453 1333 650 1420 cervicum,
680 1344 746 1408 aut
772 1333 938 1432 pectoris,
970 1331 1061 1405 dum
1082 1329 1277 1427 reliquum

191 1467 334 1542 corpus,
350 1454 390 1518 et
406 1454 506 1519 artus
517 1446 729 1544 praesertim,
742 1455 909 1519 arescunt
923 1443 1172 1541 ;qui.aegrum
1185 1439 1278 1515 mul·

191 1565 272 1630 tum
292 1555 474 1643 exhaurit,
502 1579 625 1654 neque
645 1555 826 1630 morbum
843 1555 960 1628 levata:
989 1578 1075 1626 nam
1093 1552 1175 1626 talis
1189 1551 1276 1625 exi·

192 1668 344 1756 nanitio,
361 1668 431 1741 nisi
449 1667 606 1765 prodest,
624 1667 844 1765 plerumque
860 1678 977 1740 nocet.
1010 1664 1206 1761 eDenique,
1219 1688 1276 1764 su-

193 1781 318 1855 dorem
336 1780 635 1880 copiosissimum,
652 1781 690 1852 in
710 1778 837 1853 multis
851 1778 996 1864 morbis,
1014 1775 1191 1863 medici,a
1205 1771 1277 1849 Na·

194 1901 279 1965 tura
295 1894 373 1990 ipsa
390 1892 520 1977 edocti,
538 1902 616 1965 arte
632 1891 785 1966 eliciunt
802 1915 887 1964 cum
906 1891 1042 1988 insigni
1056 1913 1151 1987 saepe
1165 1912 1279 1986 aegro·

194 2004 353 2076 tantium
371 2003 599 2077 commodo:
626 2003 673 2075 de
702 2028 778 2100 quo
794 2015 921 2102 postea
948 2026 1014 2076 suo
1039 2001 1119 2074 loco
1136 1999 1279 2098 plenius

193 2115 381 2213 agendum
399 2117 482 2189 crit.

243 2249 435 2301 uccxxrx.
454 2227 635 2302 Minutas
643 2227 704 2300 vel
716 2252 929 2327 suppressus
941 2226 1052 2300 sudor
1069 2223 1279 2322 halitusque

194 2339 289 2416 cutis
304 2339 414 2412 'haud
439 2363 520 2413 raro
547 2339 797 2414 observantur.
847 2340 1049 2414 dlefieiunt
1076 2338 1133 2411 hae
1158 2360 1279 2410 excre-

194 2452 312 2525 tioues
329 2450 508 2549 paulatim
526 2464 676 2552 propter
689 2454 776 2528 vitae
791 2478 916 2553 genus·
926 2452 1082 2526 otiosum
1098 2463 1136 2525 et
1154 2449 1279 2524 seden-

182 2564 342 2650 tariam,
360 2589 488 2663 graves
499 2566 615 2638 animi
628 2566 783 2641 affectus
797 2569 1204 2660 (ocenum-cccxxvi)
1215 2561 1281 2660 qui

181 2674 379 2772 impetum
407 2677 596 2775 sanguinis
607 2677 721 2751 valde
738 2679 928 2764 minuunt,
954 2675 1182 2750 debilitatem
1206 2673 1281 2749 fere

180 2808 353 2871 omnem,
380 2786 517 2860 coelum
543 2802 609 2861 aut
634 2799 780 2887 tempus
805 2789 980 2885 frigidum
1008 2800 1045 2861 et
1068 2787 1279 2872 humidum,

193 2891 483 2982 immunditiam,
508 2898 579 2972 cibi
597 2923 715 2996 genus
732 2899 872 2985 durius,
890 2901 1064 2974 exhalatu
1084 2899 1280 2985 difficilius,

194 3016 234 3078 et
258 3005 411 3077 demum
437 3019 586 3105 propter
610 3008 771 3106 plurima
795 3009 973 3085 foramina
998 3013 1103 3098 entis,
1133 3021 1173 3085 et
1198 3035 1280 3084 vasa

195 3117 347 3202 minora,
380 3129 562 3193 coarctata
597 3132 663 3194 aut
688 3120 865 3209 conclusa,
903 3125 1021 3199 veluti
1059 3126 1096 3197 in
1124 3123 1280 3211 senibus,

195 3229 332 3327 quibus
349 3231 693 3330 sempervexhalatio
710 3258 775 3332 per
791 3244 915 3309 cutem
933 3237 1072 3334 parcior
1088 3247 1156 3323 est,
1177 3236 1279 3311 urina

194 3367 282 3415 vero
298 3343 488 3441 copiosior,
504 3368 572 3442 pro
589 3355 666 3417 rata
682 3357 796 3443 parte,
814 3372 925 3445 quarn
939 3348 1162 3447 junioribus

118 3451 124 3458 “
234 3476 418 3528 mccxxx.
455 3457 496 3528 A
522 3453 586 3529 tali
622 3456 768 3533 defectu
794 3459 914 3534 multa
951 3460 1145 3559 profluunt
1175 3457 1277 3546 mala

115 3619 118 3622 -
194 3564 334 3637 Totum
361 3590 492 3664 corpus
518 3567 670 3666 plenum
698 3571 782 3661 (nisi
799 3584 904 3646 aucta
922 3572 990 3645 alia
1016 3572 1170 3646 secretio
1186 3573 1277 3646 inse·

193 3674 297 3749 litam
326 3679 569 3753 retentionem
598 3683 902 3780 compensaverit)
926 3695 965 3758 et
995 3685 1116 3771 hebes,
1147 3696 1188 3758 et
1204 3684 1277 3758 lan-

193 3787 352 3886 guidum
383 3789 437 3876 fit,
468 3802 506 3866 et
532 3795 676 3867 animus
706 3820 857 3893 quoqne
883 3796 1063 3870 demissus
1088 3807 1128 3869 et
1145 3797 1277 3880 tristis:

193 3924 280 3973 nam
299 3900 420 3976 hilaris
437 3913 476 3976 et
493 3903 599 3980 laetus
616 3909 762 3981 animus
786 3907 1055 3981 exhalationem
1075 3917 1278 4006 promovet,

194 4023 270 4086 eta
296 4011 410 4087 libera
438 4016 670 4092 exhalatione
695 4019 970 4116 quodammodo
997 4022 1159 4096 eflicitur
1175 4021 1277 4095 vicis-

193 4127 273 4200 sim.
326 4125 526 4200 Concoctio
551 4154 702 4227 quoque
719 4130 881 4203 ciborum
902 4133 1066 4219 vitiatur,
1085 4143 1123 4206 et
1140 4132 1278 4234 appeti·

178 4249 255 4314 rus
270 4237 459 4328 minuitur,
478 4251 626 4339 propter
634 4241 820 4342 insignem
837 4244 1145 4343 (cccavntinter
1157 4257 1276 4323 cutem
