<?xml version="1.0" encoding="UTF-8"?>
<!DOCTYPE html PUBLIC "-//W3C//DTD XHTML 1.0 Transitional//EN"
    "http://www.w3.org/TR/xhtml1/DTD/xhtml1-transitional.dtd">
<html xmlns="http://www.w3.org/1999/xhtml" xml:lang="en" lang="en">
 <head>
  <title>
</title>
<meta http-equiv="Content-Type" content="text/html;charset=utf-8" />
  <meta name='ocr-system' content='tesseract 3.04.00' />
  <meta name='ocr-capabilities' content='ocr_page ocr_carea ocr_par ocr_line ocrx_word'/>
</head>
<body>
  <div class='ocr_page' id='page_1' title='image "./conspectusmedic01greggoog_0489.png"; bbox 0 0 2694 4792; ppageno 0'>
   <div class='ocr_carea' id='block_1_1' title="bbox 128 342 1232 409">
    <p class='ocr_par' dir='ltr' id='par_1_1' title="bbox 128 342 1232 409">
     <span class='ocr_line' id='line_1_1' title="bbox 128 342 1232 409; baseline -0.001 0"><span class='ocrx_word' id='word_1_1' title='bbox 128 342 202 409; x_wconf 76' lang='lat'><strong>440</strong></span> <span class='ocrx_word' id='word_1_2' title='bbox 528 345 781 401; x_wconf 75' lang='lat' dir='ltr'><strong>cousruorus</strong></span> <span class='ocrx_word' id='word_1_3' title='bbox 973 348 1232 408; x_wconf 71' lang='lat' dir='ltr'><strong>cunxxxn.</strong></span> 
     </span>
    </p>
   </div>
   <div class='ocr_carea' id='block_1_2' title="bbox 102 522 1229 4343">
    <p class='ocr_par' dir='ltr' id='par_1_2' title="bbox 131 522 1229 2172">
     <span class='ocr_line' id='line_1_2' title="bbox 133 522 1229 627; baseline 0.005 -26"><span class='ocrx_word' id='word_1_4' title='bbox 133 527 235 627; x_wconf 91' lang='lat' dir='ltr'><strong>quod</strong></span> <span class='ocrx_word' id='word_1_5' title='bbox 251 525 298 599; x_wconf 85' lang='lat' dir='ltr'><strong>ad</strong></span> <span class='ocrx_word' id='word_1_6' title='bbox 312 524 398 598; x_wconf 85' lang='lat' dir='ltr'><strong>olias</strong></span> <span class='ocrx_word' id='word_1_7' title='bbox 414 523 510 596; x_wconf 89' lang='lat' dir='ltr'><strong>vires</strong></span> <span class='ocrx_word' id='word_1_8' title='bbox 526 523 663 621; x_wconf 88' lang='lat' dir='ltr'><strong>quibus</strong></span> <span class='ocrx_word' id='word_1_9' title='bbox 673 524 712 597; x_wconf 94' lang='lat' dir='ltr'><strong>in</strong></span> <span class='ocrx_word' id='word_1_10' title='bbox 725 546 874 623; x_wconf 82' lang='lat' dir='ltr'><strong>corpore</strong></span> <span class='ocrx_word' id='word_1_11' title='bbox 886 522 1053 600; x_wconf 82' lang='lat' dir='ltr'><strong>humano</strong></span> <span class='ocrx_word' id='word_1_12' title='bbox 1065 529 1229 626; x_wconf 84' lang='lat' dir='ltr'><strong>pollent</strong></span> 
     </span>
     <span class='ocr_line' id='line_1_3' title="bbox 135 633 1227 737; baseline 0 -20"><span class='ocrx_word' id='word_1_13' title='bbox 135 640 235 717; x_wconf 85' lang='lat' dir='ltr'><strong>Sales</strong></span> <span class='ocrx_word' id='word_1_14' title='bbox 251 637 431 737; x_wconf 84' lang='lat' dir='ltr'><strong>imprimis</strong></span> <span class='ocrx_word' id='word_1_15' title='bbox 447 633 613 723; x_wconf 75' lang='lat' dir='ltr'><strong>alentini,</strong></span> <span class='ocrx_word' id='word_1_16' title='bbox 629 637 677 709; x_wconf 92' lang='lat' dir='ltr'><strong>ob</strong></span> <span class='ocrx_word' id='word_1_17' title='bbox 693 637 876 734; x_wconf 85' lang='lat' dir='ltr'><strong>insignem</strong></span> <span class='ocrx_word' id='word_1_18' title='bbox 890 661 998 712; x_wconf 81' lang='lat' dir='ltr'><strong>suurn</strong></span> <span class='ocrx_word' id='word_1_19' title='bbox 1011 641 1227 732; x_wconf 83' lang='lat' dir='ltr'><strong>stimulum,</strong></span> 
     </span>
     <span class='ocr_line' id='line_1_4' title="bbox 136 749 1229 852; baseline 0.003 -25"><span class='ocrx_word' id='word_1_20' title='bbox 136 776 234 851; x_wconf 86' lang='lat' dir='ltr'><strong>saepe</strong></span> <span class='ocrx_word' id='word_1_21' title='bbox 251 752 375 824; x_wconf 89' lang='lat' dir='ltr'><strong>minus</strong></span> <span class='ocrx_word' id='word_1_22' title='bbox 391 750 586 823; x_wconf 88' lang='lat' dir='ltr'><strong>commode</strong></span> <span class='ocrx_word' id='word_1_23' title='bbox 611 749 846 836; x_wconf 82' lang='lat' dir='ltr'><strong>adhibentur,</strong></span> <span class='ocrx_word' id='word_1_24' title='bbox 869 751 1049 847; x_wconf 86' lang='lat' dir='ltr'><strong>quoniam</strong></span> <span class='ocrx_word' id='word_1_25' title='bbox 1077 755 1109 826; x_wconf 85' lang='lat' dir='ltr'><strong>si</strong></span> <span class='ocrx_word' id='word_1_26' title='bbox 1136 755 1229 852; x_wconf 86' lang='lat' dir='ltr'><strong>plus</strong></span> 
     </span>
     <span class='ocr_line' id='line_1_5' title="bbox 131 862 1224 963; baseline 0 -23"><span class='ocrx_word' id='word_1_27' title='bbox 131 865 236 963; x_wconf 88' lang='lat' dir='ltr'><strong>justo</strong></span> <span class='ocrx_word' id='word_1_28' title='bbox 248 888 377 938; x_wconf 90' lang='lat' dir='ltr'><strong>eorum</strong></span> <span class='ocrx_word' id='word_1_29' title='bbox 388 862 597 949; x_wconf 79' lang='lat' dir='ltr'><strong>assumitur,</strong></span> <span class='ocrx_word' id='word_1_30' title='bbox 608 863 673 935; x_wconf 88' lang='lat' dir='ltr'><strong>vix</strong></span> <span class='ocrx_word' id='word_1_31' title='bbox 684 862 821 960; x_wconf 89' lang='lat' dir='ltr'><strong>poterit</strong></span> <span class='ocrx_word' id='word_1_32' title='bbox 831 885 905 935; x_wconf 92' lang='lat' dir='ltr'><strong>non</strong></span> <span class='ocrx_word' id='word_1_33' title='bbox 919 885 1059 938; x_wconf 84' lang='lat' dir='ltr'><strong>nocere.</strong></span> <span class='ocrx_word' id='word_1_34' title='bbox 1094 865 1224 940; x_wconf 82' lang='lat' dir='ltr'><strong>Terrae</strong></span> 
     </span>
     <span class='ocr_line' id='line_1_6' title="bbox 138 975 1223 1074; baseline 0.002 -25"><span class='ocrx_word' id='word_1_35' title='bbox 138 1001 226 1051; x_wconf 87' lang='lat' dir='ltr'><strong>vero</strong></span> <span class='ocrx_word' id='word_1_36' title='bbox 238 975 487 1060; x_wconf 72' lang='lat' dir='ltr'><strong>absorbentes,</strong></span> <span class='ocrx_word' id='word_1_37' title='bbox 513 983 644 1074; x_wconf 86' lang='lat' dir='ltr'><strong>utpote</strong></span> <span class='ocrx_word' id='word_1_38' title='bbox 669 976 755 1049; x_wconf 86' lang='lat' dir='ltr'><strong>satis</strong></span> <span class='ocrx_word' id='word_1_39' title='bbox 780 976 899 1062; x_wconf 89' lang='lat' dir='ltr'><strong>mites,</strong></span> <span class='ocrx_word' id='word_1_40' title='bbox 925 978 1115 1051; x_wconf 86' lang='lat' dir='ltr'><strong>communi</strong></span> <span class='ocrx_word' id='word_1_41' title='bbox 1133 979 1223 1051; x_wconf 88' lang='lat' dir='ltr'><strong>usui</strong></span> 
     </span>
     <span class='ocr_line' id='line_1_7' title="bbox 137 1087 1223 1186; baseline -0.002 -20"><span class='ocrx_word' id='word_1_42' title='bbox 137 1090 260 1167; x_wconf 87' lang='lat' dir='ltr'><strong>multo</strong></span> <span class='ocrx_word' id='word_1_43' title='bbox 271 1087 616 1162; x_wconf 82' lang='lat' dir='ltr'><strong>aooommodatiores</strong></span> <span class='ocrx_word' id='word_1_44' title='bbox 628 1088 817 1173; x_wconf 79' lang='lat' dir='ltr'><strong>existunt3</strong></span> <span class='ocrx_word' id='word_1_45' title='bbox 834 1110 957 1186; x_wconf 87' lang='lat' dir='ltr'><strong>neque</strong></span> <span class='ocrx_word' id='word_1_46' title='bbox 970 1089 1078 1162; x_wconf 82' lang='lat' dir='ltr'><strong>valde</strong></span> <span class='ocrx_word' id='word_1_47' title='bbox 1090 1114 1223 1164; x_wconf 83' lang='lat' dir='ltr'><strong>nocere</strong></span> 
     </span>
     <span class='ocr_line' id='line_1_8' title="bbox 136 1199 1219 1301; baseline 0 -26"><span class='ocrx_word' id='word_1_48' title='bbox 136 1213 301 1301; x_wconf 86' lang='lat' dir='ltr'><strong>possunt,</strong></span> <span class='ocrx_word' id='word_1_49' title='bbox 318 1201 489 1299; x_wconf 86' lang='lat' dir='ltr'><strong>quamvis</strong></span> <span class='ocrx_word' id='word_1_50' title='bbox 501 1201 612 1273; x_wconf 87' lang='lat' dir='ltr'><strong>etiam</strong></span> <span class='ocrx_word' id='word_1_51' title='bbox 626 1199 762 1297; x_wconf 85' lang='lat' dir='ltr'><strong>majore</strong></span> <span class='ocrx_word' id='word_1_52' title='bbox 773 1202 877 1299; x_wconf 84' lang='lat' dir='ltr'><strong>copia</strong></span> <span class='ocrx_word' id='word_1_53' title='bbox 890 1213 1091 1299; x_wconf 65' lang='lat' dir='ltr'><strong>assumptor</strong></span> <span class='ocrx_word' id='word_1_54' title='bbox 1104 1226 1219 1300; x_wconf 80' lang='lat' dir='ltr'><strong>quum</strong></span> 
     </span>
     <span class='ocr_line' id='line_1_9' title="bbox 136 1312 1219 1411; baseline 0.003 -26"><span class='ocrx_word' id='word_1_55' title='bbox 136 1313 185 1386; x_wconf 81' lang='lat' dir='ltr'><strong>ad</strong></span> <span class='ocrx_word' id='word_1_56' title='bbox 200 1338 342 1388; x_wconf 79' lang='lat' dir='ltr'><strong>acorem</strong></span> <span class='ocrx_word' id='word_1_57' title='bbox 359 1314 573 1388; x_wconf 89' lang='lat' dir='ltr'><strong>morbosum</strong></span> <span class='ocrx_word' id='word_1_58' title='bbox 590 1312 851 1411; x_wconf 82' lang='lat' dir='ltr'><strong>oorrigendum</strong></span> <span class='ocrx_word' id='word_1_59' title='bbox 874 1313 1086 1388; x_wconf 84' lang='lat' dir='ltr'><strong>suffecisset</strong></span> <span class='ocrx_word' id='word_1_60' title='bbox 1139 1314 1219 1388; x_wconf 80' lang='lat' dir='ltr'><strong>Has</strong></span> 
     </span>
     <span class='ocr_line' id='line_1_10' title="bbox 136 1425 1218 1526; baseline -0.001 -26"><span class='ocrx_word' id='word_1_61' title='bbox 136 1450 288 1526; x_wconf 88' lang='lat' dir='ltr'><strong>quoque</strong></span> <span class='ocrx_word' id='word_1_62' title='bbox 305 1426 468 1502; x_wconf 91' lang='lat' dir='ltr'><strong>multum</strong></span> <span class='ocrx_word' id='word_1_63' title='bbox 487 1427 649 1512; x_wconf 80' lang='lat' dir='ltr'><strong>interest,</strong></span> <span class='ocrx_word' id='word_1_64' title='bbox 666 1426 718 1498; x_wconf 77' lang='lat' dir='ltr'><strong>ita</strong></span> <span class='ocrx_word' id='word_1_65' title='bbox 735 1435 778 1500; x_wconf 94' lang='lat' dir='ltr'><strong>ut</strong></span> <span class='ocrx_word' id='word_1_66' title='bbox 795 1448 896 1499; x_wconf 84' lang='lat' dir='ltr'><strong>nuno</strong></span> <span class='ocrx_word' id='word_1_67' title='bbox 912 1425 1005 1512; x_wconf 85' lang='lat' dir='ltr'><strong>calx,</strong></span> <span class='ocrx_word' id='word_1_68' title='bbox 1022 1450 1127 1501; x_wconf 82' lang='lat' dir='ltr'><strong>nuno</strong></span> <span class='ocrx_word' id='word_1_69' title='bbox 1142 1450 1218 1500; x_wconf 88' lang='lat' dir='ltr'><strong>rur·</strong></span> 
     </span>
     <span class='ocr_line' id='line_1_11' title="bbox 136 1538 1217 1639; baseline 0.002 -27"><span class='ocrx_word' id='word_1_70' title='bbox 136 1562 198 1614; x_wconf 85' lang='lat' dir='ltr'><strong>sus</strong></span> <span class='ocrx_word' id='word_1_71' title='bbox 226 1539 422 1639; x_wconf 65' lang='lat' dir='ltr'><strong>magnesia</strong></span> <span class='ocrx_word' id='word_1_72' title='bbox 440 1539 555 1638; x_wconf 85' lang='lat' dir='ltr'><strong>magis</strong></span> <span class='ocrx_word' id='word_1_73' title='bbox 572 1538 789 1622; x_wconf 84' lang='lat' dir='ltr'><strong>oonveniat;</strong></span> <span class='ocrx_word' id='word_1_74' title='bbox 815 1538 893 1611; x_wconf 85' lang='lat' dir='ltr'><strong>haeo</strong></span> <span class='ocrx_word' id='word_1_75' title='bbox 910 1539 1009 1610; x_wconf 88' lang='lat' dir='ltr'><strong>enim</strong></span> <span class='ocrx_word' id='word_1_76' title='bbox 1027 1538 1157 1614; x_wconf 85' lang='lat' dir='ltr'><strong>alvum</strong></span> <span class='ocrx_word' id='word_1_77' title='bbox 1176 1541 1217 1630; x_wconf 82' lang='lat' dir='ltr'><strong>(si</strong></span> 
     </span>
     <span class='ocr_line' id='line_1_12' title="bbox 136 1650 1217 1749; baseline 0.001 -24"><span class='ocrx_word' id='word_1_78' title='bbox 136 1652 251 1725; x_wconf 91' lang='lat' dir='ltr'><strong>modo</strong></span> <span class='ocrx_word' id='word_1_79' title='bbox 284 1653 397 1727; x_wconf 79' lang='lat' dir='ltr'><strong>amris</strong></span> <span class='ocrx_word' id='word_1_80' title='bbox 430 1651 572 1749; x_wconf 85' lang='lat' dir='ltr'><strong>aliquid</strong></span> <span class='ocrx_word' id='word_1_81' title='bbox 604 1651 721 1747; x_wconf 82' lang='lat' dir='ltr'><strong>adest)</strong></span> <span class='ocrx_word' id='word_1_82' title='bbox 751 1651 837 1723; x_wconf 87' lang='lat' dir='ltr'><strong>satis</strong></span> <span class='ocrx_word' id='word_1_83' title='bbox 864 1650 1060 1726; x_wconf 86' lang='lat' dir='ltr'><strong>efficaciter</strong></span> <span class='ocrx_word' id='word_1_84' title='bbox 1087 1651 1217 1737; x_wconf 88' lang='lat' dir='ltr'><strong>solvit;</strong></span> 
     </span>
     <span class='ocr_line' id='line_1_13' title="bbox 135 1761 1218 1864; baseline 0.003 -28"><span class='ocrx_word' id='word_1_85' title='bbox 135 1763 226 1837; x_wconf 91' lang='lat' dir='ltr'><strong>dum</strong></span> <span class='ocrx_word' id='word_1_86' title='bbox 244 1764 308 1837; x_wconf 84' lang='lat' dir='ltr'><strong>ilia</strong></span> <span class='ocrx_word' id='word_1_87' title='bbox 319 1775 444 1839; x_wconf 83' lang='lat' dir='ltr'><strong>eontra</strong></span> <span class='ocrx_word' id='word_1_88' title='bbox 461 1763 615 1836; x_wconf 87' lang='lat' dir='ltr'><strong>eandem</strong></span> <span class='ocrx_word' id='word_1_89' title='bbox 633 1763 734 1859; x_wconf 89' lang='lat' dir='ltr'><strong>prius</strong></span> <span class='ocrx_word' id='word_1_90' title='bbox 752 1761 910 1836; x_wconf 80' lang='lat' dir='ltr'><strong>solutam</strong></span> <span class='ocrx_word' id='word_1_91' title='bbox 926 1788 1022 1862; x_wconf 85' lang='lat' dir='ltr'><strong>saepe</strong></span> <span class='ocrx_word' id='word_1_92' title='bbox 1039 1764 1143 1840; x_wconf 84' lang='lat' dir='ltr'><strong>haud</strong></span> <span class='ocrx_word' id='word_1_93' title='bbox 1159 1790 1218 1864; x_wconf 83' lang='lat' dir='ltr'><strong>pa-</strong></span> 
     </span>
     <span class='ocr_line' id='line_1_14' title="bbox 134 1871 1215 1970; baseline 0.001 -21"><span class='ocrx_word' id='word_1_94' title='bbox 134 1900 220 1949; x_wconf 89' lang='lat' dir='ltr'><strong>rum</strong></span> <span class='ocrx_word' id='word_1_95' title='bbox 237 1877 371 1950; x_wconf 85' lang='lat' dir='ltr'><strong>firmat.</strong></span> <span class='ocrx_word' id='word_1_96' title='bbox 422 1875 594 1970; x_wconf 86' lang='lat' dir='ltr'>Uterque</span> <span class='ocrx_word' id='word_1_97' title='bbox 618 1871 773 1947; x_wconf 85' lang='lat' dir='ltr'><strong>effectus</strong></span> <span class='ocrx_word' id='word_1_98' title='bbox 790 1874 980 1950; x_wconf 87' lang='lat' dir='ltr'><strong>interdum</strong></span> <span class='ocrx_word' id='word_1_99' title='bbox 996 1878 1139 1953; x_wconf 82' lang='lat' dir='ltr'><strong>nimius</strong></span> <span class='ocrx_word' id='word_1_100' title='bbox 1155 1877 1215 1951; x_wconf 71' lang='lat' dir='ltr'><strong>ob</strong></span> 
     </span>
     <span class='ocr_line' id='line_1_15' title="bbox 134 1984 1216 2086; baseline 0.005 -26"><span class='ocrx_word' id='word_1_101' title='bbox 134 1998 324 2070; x_wconf 61' lang='lat' dir='ltr'><strong>servatum</strong></span> <span class='ocrx_word' id='word_1_102' title='bbox 350 1987 402 2059; x_wconf 81' lang='lat' dir='ltr'><strong>ito</strong></span> <span class='ocrx_word' id='word_1_103' title='bbox 419 1996 464 2059; x_wconf 87' lang='lat' dir='ltr'><strong>ut</strong></span> <span class='ocrx_word' id='word_1_104' title='bbox 480 1984 677 2083; x_wconf 83' lang='lat' dir='ltr'><strong>prudentia</strong></span> <span class='ocrx_word' id='word_1_105' title='bbox 689 1986 813 2084; x_wconf 85' lang='lat' dir='ltr'><strong>aliqua</strong></span> <span class='ocrx_word' id='word_1_106' title='bbox 824 2012 918 2086; x_wconf 88' lang='lat' dir='ltr'><strong>opus</strong></span> <span class='ocrx_word' id='word_1_107' title='bbox 929 1989 978 2062; x_wconf 91' lang='lat' dir='ltr'><strong>sit</strong></span> <span class='ocrx_word' id='word_1_108' title='bbox 990 1989 1030 2062; x_wconf 90' lang='lat' dir='ltr'><strong>in</strong></span> <span class='ocrx_word' id='word_1_109' title='bbox 1043 1989 1102 2064; x_wconf 91' lang='lat' dir='ltr'><strong>his</strong></span> <span class='ocrx_word' id='word_1_110' title='bbox 1115 1990 1216 2065; x_wconf 81' lang='lat' dir='ltr'><strong>terris</strong></span> 
     </span>
     <span class='ocr_line' id='line_1_16' title="bbox 133 2097 1075 2172; baseline -0.001 0"><span class='ocrx_word' id='word_1_111' title='bbox 133 2097 444 2172; x_wconf 77' lang='lat' dir='ltr'><strong>administrandis.</strong></span> <span class='ocrx_word' id='word_1_112' title='bbox 1067 2104 1075 2116; x_wconf 93' lang='lat'><em>&#39;</em></span> 
     </span>
    </p>

    <p class='ocr_par' dir='ltr' id='par_1_3' title="bbox 126 2209 1217 3207">
     <span class='ocr_line' id='line_1_17' title="bbox 184 2209 1216 2313; baseline 0.004 -28"><span class='ocrx_word' id='word_1_113' title='bbox 184 2233 367 2286; x_wconf 81' lang='lat' dir='ltr'><strong>Mcccvu.</strong></span> <span class='ocrx_word' id='word_1_114' title='bbox 399 2210 497 2286; x_wconf 89' lang='lat' dir='ltr'><strong>Sales</strong></span> <span class='ocrx_word' id='word_1_115' title='bbox 523 2209 673 2309; x_wconf 84' lang='lat' dir='ltr'><strong>quidam</strong></span> <span class='ocrx_word' id='word_1_116' title='bbox 701 2211 841 2299; x_wconf 81' lang='lat' dir='ltr'><strong>neutri,</strong></span> <span class='ocrx_word' id='word_1_117' title='bbox 866 2212 1002 2288; x_wconf 81' lang='lat' dir='ltr'><strong>sedicet</strong></span> <span class='ocrx_word' id='word_1_118' title='bbox 1028 2223 1216 2313; x_wconf 82' lang='lat' dir='ltr'><strong>quotquot</strong></span> 
     </span>
     <span class='ocr_line' id='line_1_18' title="bbox 133 2323 1216 2421; baseline 0.005 -24"><span class='ocrx_word' id='word_1_119' title='bbox 133 2347 183 2397; x_wconf 85' lang='lat' dir='ltr'><strong>ex</strong></span> <span class='ocrx_word' id='word_1_120' title='bbox 199 2332 348 2399; x_wconf 80' lang='lat' dir='ltr'><strong>tartaro</strong></span> <span class='ocrx_word' id='word_1_121' title='bbox 377 2347 444 2421; x_wconf 93' lang='lat' dir='ltr'><strong>pro</strong></span> <span class='ocrx_word' id='word_1_122' title='bbox 473 2333 576 2421; x_wconf 85' lang='lat' dir='ltr'><strong>parte</strong></span> <span class='ocrx_word' id='word_1_123' title='bbox 600 2323 704 2397; x_wconf 83' lang='lat' dir='ltr'><strong>acida</strong></span> <span class='ocrx_word' id='word_1_124' title='bbox 727 2336 908 2410; x_wconf 81' lang='lat' dir='ltr'><strong>coustant,</strong></span> <span class='ocrx_word' id='word_1_125' title='bbox 932 2325 1052 2399; x_wconf 89' lang='lat' dir='ltr'><strong>veluti</strong></span> <span class='ocrx_word' id='word_1_126' title='bbox 1081 2326 1216 2402; x_wconf 70' lang='lat' dir='ltr'><strong>tomis</strong></span> 
     </span>
     <span class='ocr_line' id='line_1_19' title="bbox 126 2435 1217 2536; baseline 0.004 -26"><span class='ocrx_word' id='word_1_127' title='bbox 126 2445 301 2536; x_wconf 77' lang='lat' dir='ltr'><strong>potossae,</strong></span> <span class='ocrx_word' id='word_1_128' title='bbox 328 2447 366 2511; x_wconf 89' lang='lat' dir='ltr'><strong>et</strong></span> <span class='ocrx_word' id='word_1_129' title='bbox 383 2435 493 2512; x_wconf 76' lang='lat' dir='ltr'><strong>boras</strong></span> <span class='ocrx_word' id='word_1_130' title='bbox 508 2435 618 2523; x_wconf 82' lang='lat' dir='ltr'><strong>sodae,</strong></span> <span class='ocrx_word' id='word_1_131' title='bbox 643 2437 740 2511; x_wconf 87' lang='lat' dir='ltr'><strong>inter</strong></span> <span class='ocrx_word' id='word_1_132' title='bbox 756 2436 934 2511; x_wconf 79' lang='lat' dir='ltr'><strong>autaridu</strong></span> <span class='ocrx_word' id='word_1_133' title='bbox 947 2438 1217 2514; x_wconf 72' lang='lat' dir='ltr'><strong>medicamenta</strong></span> 
     </span>
     <span class='ocr_line' id='line_1_20' title="bbox 131 2549 1216 2650; baseline 0.003 -27"><span class='ocrx_word' id='word_1_134' title='bbox 131 2549 358 2625; x_wconf 82' lang='lat' dir='ltr'><strong>anonnullis</strong></span> <span class='ocrx_word' id='word_1_135' title='bbox 383 2559 472 2624; x_wconf 88' lang='lat' dir='ltr'><strong>sunt</strong></span> <span class='ocrx_word' id='word_1_136' title='bbox 488 2549 668 2638; x_wconf 84' lang='lat' dir='ltr'><strong>recensiti,</strong></span> <span class='ocrx_word' id='word_1_137' title='bbox 692 2550 864 2648; x_wconf 82' lang='lat' dir='ltr'><strong>quamvis</strong></span> <span class='ocrx_word' id='word_1_138' title='bbox 888 2574 1020 2648; x_wconf 85' lang='lat' dir='ltr'><strong>parum</strong></span> <span class='ocrx_word' id='word_1_139' title='bbox 1049 2562 1141 2650; x_wconf 76' lang='lat' dir='ltr'><strong>apta</strong></span> <span class='ocrx_word' id='word_1_140' title='bbox 1164 2575 1216 2625; x_wconf 84' lang='lat' dir='ltr'><strong>re·</strong></span> 
     </span>
     <span class='ocr_line' id='line_1_21' title="bbox 131 2662 1216 2763; baseline 0.005 -29"><span class='ocrx_word' id='word_1_141' title='bbox 131 2662 255 2736; x_wconf 79' lang='lat' dir='ltr'><strong>medio</strong></span> <span class='ocrx_word' id='word_1_142' title='bbox 271 2662 477 2736; x_wconf 81' lang='lat' dir='ltr'><strong>videantur.</strong></span> <span class='ocrx_word' id='word_1_143' title='bbox 528 2662 634 2737; x_wconf 88' lang='lat' dir='ltr'><strong>Aoor</strong></span> <span class='ocrx_word' id='word_1_144' title='bbox 661 2663 816 2761; x_wconf 90' lang='lat' dir='ltr'><strong>quidem</strong></span> <span class='ocrx_word' id='word_1_145' title='bbox 846 2664 1043 2738; x_wconf 84' lang='lat' dir='ltr'><strong>ventriculi</strong></span> <span class='ocrx_word' id='word_1_146' title='bbox 1071 2678 1216 2763; x_wconf 81' lang='lat' dir='ltr'><strong>portem</strong></span> 
     </span>
     <span class='ocr_line' id='line_1_22' title="bbox 132 2770 1214 2877; baseline 0.006 -31"><span class='ocrx_word' id='word_1_147' title='bbox 132 2797 261 2846; x_wconf 84' lang='lat' dir='ltr'><strong>eorum</strong></span> <span class='ocrx_word' id='word_1_148' title='bbox 279 2770 478 2848; x_wconf 61' lang='lat' dir='ltr'><strong>odulinum</strong></span> <span class='ocrx_word' id='word_1_149' title='bbox 494 2774 709 2873; x_wconf 84' lang='lat' dir='ltr'><strong>prehendet,</strong></span> <span class='ocrx_word' id='word_1_150' title='bbox 733 2787 773 2850; x_wconf 89' lang='lat' dir='ltr'><strong>et</strong></span> <span class='ocrx_word' id='word_1_151' title='bbox 788 2776 835 2850; x_wconf 84' lang='lat' dir='ltr'><strong>ab</strong></span> <span class='ocrx_word' id='word_1_152' title='bbox 851 2800 893 2850; x_wconf 81' lang='lat' dir='ltr'><strong>ea</strong></span> <span class='ocrx_word' id='word_1_153' title='bbox 910 2777 1129 2877; x_wconf 75' lang='lat' dir='ltr'><strong>corrigetur,</strong></span> <span class='ocrx_word' id='word_1_154' title='bbox 1153 2778 1214 2852; x_wconf 79' lang='lat' dir='ltr'><strong>sed</strong></span> 
     </span>
     <span class='ocr_line' id='line_1_23' title="bbox 132 2884 1210 2984; baseline 0.006 -27"><span class='ocrx_word' id='word_1_155' title='bbox 132 2884 245 2958; x_wconf 82' lang='lat' dir='ltr'><strong>simul</strong></span> <span class='ocrx_word' id='word_1_156' title='bbox 262 2907 416 2972; x_wconf 89' lang='lat' dir='ltr'><strong>novum,</strong></span> <span class='ocrx_word' id='word_1_157' title='bbox 440 2887 612 2984; x_wconf 82' lang='lat' dir='ltr'><strong>quamvis</strong></span> <span class='ocrx_word' id='word_1_158' title='bbox 641 2888 824 2962; x_wconf 88' lang='lat' dir='ltr'><strong>mitiorem</strong></span> <span class='ocrx_word' id='word_1_159' title='bbox 844 2899 883 2964; x_wconf 90' lang='lat' dir='ltr'><strong>et</strong></span> <span class='ocrx_word' id='word_1_160' title='bbox 900 2890 1023 2964; x_wconf 89' lang='lat' dir='ltr'><strong>minus</strong></span> <span class='ocrx_word' id='word_1_161' title='bbox 1039 2891 1210 2965; x_wconf 80' lang='lat' dir='ltr'><strong>nocivum</strong></span> 
     </span>
     <span class='ocr_line' id='line_1_24' title="bbox 130 2997 1212 3099; baseline 0.007 -30"><span class='ocrx_word' id='word_1_162' title='bbox 130 3019 274 3074; x_wconf 78' lang='lat' dir='ltr'><strong>acorem</strong></span> <span class='ocrx_word' id='word_1_163' title='bbox 290 2997 518 3073; x_wconf 85' lang='lat' dir='ltr'><strong>ventriculus</strong></span> <span class='ocrx_word' id='word_1_164' title='bbox 534 2999 641 3073; x_wconf 82' lang='lat' dir='ltr'><strong>abiis</strong></span> <span class='ocrx_word' id='word_1_165' title='bbox 657 3000 821 3099; x_wconf 86' lang='lat' dir='ltr'><strong>oooipiet,</strong></span> <span class='ocrx_word' id='word_1_166' title='bbox 852 3003 918 3099; x_wconf 91' lang='lat' dir='ltr'><strong>qui</strong></span> <span class='ocrx_word' id='word_1_167' title='bbox 935 3002 1001 3075; x_wconf 86' lang='lat' dir='ltr'><strong>vix</strong></span> <span class='ocrx_word' id='word_1_168' title='bbox 1019 3003 1122 3077; x_wconf 84' lang='lat' dir='ltr'><strong>utilis</strong></span> <span class='ocrx_word' id='word_1_169' title='bbox 1136 3024 1212 3076; x_wconf 81' lang='lat' dir='ltr'><strong>esse</strong></span> 
     </span>
     <span class='ocr_line' id='line_1_25' title="bbox 129 3109 276 3207; baseline 0.007 -26"><span class='ocrx_word' id='word_1_170' title='bbox 129 3109 276 3207; x_wconf 86' lang='lat' dir='ltr'><strong>poterit</strong></span> 
     </span>
    </p>

    <p class='ocr_par' dir='ltr' id='par_1_4' title="bbox 126 3221 1218 3882">
     <span class='ocr_line' id='line_1_26' title="bbox 179 3221 1217 3325; baseline 0.005 -29"><span class='ocrx_word' id='word_1_171' title='bbox 179 3243 376 3297; x_wconf 81' lang='lat' dir='ltr'><strong>Moccvm.</strong></span> <span class='ocrx_word' id='word_1_172' title='bbox 396 3221 492 3321; x_wconf 79' lang='lat' dir='ltr'><strong>Sapo</strong></span> <span class='ocrx_word' id='word_1_173' title='bbox 509 3233 647 3313; x_wconf 86' lang='lat' dir='ltr'><strong>autem,</strong></span> <span class='ocrx_word' id='word_1_174' title='bbox 665 3226 731 3324; x_wconf 88' lang='lat' dir='ltr'><strong>qui</strong></span> <span class='ocrx_word' id='word_1_175' title='bbox 748 3250 844 3325; x_wconf 85' lang='lat' dir='ltr'><strong>saepe</strong></span> <span class='ocrx_word' id='word_1_176' title='bbox 860 3251 927 3325; x_wconf 92' lang='lat' dir='ltr'><strong>pro</strong></span> <span class='ocrx_word' id='word_1_177' title='bbox 943 3227 1126 3305; x_wconf 79' lang='lat' dir='ltr'><strong>autocido</strong></span> <span class='ocrx_word' id='word_1_178' title='bbox 1141 3252 1217 3302; x_wconf 90' lang='lat' dir='ltr'><strong>me-</strong></span> 
     </span>
     <span class='ocr_line' id='line_1_27' title="bbox 131 3332 1217 3439; baseline 0.009 -33"><span class='ocrx_word' id='word_1_179' title='bbox 131 3332 342 3409; x_wconf 81' lang='lat' dir='ltr'><strong>dicamento</strong></span> <span class='ocrx_word' id='word_1_180' title='bbox 358 3335 467 3409; x_wconf 77' lang='lat' dir='ltr'><strong>dotus</strong></span> <span class='ocrx_word' id='word_1_181' title='bbox 484 3346 549 3423; x_wconf 89' lang='lat' dir='ltr'><strong>est,</strong></span> <span class='ocrx_word' id='word_1_182' title='bbox 574 3347 614 3410; x_wconf 84' lang='lat' dir='ltr'><strong>et</strong></span> <span class='ocrx_word' id='word_1_183' title='bbox 638 3339 801 3414; x_wconf 85' lang='lat' dir='ltr'><strong>multum</strong></span> <span class='ocrx_word' id='word_1_184' title='bbox 825 3339 1007 3427; x_wconf 82' lang='lat' dir='ltr'><strong>laudatus,</strong></span> <span class='ocrx_word' id='word_1_185' title='bbox 1033 3341 1145 3439; x_wconf 87' lang='lat' dir='ltr'><strong>pejus</strong></span> <span class='ocrx_word' id='word_1_186' title='bbox 1161 3343 1217 3415; x_wconf 90' lang='lat' dir='ltr'><strong>iu·</strong></span> 
     </span>
     <span class='ocr_line' id='line_1_28' title="bbox 129 3448 1218 3549; baseline 0.01 -30"><span class='ocrx_word' id='word_1_187' title='bbox 129 3449 366 3522; x_wconf 76' lang='lat' dir='ltr'><strong>commodum</strong></span> <span class='ocrx_word' id='word_1_188' title='bbox 395 3448 434 3522; x_wconf 93' lang='lat' dir='ltr'><strong>in</strong></span> <span class='ocrx_word' id='word_1_189' title='bbox 466 3474 504 3524; x_wconf 90' lang='lat' dir='ltr'><strong>se</strong></span> <span class='ocrx_word' id='word_1_190' title='bbox 533 3450 654 3538; x_wconf 83' lang='lat' dir='ltr'><strong>habet,</strong></span> <span class='ocrx_word' id='word_1_191' title='bbox 679 3452 813 3526; x_wconf 82' lang='lat' dir='ltr'><strong>seilicet</strong></span> <span class='ocrx_word' id='word_1_192' title='bbox 843 3454 921 3549; x_wconf 89' lang='lat' dir='ltr'><strong>qui,</strong></span> <span class='ocrx_word' id='word_1_193' title='bbox 945 3453 1038 3527; x_wconf 90' lang='lat' dir='ltr'><strong>dum</strong></span> <span class='ocrx_word' id='word_1_194' title='bbox 1068 3478 1218 3529; x_wconf 81' lang='lat' dir='ltr'><strong>aoorem</strong></span> 
     </span>
     <span class='ocr_line' id='line_1_29' title="bbox 127 3559 1217 3662; baseline 0.011 -31"><span class='ocrx_word' id='word_1_195' title='bbox 127 3559 321 3634; x_wconf 87' lang='lat' dir='ltr'><strong>ventriculi</strong></span> <span class='ocrx_word' id='word_1_196' title='bbox 333 3562 493 3662; x_wconf 84' lang='lat' dir='ltr'><strong>corrigit,</strong></span> <span class='ocrx_word' id='word_1_197' title='bbox 511 3562 674 3638; x_wconf 90' lang='lat' dir='ltr'><strong>multum</strong></span> <span class='ocrx_word' id='word_1_198' title='bbox 686 3565 811 3640; x_wconf 90' lang='lat' dir='ltr'><strong>oleum</strong></span> <span class='ocrx_word' id='word_1_199' title='bbox 821 3589 993 3651; x_wconf 83' lang='lat' dir='ltr'><strong>crassum,</strong></span> <span class='ocrx_word' id='word_1_200' title='bbox 1010 3576 1048 3638; x_wconf 90' lang='lat' dir='ltr'><strong>et</strong></span> <span class='ocrx_word' id='word_1_201' title='bbox 1061 3566 1217 3642; x_wconf 83' lang='lat' dir='ltr'><strong>fortasse</strong></span> 
     </span>
     <span class='ocr_line' id='line_1_30' title="bbox 126 3671 1218 3779; baseline 0.012 -36"><span class='ocrx_word' id='word_1_202' title='bbox 126 3671 329 3759; x_wconf 78' lang='lat' dir='ltr'><strong>rancidum,</strong></span> <span class='ocrx_word' id='word_1_203' title='bbox 354 3675 393 3747; x_wconf 92' lang='lat' dir='ltr'><strong>in</strong></span> <span class='ocrx_word' id='word_1_204' title='bbox 419 3700 464 3750; x_wconf 89' lang='lat' dir='ltr'><strong>eo</strong></span> <span class='ocrx_word' id='word_1_205' title='bbox 489 3675 673 3775; x_wconf 86' lang='lat' dir='ltr'><strong>relinquit</strong></span> <span class='ocrx_word' id='word_1_206' title='bbox 725 3678 962 3776; x_wconf 74' lang='lat' dir='ltr'><strong>Quapropter</strong></span> <span class='ocrx_word' id='word_1_207' title='bbox 976 3678 1024 3751; x_wconf 83' lang='lat' dir='ltr'><strong>ab</strong></span> <span class='ocrx_word' id='word_1_208' title='bbox 1039 3703 1117 3754; x_wconf 87' lang='lat' dir='ltr'><strong>usu</strong></span> <span class='ocrx_word' id='word_1_209' title='bbox 1134 3681 1218 3779; x_wconf 83' lang='lat' dir='ltr'><strong>ejus</strong></span> 
     </span>
     <span class='ocr_line' id='line_1_31' title="bbox 126 3785 1093 3882; baseline 0.01 -26"><span class='ocrx_word' id='word_1_210' title='bbox 126 3805 193 3882; x_wconf 91' lang='lat' dir='ltr'><strong>pro</strong></span> <span class='ocrx_word' id='word_1_211' title='bbox 210 3785 481 3862; x_wconf 78' lang='lat' dir='ltr'><strong>medicamento</strong></span> <span class='ocrx_word' id='word_1_212' title='bbox 497 3788 672 3865; x_wconf 65' lang='lat' dir='ltr'><strong>aptando</strong></span> <span class='ocrx_word' id='word_1_213' title='bbox 690 3789 819 3863; x_wconf 87' lang='lat' dir='ltr'><strong>melius</strong></span> <span class='ocrx_word' id='word_1_214' title='bbox 836 3789 1093 3866; x_wconf 81' lang='lat' dir='ltr'><strong>abstinebitur.</strong></span> 
     </span>
    </p>

    <p class='ocr_par' dir='ltr' id='par_1_5' title="bbox 102 3899 1217 4343">
     <span class='ocr_line' id='line_1_32' title="bbox 102 3899 1217 3980; baseline 0.01 -11"><span class='ocrx_word' id='word_1_215' title='bbox 102 3950 105 3958; x_wconf 82' lang='lat'><em>.</em></span> <span class='ocrx_word' id='word_1_216' title='bbox 176 3918 345 3974; x_wconf 83' lang='lat' dir='ltr'><strong>ucccrx.</strong></span> <span class='ocrx_word' id='word_1_217' title='bbox 363 3899 458 3972; x_wconf 83' lang='lat' dir='ltr'><strong>Post</strong></span> <span class='ocrx_word' id='word_1_218' title='bbox 474 3900 553 3976; x_wconf 84' lang='lat' dir='ltr'><strong>haeo</strong></span> <span class='ocrx_word' id='word_1_219' title='bbox 568 3902 775 3977; x_wconf 83' lang='lat' dir='ltr'><strong>enumerari</strong></span> <span class='ocrx_word' id='word_1_220' title='bbox 788 3901 925 3976; x_wconf 90' lang='lat' dir='ltr'><strong>debent</strong></span> <span class='ocrx_word' id='word_1_221' title='bbox 941 3901 1217 3980; x_wconf 75' lang='lat' dir='ltr'><strong>medicamenta</strong></span> 
     </span>
     <span class='ocr_line' id='line_1_33' title="bbox 125 4009 1216 4114; baseline 0.01 -32"><span class='ocrx_word' id='word_1_222' title='bbox 125 4009 297 4105; x_wconf 84' lang='lat' dir='ltr'><strong>quaedam</strong></span> <span class='ocrx_word' id='word_1_223' title='bbox 314 4036 510 4109; x_wconf 84' lang='lat' dir='ltr'><strong>gummosa</strong></span> <span class='ocrx_word' id='word_1_224' title='bbox 526 4026 593 4089; x_wconf 85' lang='lat' dir='ltr'><strong>aut</strong></span> <span class='ocrx_word' id='word_1_225' title='bbox 603 4039 762 4100; x_wconf 81' lang='lat' dir='ltr'><strong>muoosa,</strong></span> <span class='ocrx_word' id='word_1_226' title='bbox 779 4014 902 4113; x_wconf 75' lang='lat' dir='ltr'><strong>qualia</strong></span> <span class='ocrx_word' id='word_1_227' title='bbox 914 4038 1010 4113; x_wconf 80' lang='lat' dir='ltr'><strong>soepe</strong></span> <span class='ocrx_word' id='word_1_228' title='bbox 1020 4039 1091 4114; x_wconf 89' lang='lat' dir='ltr'><strong>pro</strong></span> <span class='ocrx_word' id='word_1_229' title='bbox 1102 4027 1216 4093; x_wconf 80' lang='lat' dir='ltr'><strong>unto-</strong></span> 
     </span>
     <span class='ocr_line' id='line_1_34' title="bbox 123 4118 1215 4225; baseline 0.008 -28"><span class='ocrx_word' id='word_1_230' title='bbox 123 4118 217 4197; x_wconf 80' lang='lat' dir='ltr'><strong>cidr‘r</strong></span> <span class='ocrx_word' id='word_1_231' title='bbox 245 4118 462 4206; x_wconf 78' lang='lat' dir='ltr'><strong>laudantur;</strong></span> <span class='ocrx_word' id='word_1_232' title='bbox 492 4124 611 4200; x_wconf 88' lang='lat' dir='ltr'><strong>veluti</strong></span> <span class='ocrx_word' id='word_1_233' title='bbox 639 4128 787 4225; x_wconf 83' lang='lat' dir='ltr'><strong>gummi</strong></span> <span class='ocrx_word' id='word_1_234' title='bbox 817 4126 988 4204; x_wconf 79' lang='lat' dir='ltr'><strong>Mimosoe</strong></span> <span class='ocrx_word' id='word_1_235' title='bbox 1016 4127 1215 4218; x_wconf 74' lang='lat' dir='ltr'><strong>Nilotica,</strong></span> 
     </span>
     <span class='ocr_line' id='line_1_35' title="bbox 124 4231 1213 4343; baseline 0.005 -37"><span class='ocrx_word' id='word_1_236' title='bbox 124 4241 189 4309; x_wconf 74' lang='lat' dir='ltr'><strong>aut</strong></span> <span class='ocrx_word' id='word_1_237' title='bbox 205 4231 312 4310; x_wconf 85' lang='lat' dir='ltr'><strong>radix</strong></span> <span class='ocrx_word' id='word_1_238' title='bbox 325 4233 571 4335; x_wconf 81' lang='lat' dir='ltr'><strong>glycyrrhizae</strong></span> <span class='ocrx_word' id='word_1_239' title='bbox 585 4236 733 4338; x_wconf 81' lang='lat' dir='ltr'><strong>glubroe,</strong></span> <span class='ocrx_word' id='word_1_240' title='bbox 760 4248 799 4316; x_wconf 91' lang='lat' dir='ltr'><strong>et</strong></span> <span class='ocrx_word' id='word_1_241' title='bbox 815 4240 958 4329; x_wconf 82' lang='lat' dir='ltr'><strong>similia,</strong></span> <span class='ocrx_word' id='word_1_242' title='bbox 975 4265 1061 4340; x_wconf 83' lang='lat' dir='ltr'><strong>quae</strong></span> <span class='ocrx_word' id='word_1_243' title='bbox 1077 4267 1213 4343; x_wconf 70' lang='lat' dir='ltr'><strong>quum.</strong></span> 
     </span>
    </p>
   </div>
   <div class='ocr_carea' id='block_1_3' title="bbox 0 0 1352 4792">
    <p class='ocr_par' dir='ltr' id='par_1_6' title="bbox 0 0 1352 4792">
     <span class='ocr_line' id='line_1_36' title="bbox 0 0 1352 4792; baseline 0 4"><span class='ocrx_word' id='word_1_244' title='bbox 0 0 1352 4792; x_wconf 95' lang='lat' dir='ltr'><strong> </strong></span> 
     </span>
    </p>
   </div>
  </div>
 </body>
</html>
