2678 4794
63 294 154 353 car.
171 291 294 348 xxxa.
366 285 589 345 nnmerum
607 279 896 346 rnnonnrrcn.
1078 275 1152 345 418

112 488 355 548 mccxxxvn.
373 466 472 540 Ex”
447 490 585 541 usvero
595 465 730 542 salibus
741 461 1154 565 nealrrsqurvrmrelia

58 584 217 688 gerundi
234 581 382 667 habent,
405 577 530 654 nitras
539 588 706 679 potassoe
728 579 877 653 fortasse
893 580 1078 708 optimum
1096 588 1153 654 est

58 711 102 775 et
111 694 380 772 vabdrssrmum
392 690 719 779 mediamentum,
736 699 774 765 et
787 715 883 790 saepe
895 703 934 766 et
950 716 1037 766 oum
1054 690 1156 791 insig

58 836 103 886 na
91 805 298 884 beneficio
314 802 520 880 adhibetur.
563 805 645 878 Alii
661 829 751 879 vero
767 803 857 879 sales
873 804 1003 879 nentsr'
1020 805 1153 878 eodem

58 920 212 998 oonsilio
248 914 350 991 haud
375 940 456 991 raro
489 925 737 1015 usurpantur;
774 917 976 1015 praesertim
1011 918 1153 1015 quiex

59 1031 174 1110 olenii
189 1041 228 1105 et
255 1025 363 1104 acido
379 1037 532 1116 acetoso,
557 1027 618 1102 vel
634 1051 682 1102 ex
699 1027 770 1103 boc
786 1036 825 1101 et
841 1028 1037 1116 amasonia,
1068 1052 1153 1102 oon·

60 1154 172 1232 stant,
195 1141 316 1218 veluti
341 1139 455 1216 acetis
473 1149 650 1240 potassoe,
685 1140 746 1213 vel
770 1141 937 1216 mixtura
971 1141 1034 1214 illa
1067 1165 1154 1240 quae

59 1281 160 1357 aqua
174 1253 320 1331 acetitis
336 1252 530 1328 ammonia
546 1262 710 1328 uocatur.
762 1253 861 1328 Sales
877 1277 1007 1328 omnes
1023 1252 1155 1329 neutri

59 1370 131 1469 qui
148 1391 196 1443 ex
212 1364 319 1442 oeldo
347 1363 567 1465 sulphurato
583 1365 644 1440 vel
659 1374 801 1442 acetoso
828 1378 866 1442 et
883 1368 992 1442 variis
1017 1365 1154 1442 salibus

58 1477 237 1558 okolinia
253 1478 470 1566 formantur,
495 1478 673 1577 majorem
690 1488 730 1553 et
745 1480 938 1553 nertiorem
956 1479 1036 1553 vim
1052 1478 1154 1554 refri-

58 1602 254 1699 gerantem
280 1590 414 1664 habere
442 1590 629 1679 videntur,
663 1615 774 1689 quam
802 1591 857 1666 illi
882 1591 949 1692 qui
974 1615 1022 1666 ex
1047 1588 1155 1667 acido

58 1702 260 1781 nadalino
274 1727 362 1779 cum
380 1702 511 1778 iisdem
529 1701 664 1779 salibus
680 1701 857 1780 alralinis
872 1703 993 1789 fiunt;
1023 1727 1154 1802 quam·

58 1820 118 1895 vis
132 1815 322 1892 nonnullis
339 1839 554 1915 persuasum
571 1818 620 1891 sit
636 1840 757 1892 unum
775 1841 823 1891 ex
841 1816 909 1904 his,
925 1839 1062 1914 nempe
1074 1839 1154 1889 mn·

59 1929 196 2007 ‚aaran
212 1927 414 2016 ammonioe,
433 1927 496 2002 tali
516 1930 556 2002 vi
582 1929 732 2028 pollere,
762 1938 800 2004 et
822 1932 862 2004 in
892 1929 1055 2005 febribus
1071 1926 1154 2026 qui·

59 2041 232 2128 busdam,
264 2041 463 2139 praesertim
498 2041 843 2130 intermittentibus,
871 2042 1074 2141 plurimum
1091 2065 1154 2140 va·⁴

58 2153 150 2243 lere,
177 2152 361 2252 imprimis
388 2151 453 2226 ubi
470 2145 621 2250 propter
636 2176 817 2252 magnum
845 2154 1014 2242 calorem,
1043 2162 1083 2229 et
1098 2152 1154 2226 in-

59 2274 216 2367 gentem
232 2264 422 2363 sanguinis
440 2266 636 2362 impetum,
658 2263 764 2338 solita
780 2274 818 2337 et
835 2264 1084 2340 effimcissima
1100 2288 1154 2337 re-

60 2379 187 2455 media
200 2376 410 2452 roborantia
438 2385 478 2450 et
507 2375 736 2451 stimulantis
753 2375 814 2451 vel
830 2376 976 2450 inutilia
993 2374 1053 2450 vel
1075 2398 1155 2474 per·

63 2493 205 2569 niciosa
219 2491 298 2565 risa
313 2500 444 2564 essent

113 2625 375 2680 uccxxxvnr.
414 2599 695 2701 Super-tartha
717 2610 885 2700 potassae
908 2622 1069 2698 quoque,
1094 2605 1154 2671 ut-

59 2726 157 2818 pote
181 2716 282 2816 quod
312 2714 448 2790 salibus
477 2713 627 2790 neutris
652 2712 856 2787 admodum
874 2712 985 2786 affine
1000 2721 1068 2797 est,
1092 2708 1155 2782 hic

60 2830 243 2907 recenseri
259 2829 380 2903 debet.
402 2822 406 2829 ’
431 2828 484 2901 Vi
510 2851 577 2902 sua
593 2826 745 2901 sedante
760 2835 799 2900 et
816 2824 1063 2925 refrigerante,
1079 2844 1157 2921 qua

61 2940 166 3017 baud
180 2942 320 3041 exigam
335 2939 460 3039 pollet,
487 2940 526 3014 in
554 2939 728 3028 febribus,
754 2939 909 3038 aliisque
925 2937 1062 3013 morbis
1086 2935 1154 3011 ubi

62 3051 133 3128 tali
157 3052 298 3128 auxilio
314 3079 408 3152 opus
436 3063 525 3142 erat,
554 3077 652 3153 saepe
680 3051 846 3127 multum
876 3052 1035 3151 profuit:
1061 3050 1155 3125 solet
1194 3117 1196 3121 ,

61 3166 175 3241 etism
205 3165 324 3265 magis
353 3165 475 3240 adhue
500 3165 682 3264 prodesse,
710 3165 838 3240 alvum
868 3173 982 3263 atque
1010 3165 1153 3238 urinam

60 3277 260 3353 movendo.
323 3277 428 3365 Quin
456 3287 495 3351 et
512 3277 650 3353 tartrfs
673 3287 852 3378 potassoe,
880 3299 955 3349 non
985 3294 1156 3350 secusne

62 3389 125 3464 alii
142 3389 233 3465 sales
249 3389 379 3465 neutri
389 3389 469 3487 jam
487 3391 754 3490 (uccxxxvu)
771 3390 988 3475 enumerati,
1010 3387 1154 3460 bonum

64 3502 282 3603 refrigerans
299 3503 613 3577 medicamentum
630 3508 696 3578 est.

112 3636 347 3690 mccxxrnx.
373 3613 609 3689 Medicorum
626 3616 853 3715 experientia
866 3616 952 3690 satis
963 3614 1043 3713 jam
1055 3590 1154 3689 ‹nm-

62 3726 263 3828 probatum
281 3737 347 3815 est,
365 3727 546 3825 quosdam
563 3751 612 3801 ex
629 3727 764 3803 salibus
780 3726 928 3803 neutris
940 3738 1029 3802 tum
1037 3726 1154 3802 maxi-

64 3864 128 3913 me
143 3864 212 3939 pro
229 3840 443 3915 sedentibus
456 3838 735 3915 medicamentis
751 3840 934 3939 prodesse,
950 3838 1155 3939 praesertim

63 3951 104 4024 in
131 3952 399 4051 compesoendo
426 3952 582 4041 vomitu,
608 3952 760 4027 forsitan
789 3951 903 4026 etiam
936 3953 975 4026 in
1008 3950 1156 4048 refrige-

64 4065 181 4139 rando
197 4089 357 4163 oorpore,
387 4089 473 4141 cum
492 4067 590 4140 inter
604 4064 919 4139 efferresoendum
943 4072 1154 4138 sumuntur.

63 4174 154 4252 Hoc
170 4175 405 4267 beneficium,
431 4188 475 4254 ut
492 4178 651 4266 videtur,
676 4201 812 4278 magna
829 4176 960 4282 saltem
977 4198 1025 4250 ex
1041 4187 1156 4272 parte,
