2678 4794
142 410 237 475 cnr.
253 405 362 466 xxn.
431 404 654 463 nanterum
671 406 961 469 ruuonnrrcm.
1156 401 1242 481 277

190 606 365 666 uccccn.
392 583 541 662 Statura
556 611 708 689 quoque
736 586 945 679 hominum,
960 605 1037 664 non
1061 610 1164 666 secus
1187 614 1230 670 ac

137 704 230 782 vitae
247 700 483 790 diuturnitas,
508 702 638 777 eadem
663 702 738 777 fere
753 702 904 785 videtur
928 726 1072 802 semper
1086 712 1126 778 et
1147 704 1229 779 ubi·

103 863 105 866 >
133 841 213 919 que
226 813 353 902 fuisse,
379 814 450 889 nisi
466 815 507 888 in
522 816 735 915 regionibus
760 813 948 892 nonnullis
972 813 1230 914 frigidissimis,

131 936 227 1031 quas
243 926 350 1004 aliud
365 936 405 1002 et
421 927 569 1003 brevius
595 953 714 1030 genus
731 928 928 1005 hominum
953 927 1105 1003 habitat
1154 929 1226 1003 Pa-

133 1067 220 1120 rum
245 1040 370 1116 adbuc
394 1049 540 1117 constat
564 1041 613 1117 de
629 1041 856 1141 Gigantibus
871 1040 1124 1142 Paugoom·
1149 1065 1226 1118 non

135 1154 297 1236 dubium
313 1177 403 1229 vem
419 1163 486 1242 est,
509 1155 690 1254 quosdam
707 1153 853 1229 solitam
869 1154 1067 1230 hominum
1083 1156 1226 1255 magni·

136 1267 311 1344 tudinem
325 1275 476 1341 tautum
493 1268 680 1356 excedere,
711 1275 756 1343 ut
783 1290 859 1365 non
882 1267 1069 1344 immrito
1086 1267 1226 1368 Gigan-

135 1389 194 1455 tes
209 1378 462 1479 appciicrrtur3
489 1381 530 1456 bi
547 1406 636 1478 sero
650 1395 731 1457 raro
748 1379 843 1455 bene
859 1380 1009 1463 formati
1033 1381 1226 1457 obmrvan·

135 1500 211 1580 tur,
236 1501 275 1565 et
290 1515 384 1593 saepe
400 1493 550 1582 debiles,
572 1506 612 1568 et
628 1492 789 1582 hebetes,
813 1493 916 1568 etad
932 1493 1049 1569 varias
1065 1495 1225 1593 corporis

131 1603 412 1680 exercitationes
436 1615 476 1680 et
510 1605 649 1681 labores
673 1629 803 1706 parum
826 1607 916 1705 apti.
979 1606 1085 1695 Quin
1109 1615 1150 1681 et
1174 1629 1223 1680 ex

129 1715 320 1817 principiis
343 1716 613 1794 mathematicis
646 1717 887 1794 demonstrari
911 1727 1044 1818 potest,
1082 1714 1224 1818 Giga'n-

133 1839 223 1918 tem,
239 1830 309 1930 qui
325 1830 471 1906 solitam
487 1831 684 1907 hominum
701 1842 880 1908 staturam
894 1831 1057 1908 multum
1070 1831 1222 1911 excede,-
1260 1854 1264 1861 ’

134 1952 204 2031 ret,
227 1941 436 2020 dummodo
460 1968 509 2019 ex
525 1945 655 2021 eadem
670 1944 788 2022 factus
817 1953 912 2022 esset
927 1945 1080 2020 materia
1101 1940 1222 2020 ac‘alii

133 2053 313 2144 homiues,
329 2057 478 2156 penitus
492 2057 694 2134 inhabilem
706 2058 794 2149 fore,
810 2059 1078 2160 propriumque
1088 2080 1224 2159 corpus

130 2189 232 2269 aegre
247 2176 464 2245 tractumm.

178 2294 369 2358 nccccrn.
396 2282 497 2357 Nani
513 2308 665 2384 quoque
688 2283 888 2383 aliquando
903 2291 1126 2383 spectantur,
1150 2282 1220 2381 qui

128 2391 195 2467 vix
211 2393 415 2483 dimidiam,
433 2394 493 2469 vel
510 2420 595 2470 ssne
611 2396 760 2471 tertiam
776 2403 931 2495 partem,
942 2395 1058 2493 justae
1076 2394 1218 2493 magni-

128 2506 271 2581 tudinis
296 2507 496 2607 attigerint
575 2509 633 2582 Hi
657 2518 785 2582 autern
808 2498 989 2582 deformes
1014 2504 1089 2580 fere
1114 2515 1218 2594 sunt,

129 2617 274 2719 gibbosi
291 2643 397 2718 saepe,
422 2630 488 2695 aut
515 2621 669 2719 ingente
695 2619 815 2718 capite
839 2618 1021 2707 instructi,
1046 2642 1126 2692 raro
1150 2615 1217 2691 foe-

126 2729 252 2820 mindi,
278 2755 473 2832 nunquam
496 2742 649 2832 gentem
668 2753 849 2806 nanorum
873 2730 1007 2806 daturi.
1058 2729 1217 2807 Morbus

127 2841 261 2943 aliquis
278 2843 499 2944 plerumque
516 2869 625 2921 causa
639 2844 753 2920 fuisse
764 2843 923 2933 videtur,
939 2868 1007 2920 cur
1022 2842 1215 2923 talecnani

127 2955 188 3029 vel
216 2978 294 3031 non
323 2968 525 3033 crescerent
541 2982 645 3033 more
674 2954 791 3045 solito,
816 2955 877 3030 vel
901 2955 1051 3055 forsitan
1077 2956 1215 3032 decres-

125 3079 266 3156 cerent,
281 3078 479 3168 postquam
496 3070 730 3170 aliquantum
746 3070 954 3145 crevissent.

180 3198 364 3256 uccccrv.
397 3181 522 3257 Variat
539 3193 664 3257 tamen
690 3180 863 3257 nonnihil
887 3190 1027 3256 statura
1040 3181 1143 3280 apud
1159 3181 1214 3255 di·

125 3311 250 3364 versas
259 3302 403 3390 gentes,
420 3303 459 3368 et
475 3295 595 3393 magis
611 3295 733 3370 adhuc
748 3296 788 3371 in
805 3293 960 3394 singulis
977 3291 1212 3379 hominibus;

124 3402 179 3476 ita
196 3412 243 3477 ut
257 3403 464 3481 differentia
480 3407 584 3505 pedis
597 3416 635 3481 et
650 3407 811 3507 amplius
824 3407 922 3481 inter
931 3406 1025 3480 bene
1037 3403 1211 3480 formatos

124 3513 294 3593 homines
318 3520 554 3595 observetur:
580 3543 704 3619 neque
720 3543 806 3595 saue
822 3519 878 3595 vis
903 3527 942 3592 et
958 3517 1071 3592 robur
1086 3541 1214 3617 corpo-

124 3629 171 3704 r'u
187 3654 209 3705 a
225 3631 487 3730 magnitudine
503 3631 583 3728 ejus
599 3630 764 3707 multum
781 3630 956 3731 pendent.
1007 3630 1211 3704 Proceritas

125 3738 162 3813 in
178 3742 403 3841 quibusdam
422 3743 570 3819 familiis
582 3743 657 3818 fere
673 3753 852 3844 perpetua
863 3742 1098 3829 observatum
1116 3766 1211 3842 saepe

124 3850 239 3952 igitur
256 3856 418 3955 pendere
434 3865 581 3956 oportet
596 3882 618 3930 a
634 3857 753 3957 prima
777 3865 816 3929 et
832 3855 1061 3930 haereditaria
1085 3879 1211 3954 corpo-

125 3964 172 4040 ris
186 3965 324 4042 fabrica
340 3981 380 4043 et
395 3969 667 4044 constitutione.
706 3968 791 4043 Vin‘
806 3968 845 4042 iu
864 3968 1079 4044 universum
1096 3991 1211 4066 quam

125 4075 291 4155 ioeminae
307 4080 410 4155 haud
428 4106 560 4181 parum
577 4082 795 4182 proceriores
824 4092 922 4170 sunt,
955 4091 994 4156 et
1017 4079 1128 4179 longe
1156 4078 1210 4152 di-

124 4210 263 4266 versam
283 4193 441 4267 formam
459 4193 605 4270 habent.
656 4195 799 4270 Caetera
817 4192 987 4270 animalia
1001 4192 1127 4290 paucis
1148 4211 1210 4287 ge·
1240 4182 1242 4189 ⁴

125 4304 379 4382 umafionibus
395 4319 563 4384 crescunt
580 4307 641 4384 vel
656 4310 882 4388 minuuntur
895 4304 1072 4395 multum,
1099 4309 1211 4402 prout
