2678 4794
151 441 241 495 cnr.
258 436 373 493 xxm.
443 433 664 489 nanrcrnn
684 435 972 494 rnaonsrrcn.
1160 433 1232 509 376

146 614 343 716 oportebit
418 612 496 687 Hic
532 614 648 711 igitur
672 621 728 706 sat
752 612 864 691 hierit
892 616 1078 707 indicasse,
1114 621 1230 698 varias

143 727 413 802 exinanitiones
429 749 562 824 corpus
578 726 783 824 plurimum
801 728 995 817 infirmare,
1025 755 1100 805 non
1120 734 1229 809 modo

141 839 308 914 detracto
324 837 445 912 multo
461 837 616 914 humore
640 863 689 912 ex
706 840 800 914 vasis
817 865 903 940 quae
931 844 1148 941 sanguinem
1165 870 1227 921 ve-

136 949 246 1036 hunt,
272 949 481 1047 horumque
505 952 558 1025 sic
583 952 749 1025 tensione
774 952 949 1029 simulet
974 956 1113 1054 vigore,
1138 983 1226 1034 cum

136 1064 316 1161 ipsorum,
342 1070 426 1136 tum
443 1086 594 1161 quoque
609 1063 763 1138 aliorum
782 1067 1044 1156 musculorum,
1062 1070 1224 1159 sublatis,

139 1174 200 1248 vel
224 1173 355 1250 saltem
380 1175 547 1262 minutis,
574 1200 706 1250 verum
731 1179 845 1252 etiam
869 1179 1064 1255 nonnullas
1097 1205 1224 1258 earum

137 1285 211 1360 alia
226 1311 372 1385 prorsus
397 1288 538 1360 ratione
561 1312 690 1386 genas
713 1312 910 1365 ammaum
927 1291 1051 1366 statim
1069 1292 1225 1382 afficere,

138 1407 179 1472 et
195 1397 397 1496 plurimum
411 1424 506 1498 saepe
519 1400 708 1474 debilitare
721 1429 730 1486 ;
748 1401 925 1476 nimirum
939 1403 1130 1501 inquibus
1146 1430 1222 1480 non

136 1533 240 1584 mera
253 1523 330 1586 arte
347 1520 499 1585 externa
529 1511 663 1586 humor
679 1511 810 1610 aliquis
834 1513 1051 1603 detrahitur,
1080 1517 1143 1590 sed
1160 1542 1222 1593 ve·

133 1620 310 1697 hemente
325 1632 391 1697 aut
403 1623 570 1697 abnormi
582 1625 725 1698 actione
738 1625 901 1722 partium
914 1626 1147 1724 quarundam
1163 1629 1218 1704 in-

134 1743 323 1809 temarum
348 1759 369 1809 e
393 1760 542 1834 corpore
567 1735 790 1833 expellitur..
846 1737 946 1811 Talis
971 1748 1097 1812 autem
1123 1741 1219 1816 actio

132 1845 330 1934 abnormis,
346 1847 407 1920 vel
423 1847 548 1921 saltem
566 1847 775 1936 vehemens,
801 1848 919 1923 veluti
944 1850 1216 1941 intestinorum,

133 1970 199 2033 aut
215 1959 422 2046 ventriculi,
449 1971 515 2034 aut
531 1985 702 2035 vasorum
729 1987 812 2060 quae
829 1964 1045 2062 sanguinem
1064 1979 1218 2042 movent

132 2077 172 2143 et
189 2070 360 2146 sudorem
374 2071 549 2160 fundunt,
574 2084 652 2146 arte
668 2078 837 2162 excitata,
867 2075 975 2168 fibras
992 2078 1216 2152 musculosas

131 2180 476 2282 istarum,partium
506 2186 641 2259 mirum
683 2183 721 2258 in
761 2187 915 2259 modum
941 2188 1126 2277 infirmat;
1167 2201 1216 2279 et,

132 2295 267 2392 partim
284 2297 333 2371 ob
349 2321 567 2372 consensum
584 2296 794 2396 generalem
813 2322 888 2395 quo
912 2321 1039 2373 omnes
1055 2302 1216 2398 corporis

130 2416 252 2504 partes
269 2408 558 2508 conjunguntur,
584 2410 720 2507 partim
737 2408 786 2481 ob
802 2408 1010 2482 structiones
1036 2411 1215 2509 quasdam

130 2520 280 2616 segnius
296 2522 431 2595 exinde
447 2520 695 2620 procedentes,
717 2529 783 2592 aut
798 2518 906 2618 plane
923 2520 1130 2617 impeditas
1159 2531 1215 2596 to·

131 2639 217 2704 tum
233 2655 361 2732 corpus
378 2633 489 2708 talem
507 2631 761 2705 infirmitatem
779 2630 880 2705 brevi
899 2631 1101 2729 participat.

183 2765 353 2822 nrcxmx.
379 2747 455 2820 Pro
479 2744 691 2819 infirmante
707 2768 858 2842 quoque
875 2744 1038 2817 remedio
1055 2768 1150 2843 saepe
1174 2754 1213 2820 et

129 2878 217 2929 cum
243 2858 378 2957 insigni
403 2857 580 2932 beneficio
605 2857 849 2956 praescribitur
877 2857 986 2930 diaeta
1010 2867 1142 2954 praeter
1158 2883 1213 2933 so-

128 2965 240 3042 litum
266 2971 388 3045 tenuis
412 2985 450 3044 et
475 2995 591 3069 parca,
617 2979 656 3044 et
680 2969 880 3056 interdum,
906 2994 993 3044 cum
1018 2995 1074 3044 res
1091 2981 1211 3071 urget,

128 3078 250 3154 inedia
274 3083 448 3158 absoluta.
500 3084 635 3182 Neque
660 3082 823 3182 profecto
847 3083 999 3157 obscura
1023 3084 1117 3157 ratio
1141 3091 1211 3174 est,

129 3217 215 3290 qua,
232 3218 297 3292 per
314 3195 424 3268 talem
442 3195 589 3269 diaetam
606 3206 671 3269 aut
697 3195 869 3282 inediam,
899 3218 1027 3268 omnes
1052 3196 1210 3293 corporis
1299 3282 1302 3293 .

127 3307 297 3394 musculi,
330 3333 417 3381 cum
443 3307 640 3384 voluntarii
666 3319 747 3381 tum
774 3309 910 3406 pariter
944 3307 1055 3379 inviti
1083 3314 1210 3379 motus

126 3416 229 3492 brevi
254 3419 499 3507 infirmentur,
537 3417 724 3494 exhaustis
749 3421 927 3493 nimirum
952 3428 991 3492 et
1026 3418 1212 3518 dissipatis

125 3553 262 3627 magna
297 3557 346 3606 ex
383 3543 486 3631 parte
511 3531 739 3618 humoribus,
769 3533 835 3629 qui
861 3529 1145 3630 plenitudinem,
1168 3540 1208 3606 et

125 3644 342 3732 tensionem,
369 3659 406 3718 et
424 3646 603 3742 vigorem,
628 3643 721 3716 vasis
739 3644 956 3741 sanguinem
974 3643 1206 3732 vehentibus,
1313 3671 1316 3678 ’

122 3766 162 3829 et
186 3781 273 3830 sane
298 3757 470 3832 omnibus
495 3754 680 3844 musculis,
715 3755 862 3841 dabant,
899 3754 1083 3830 labefactis
1119 3755 1205 3829 ideo

125 3869 264 3943 viribus
289 3871 425 3945 cerebri
451 3870 564 3966 ipsius
589 3889 874 3965 nervorumque,
892 3890 976 3964 quae
1002 3866 1207 3940 atensione

124 3990 161 4055 ct
198 3984 341 4058 actione
366 3984 580 4057 arteriarum
616 3990 656 4054 et
693 3988 798 4052 motu
826 3978 1015 4078 sanguinis
1040 3977 1206 4052 multum

125 4093 300 4190 pendent,
326 4094 577 4192 musculisque
593 4093 742 4166 fortasse
767 4089 853 4188 ipsis
869 4090 918 4163 ob
935 4089 1120 4163 defectum
1136 4111 1205 4160 nu-

126 4205 290 4279 trimenti
308 4207 407 4280 haud
425 4231 556 4305 panim
574 4203 782 4278 debilitatis.

174 4339 272 4394 nien.
298 4319 434 4419 Frigus
458 4318 581 4408 etiam,
608 4317 711 4417 quod
735 4339 855 4415 nuper
878 4315 975 4390 inter
999 4309 1205 4388 roborantia
