2678 4794
660 285 740 355 xxii

169 482 348 579 cupimus,
373 480 432 555 vel
448 476 708 576 experimenta,
734 479 838 575 siqua
863 478 910 551 de
938 479 1118 552 industria
1134 478 1236 553 insti-

168 601 250 666 tuta
266 594 412 677 fuerint,
429 614 523 687 saepe
540 601 714 688 repetere,
732 594 794 663 sed
807 570 935 662 eisdem
948 615 1060 687 quam
1076 594 1237 663 maxime

168 705 315 790 variare,
331 713 369 776 et
385 703 423 774 in
440 701 518 774 aliis
535 703 755 800 corporibus,
773 714 838 775 aut
855 703 982 774 eodem
1001 725 1149 799 corpore
1165 702 1237 773 alio

166 823 340 912 tempore,
365 823 403 886 et
419 813 489 886 alia
504 814 724 900 conditione,
749 824 788 888 et
812 813 919 887 rebus
944 815 1105 886 externis
1121 836 1235 910 quam

166 927 327 1000 maxime
353 924 503 999 diversis
530 926 784 1011 existentibus,
822 935 972 999 tentare.
1032 926 1091 998 Ut
1124 924 1235 997 verbo

166 1038 295 1123 dicam,
313 1038 458 1111 medico
470 1061 543 1110 non
558 1061 701 1135 semper
713 1037 798 1110 licet
812 1037 965 1135 propriis
976 1037 1090 1110 oculis
1106 1035 1238 1119 fidere;

166 1147 300 1220 seilicet
317 1149 382 1247 qui
400 1158 541 1247 partem
559 1159 707 1223 tantum
723 1148 786 1236 rei,
811 1173 884 1222 non
903 1158 1020 1222 totam
1046 1172 1125 1221 rem
1154 1173 1239 1245 quae

165 1259 298 1357 agitur,
324 1271 483 1335 cernant.

119 1396 122 1403 ·
217 1373 322 1471 Saepe
347 1398 497 1472 quoque
525 1383 738 1448 erraverunt
764 1373 908 1460 medici,
933 1373 1099 1471 propriis
1125 1370 1240 1444 oeulis

165 1484 276 1558 nimis
294 1510 424 1583 parum
442 1487 509 1571 usi,
535 1485 764 1582 aliorumque
780 1484 894 1557 oeulis
915 1483 999 1580 plus
1023 1507 1130 1580 aequo
1155 1505 1239 1554 eon-

167 1596 247 1682 fisi;
272 1598 449 1672 nimirum
474 1621 560 1670 eum
590 1605 693 1671 tanta
709 1607 875 1670 veterum
894 1596 1112 1692 scriptorum
1131 1616 1239 1666 vene·

166 1709 260 1781 ratio
276 1709 358 1796 fuit,
384 1734 431 1783 ne
448 1710 567 1784 dicam
583 1708 728 1784 cultum
746 1731 840 1805 pene
856 1707 1038 1792 divinum,
1064 1714 1240 1803 tantaque

168 1843 388 1918 magnorum
414 1821 608 1895 nominum
639 1820 846 1904 auctoritas,
871 1820 970 1890 utin
986 1817 1096 1891 verba
1113 1841 1242 1890 eorum

163 1929 288 2028 jurare
306 1933 454 2005 medicis
464 1931 593 2029 religio
603 1941 706 2017 esset,
724 1926 1016 2028 contrariamque
1031 1930 1243 2027 opinionem

167 2041 309 2130 habere,
335 2044 435 2116 nefas
462 2055 500 2118 et
525 2043 720 2142 flagitium.
772 2042 904 2140 Neque
921 2040 1083 2140 profecto
1098 2065 1164 2141 per
1179 2040 1243 2112 ali-

168 2163 263 2252 quot
280 2154 398 2229 secula
415 2156 566 2229 medicis
583 2155 687 2229 licuit
704 2154 857 2253 propriis
884 2151 998 2226 oculis
1013 2152 1136 2237 fidere,
1162 2176 1243 2249 pro-

168 2266 322 2364 prioque
345 2267 487 2363 judicio
515 2268 584 2354 uti,
610 2269 640 2341 si
657 2267 910 2366 Hippocratis
927 2264 986 2338 vel
1006 2262 1145 2341 Galam
1160 2286 1244 2336 aue-

169 2379 297 2452 toritas
310 2381 623 2477 sententiaequam
638 2381 832 2454 suaderent
845 2377 1104 2451 adversaretur.
1139 2376 1245 2461 Quin

169 2498 209 2562 et
226 2489 352 2564 multis
370 2490 517 2565 solenne
534 2491 617 2578 suit,
644 2514 861 2590 magnorum
878 2499 1069 2563 auctorum
1088 2488 1245 2561 nomini-

169 2600 240 2674 bus
256 2613 295 2674 et
311 2605 527 2690 auctoritate
544 2628 610 2697 pro
626 2603 756 2674 deoore
772 2602 883 2673 simul
910 2611 949 2671 et
978 2600 1160 2671 tutamine
1176 2598 1245 2684 uti,

172 2711 301 2805 iisque,
328 2734 365 2782 se
382 2733 537 2804 suasque
564 2707 659 2780 male
688 2719 789 2780 natas
806 2708 1006 2803 opiniones,
1031 2706 1148 2780 veluti
1166 2732 1245 2805 par-

170 2818 283 2903 mula,
301 2819 408 2890 tueri.
458 2819 539 2890 Nec
555 2817 753 2891 defuerunt
770 2819 913 2902 medici,
932 2841 1125 2914 quoscum
1143 2844 1246 2919 mag·

171 2929 211 3004 ni
229 2928 388 3000 nominis
405 2928 613 3000 auctoribus
641 2928 830 3027 splendide
858 2954 1001 3016 errasse,
1027 2955 1138 3028 quam
1157 2956 1245 3006 eum

171 3038 286 3136 vulgo
316 3039 508 3112 hominum
540 3040 691 3113 obscure
720 3043 890 3138 sapuisse,
920 3044 1042 3139 potius
1066 3042 1244 3139 juvabat:

171 3149 262 3223 adeo
279 3161 381 3250 grata
398 3162 453 3224 est
469 3151 614 3249 cuique,
632 3151 690 3224 vel
708 3152 746 3225 in
765 3153 820 3226 his
838 3153 955 3241 rebus,
973 3154 1019 3227 ab
1036 3155 1113 3229 aliis
1130 3154 1246 3229 homi·

171 3261 280 3336 nibus
298 3288 378 3362 spes
395 3274 509 3336 semet
527 3262 788 3362 distinguendi.

224 3375 365 3471 Nequis
394 3385 519 3448 autem
549 3386 687 3449 temere
715 3377 783 3451 sibi
812 3379 1037 3476 persuadeat,
1062 3381 1177 3453 varias
1207 3389 1246 3453 et

170 3510 285 3585 prope
301 3487 511 3560 innumeras
537 3487 703 3584 ineptias,
735 3480 904 3563 Theorioe
933 3490 1083 3564 medicae
1109 3515 1245 3564 nomen

171 3599 326 3697 pessime
343 3609 571 3696 usurpantes,
597 3599 785 3673 scientiam
809 3611 980 3689 nostram,
1006 3628 1118 3699 quam
1137 3604 1245 3676 toties

171 3720 407 3807 corruperant
424 3721 462 3782 et
478 3709 715 3798 foedaverant,
735 3734 928 3808 nunquam
947 3715 1165 3810 provexisse,
1182 3738 1245 3786 ne-

172 3845 246 3920 que
262 3822 389 3918 generi
406 3821 570 3894 humano
586 3823 785 3921 quicquam
809 3824 997 3920 profuisse.
1048 3825 1182 3899 Paucae
1198 3848 1247 3896 ex

172 3935 216 4009 iis
243 3932 395 4007 fuerunt
419 3934 510 4006 adeo
539 3933 713 4020 absurdae,
741 3944 785 4009 ut
814 3935 906 4008 nihil
934 3934 1021 4008 boni
1051 3946 1117 4010 aut
1145 3934 1246 4009 utilis

173 4044 410 4119 continerent.
461 4046 654 4134 Praeterea,
671 4047 1054 4121 medicorum‘animos
1070 4047 1116 4119 ad
1133 4048 1248 4136 varias

169 4158 328 4236 seientiae
343 4171 476 4234 nostrae
491 4169 611 4257 partes
627 4159 866 4259 explorandas
883 4167 922 4236 et
938 4159 1153 4236 excolendas
1175 4161 1244 4237 im·
