2678 4794
124 457 215 519 CAP.
232 445 361 514 xxm
417 451 638 510 mumolum
655 451 946 514 'emmenum
1136 448 1215 524 877

127 639 227 740 poris
251 631 550 710 exercitationem
574 632 735 720 attinet,-
756 633 912 710 effeetus
944 634 1024 736 ejus
1048 637 1088 711 in
1112 633 1214 712 infir·

126 749 271 827 mandis
287 748 458 822 omnibus
475 747 633 846 eorporis
647 748 823 823 musculis
840 751 925 823 satis
942 759 1054 825 notus
1070 760 1109 825 et
1137 774 1213 826 eer-

126 872 190 939 eus
206 870 284 937 esti
310 858 430 934 multa
445 866 572 933 autem
589 869 718 935 vetant
733 861 806 936 tale
821 862 1030 938 remedium
1049 864 1088 937 in
1105 862 1213 937 febri·

126 976 199 1054 bus
214 973 398 1061 violentis,
415 981 480 1047 aut
493 971 856 1061 inflammationibus,
873 985 913 1049 et
928 975 1108 1051 similibus
1118 999 1213 1049 mor·

127 1088 187 1163 bis
202 1097 363 1171 tentare;
389 1087 428 1158 in
446 1086 586 1159 insania
602 1109 691 1160 veno
707 1085 906 1186 aliquando
929 1096 1118 1164 tentatum
1146 1097 1213 1174 est,

129 1211 181 1289 et,
197 1207 243 1275 ut
257 1199 386 1285 fertur,
403 1196 502 1271 haud
519 1222 599 1273 raro
616 1198 764 1297 egregie
778 1199 928 1298 profuit.

181 1332 321 1386 trouv.
348 1309 613 1409 Deprimentes
628 1319 755 1384 autem
771 1312 885 1386 animi
901 1309 1054 1389 affectus
1071 1312 1214 1411 (quam-

130 1423 190 1500 vis
223 1423 317 1496 vires
354 1444 481 1495 eorum
517 1419 745 1496 infirmantes
782 1446 905 1523 neque
940 1422 1065 1498 dubiae
1092 1447 1215 1523 neque

130 1535 280 1634 exiguae
295 1534 383 1631 sint)
410 1531 626 1608 difficillime
641 1560 709 1635 pro
725 1537 896 1612 remediis
912 1536 1146 1625 adhibentur,
1176 1543 1216 1609 et

130 1646 296 1748 profecto
310 1646 498 1733 rarissime,
528 1647 559 1719 si
584 1670 762 1746 unquam,
794 1649 880 1725 lioet
902 1650 1106 1725 remedium
1123 1648 1229 1722 adeo⁴

130 1781 265 1858 arroeps
282 1767 432 1835 tentare.
484 1757 595 1833 Certe
609 1761 757 1858 aegrotis
773 1762 890 1837 acutis
907 1761 1043 1836 morbis
1067 1761 1215 1835 decum-

132 1871 307 1947 bentibus
323 1893 517 1969 nunquam
541 1871 740 1946 convenire
762 1882 927 1973 possunt.
979 1874 1076 1948 Sunt
1093 1884 1214 1948 tamen

132 1983 202 2082 qui
217 1983 375 2058 credunt
391 1994 516 2056 mente
532 1984 648 2082 captis
661 1983 859 2085 aliquando
871 1985 1036 2062 multum
1046 1984 1216 2084 prodesse

133 2118 332 2170 moerorem
349 2094 467 2182 illum,
496 2094 736 2194 quemlongu
752 2097 923 2186 solitudo,
948 2107 987 2172 et
1011 2099 1104 2173 dura
1120 2120 1217 2173 coer-
1241 2117 1243 2120 ’

134 2205 235 2296 citio,
263 2206 384 2281 forsan
413 2208 453 2280 in
481 2205 612 2281 cellula
640 2207 802 2295 obseura,
831 2210 1006 2283 induoere
1021 2210 1150 2295 solent,
1179 2217 1217 2281 et

136 2333 283 2395 metum
296 2342 409 2417 quem
427 2319 624 2395 custodum
640 2342 737 2407 euru,
765 2320 826 2395 vel
851 2320 1041 2395 interdum
1069 2319 1219 2406 saevitia,

135 2441 177 2507 et
194 2430 352 2520 vincula,
369 2446 408 2507 et
423 2432 575 2506 verbera
590 2432 789 2506 inmtiunt.
840 2432 936 2506 Haeo
959 2454 1016 2505 res
1032 2454 1120 2506 vero
1143 2453 1220 2504 non

135 2543 232 2619 adeo
257 2555 354 2618 oerta
382 2557 438 2620 est
464 2545 558 2643 quin
588 2542 711 2618 adhuc
726 2543 899 2643 suspieari
915 2543 1035 2634 liceat,
1057 2541 1143 2617 talia
1158 2563 1220 2615 ex-

137 2656 352 2756 perimenta,
380 2658 546 2756 talesque
574 2656 689 2731 animi
717 2655 881 2743 affectus,
913 2656 1027 2730 etiam
1059 2656 1222 2729 maxime

139 2767 286 2844 furiosis
301 2770 423 2844 multo
438 2771 558 2871 magis
575 2769 742 2844 nocuisse
765 2793 880 2868 quam
896 2767 1083 2868 profuisse.
1133 2767 1222 2843 Non

139 2890 280 3068 {emere
308 2883 424 2982 igitur
450 2884 497 2962 ad
524 2881 730 2961 remedium
755 2883 848 2958 adeo
875 2905 1008 2982 anoeps
1027 2881 1224 2983 oonfugere

155 2994 238 3069 ieet.
