2678 4794
104 369 189 424 cnr.
207 367 356 423 xxx1x.
407 365 627 421 numerum
647 365 933 421 annonarios.
1098 356 1171 427 543

150 566 322 620 nunxvt
348 544 394 616 In
422 543 606 616 mensibus
635 567 701 641 per
727 542 948 617 medicinam
976 541 1174 635 eliciendis,

100 658 277 731 memoria
292 679 431 754 semper
447 664 572 728 tenere
596 662 753 753 oportet,
777 665 949 729 naturam
967 654 1085 729 multo
1101 681 1174 731 ma-

99 769 157 866 gis
173 784 286 867 quam
302 777 418 841 artem
445 766 574 851 valere,
598 765 735 864 illaque
761 776 1001 866 repugnante,
1026 777 1092 842 aut
1121 766 1173 842 nil

93 878 262 976 juvante,
285 879 380 971 hanc
395 901 526 977 parurn
544 875 706 963 efficere;
733 886 771 950 et
799 876 973 976 pleraque
989 878 1105 978 igitur
1120 903 1174 953 re·

101 992 308 1066 mediorum
333 990 413 1089 jarn
441 990 712 1076 recensitorum,
738 986 1010 1063 stimulantium
1027 990 1173 1087 pariter,

100 1111 139 1175 et
168 1104 437 1200 anodynorum,
462 1112 500 1174 et
524 1098 778 1188 relaxantium,
803 1102 866 1174 &a
893 1112 976 1175 tum
1001 1101 1174 1188 maxime,

100 1213 161 1287 vel
178 1212 296 1289 solum
313 1213 474 1299 forsitan,
500 1234 576 1284 esse
591 1208 807 1296 adhibenda,
831 1235 917 1286 curn
937 1221 1079 1286 naturae
1094 1236 1173 1286 mo·

100 1324 228 1398 limina
256 1324 303 1398 ad
327 1346 470 1397 menses
498 1321 752 1420 producendos
778 1321 898 1408 fiunt;
922 1346 1082 1421 namque
1108 1347 1175 1422 per

99 1438 178 1509 vim
194 1434 479 1522 consuetudinis,
496 1431 593 1521 talia,
608 1433 648 1505 in
666 1432 843 1507 diuturno
859 1435 970 1506 etiarn
986 1435 1172 1508 mensium

100 1548 257 1635 defectu,
282 1570 347 1644 per
374 1543 575 1631 intervalla,
600 1567 696 1642 saepe
723 1544 878 1642 aequalia
906 1555 945 1619 et
973 1553 1173 1632 menstrua,

98 1659 288 1733 molimina
298 1665 526 1758 repetuntur.
576 1656 720 1730 Docuit
736 1658 837 1730 enirn
854 1657 1080 1754 experientia
1096 1680 1172 1729 am-

97 1769 269 1869 plissima,
306 1771 446 1869 optima
473 1792 632 1867 quaeque
662 1768 833 1857 remedia,
869 1768 936 1842 ubi
964 1766 1172 1850 istiusmodi
1254 1794 1258 1803 ·

97 1882 288 1956 molimina
303 1880 403 1956 nulla
419 1879 560 1968 fierent,
580 1903 656 1953 non
674 1879 787 1954 modo
801 1879 935 1955 frustra
951 1877 1172 1977 plemmque

98 1992 186 2079 dari,
212 1992 275 2065 sed
292 2000 486 2089 postquam
502 1991 572 2064 hoc
588 1992 712 2064 modo'
726 1992 793 2066 diu
819 1993 1078 2089 intempestive
1093 1990 1171 2063 fue·

98 2111 183 2177 rant
199 2101 373 2188 adhibita,
390 2101 514 2173 minus
530 2101 642 2174 etiam
658 2101 778 2175 valere
793 2104 872 2201 ipso
891 2115 1066 2200 tempore,
1084 2125 1171 2200 quo,
1260 2122 1264 2131 ·

94 2213 315 2314 juvantibus
331 2221 471 2284 naturae
485 2209 743 2297 moliminibus,
759 2215 922 2285 maxime
938 2215 1171 2310 profuissent,

97 2326 168 2400 nisi
185 2324 286 2423 prius
303 2324 397 2399 vires
413 2345 542 2395 eorum
560 2345 671 2420 prava
686 2321 1001 2396 administratione
1017 2322 1172 2420 perditae

98 2449 217 2511 essent
233 2449 345 2533 atque
369 2444 606 2533 consumptae.
657 2433 744 2508 Hoc
767 2443 893 2509 autem
922 2433 969 2507 de
998 2431 1172 2508 omnibus

97 2572 173 2623 non
189 2573 295 2646 aeque
311 2570 443 2621 verum
469 2554 546 2631 est3
572 2554 610 2619 et
625 2547 826 2643 praesertim
842 2545 889 2619 de
905 2554 1058 2644 argento
1073 2545 1170 2632 vivo,

97 2670 137 2733 et
152 2658 597 2758 corporisexercitatione,
622 2681 708 2756 quae
735 2682 802 2758 per
828 2655 1019 2735 intervalla
1046 2654 1169 2742 etiam,

98 2771 158 2845 vel
175 2773 345 2855 maxime,
370 2781 458 2845 sunt
473 2769 688 2845 adhibenda.
