2678 4794
183 394 232 463 38
601 399 855 454 coNsrucws
1098 400 1185 462 CAP.
1203 398 1264 458 111.

184 585 272 670 dos;
297 603 417 680 neque
442 576 707 675 impressiones,
731 585 797 650 aut
814 577 980 677 vestigia,
1004 588 1070 653 aut
1086 578 1269 679 imagines

183 698 278 773 ullas
295 715 421 768 eorum
439 698 609 761 motuum
628 689 666 761 in
696 690 842 763 cerebro
871 690 1046 789 imprimi,
1075 690 1194 764 veluti
1220 692 1266 764 si·

185 809 266 910 gilli
284 809 323 880 in
340 826 433 887 cera,
462 825 553 899 quas
570 801 616 873 ad
646 801 841 876 arbitrium
857 813 1026 877 nostrum
1043 803 1180 876 iterum
1199 804 1269 876 ite·

88 1002 92 1009 ¹
184 940 344 1015 rumque
360 912 664 1011 contemplemur,
693 925 893 1015 motusque
910 917 977 1014 qui
994 939 1053 988 eas
1069 915 1190 1013 primo
1216 913 1269 987 ef-

186 1032 355 1108 fecissent
388 1027 512 1098 denuo
553 1027 791 1124 integremus.
868 1027 1010 1100 Tamen
1044 1025 1270 1099 validissima

184 1165 281 1240 saepe
297 1150 353 1213 est
370 1162 547 1212 sensuum
564 1139 833 1238 praeteritorum
851 1138 1052 1226 renovatio,
1079 1137 1268 1211 recordan-

184 1255 296 1340 tibus,
313 1251 614 1351 imaginantibus,
633 1251 910 1328 somniantibus.
1129 1350 1132 1357 Ι

144 1402 147 1407 ·
235 1388 352 1440 cxxV.
379 1364 494 1452 Quod
519 1365 549 1436 si
574 1363 664 1436 tales
691 1372 813 1437 motus
830 1364 885 1437 'ad
909 1364 1137 1437 internorum
1162 1386 1269 1461 aeque

185 1503 228 1553 ac
253 1487 492 1566 externorum
530 1499 706 1551 sensuum
741 1477 924 1550 actionem
952 1475 1140 1550 necessarii
1170 1485 1269 1563 sunt,

186 1603 270 1666 tum
288 1590 396 1688 plane
424 1588 621 1688 oportebit,
646 1588 706 1661 vel
724 1599 845 1663 motus
870 1612 1019 1662 sensum
1050 1588 1268 1687 praecedant,

186 1703 247 1777 vel
272 1703 332 1776 hic
356 1702 447 1790 illos,
472 1699 533 1802 'uel
571 1701 733 1798 denique
757 1725 834 1775 uno
859 1702 1065 1801 eodemque
1093 1702 1270 1800 temporis

186 1825 329 1917 puncto
359 1817 510 1913 utrique
525 1814 717 1888 fiant-Si
742 1815 842 1913 prior
866 1824 921 1889 est
946 1838 1082 1901 sensus,
1111 1840 1134 1887 a
1161 1823 1269 1887 motu

187 1931 321 2026 quovis
336 1926 445 2001 fluidi
470 1950 668 2000 nervorum
685 1926 771 1999 'oriri
795 1928 938 2025 nequit,
964 1938 1002 2000 et
1028 1926 1136 2000 aliam
1153 1926 1271 2025 igitur

186 2040 299 2114 debet
315 2037 448 2112 habere
464 2039 711 2113 causam-Si
736 2039 835 2139 prior
853 2050 910 2114 est
926 2050 1050 2113 motus
1066 2038 1139 2126 ille,
1164 2063 1272 2112 causa

186 2149 267 2249 ejus
280 2151 477 2250 quaerenda
492 2152 573 2239 erit,
591 2151 727 2226 scilicet
739 2153 806 2250 qui
822 2152 975 2226 minime
985 2152 1145 2251 pendere
1156 2150 1272 2250 possit

187 2288 210 2338 a
234 2286 344 2338 sensu
367 2272 434 2338 aut
458 2263 651 2338 voluntate
675 2289 761 2363 quae
786 2272 1002 2363 sequuntur.
1053 2264 1093 2340 Si
1117 2265 1271 2337 demum

154 2396 160 2407 ·
187 2385 358 2474 uterque,
386 2386 509 2452 motus
526 2377 703 2451 nimirum
722 2386 761 2451 et
778 2401 914 2464 sensus,
936 2375 1047 2449 simul
1063 2376 1118 2464 fit,
1135 2377 1271 2451 utriusss

188 2512 264 2589 que
293 2487 402 2564 aliam
417 2489 558 2590 fingere
587 2501 734 2590 oportet
749 2514 914 2575 causam;
940 2499 1072 2564 neuter
1096 2489 1197 2563 enim
1223 2486 1272 2560 ul-

189 2601 304 2676 terius
320 2626 427 2678 causa
442 2628 520 2677 esse
536 2614 669 2701 potest,
687 2603 789 2700 prius
806 2626 917 2701 quarn
935 2601 1013 2697 ipse
1029 2601 1165 2674 existit.

240 2735 377 2787 cxxvr.
405 2714 485 2786 Vix
510 2738 607 2800 sane,
634 2723 701 2786 aut
717 2736 765 2784 ne
781 2713 847 2783 vix
865 2710 1028 2807 quidem,
1045 2712 1170 2783 animo
1187 2736 1274 2786 oon·

188 2823 310 2919 cipere
335 2847 529 2920 possumus
565 2822 811 2910 mutationem
838 2820 950 2893 ullam
987 2821 1025 2892 in
1061 2820 1170 2894 rebus
1195 2846 1275 2898 cor·

188 2932 309 3032 porcis
332 2931 422 3019 fieri,
448 2957 533 3030 quae
556 2958 578 3007 a
601 2942 708 3006 motu
734 2932 896 3029 quodam
913 2955 989 3005 non
1014 2934 1187 3031 pendeat,
1212 2935 1274 3010 vel

189 3041 318 3117 saltem
343 3066 430 3118 cum
456 3054 562 3118 motu
588 3043 715 3142 aliquo
738 3042 849 3117 modo
873 3043 1128 3143 conjungatur.
1193 3047 1274 3123 Res

189 3176 278 3228 vero
295 3155 342 3229 de
358 3155 494 3253 quibus
511 3156 572 3230 hic
588 3157 720 3255 agitur,
746 3180 872 3232 sensus
888 3157 1077 3246 nimirum,
1108 3167 1192 3234 tum
1209 3184 1272 3233 ex·

189 3274 317 3342 ternus
335 3279 418 3343 tum
443 3268 620 3357 internus,
637 3280 676 3342 et
691 3268 873 3358 voluntas,
896 3281 934 3344 et
950 3281 1103 3345 conatus
1119 3271 1273 3346 demum

190 3376 239 3450 ad
254 3380 440 3455 musculos
456 3380 517 3454 vel
533 3390 634 3456 artus
652 3381 864 3468 movendos,
881 3406 956 3456 non
974 3394 1063 3457 sunt
1079 3408 1273 3482 corporeae,

190 3510 314 3587 neque
329 3493 460 3567 iisdem
477 3518 519 3568 ac
535 3495 624 3569 tales
640 3520 697 3569 res
713 3495 901 3595 principiis
918 3495 1168 3594 explanandae.
1276 3526 1279 3531 ·

240 3624 399 3680 cxxvn.
418 3605 544 3681 Missis
559 3606 677 3705 igitur
692 3605 907 3705 hujusmodi
923 3609 1141 3683 commentis
1159 3608 1207 3682 de
1218 3633 1274 3683 re-

189 3709 260 3786 bus
277 3739 368 3812 quas
386 3714 528 3791 Natura
543 3717 695 3792 forsitan
711 3718 850 3794 visibus
875 3718 1046 3794 humanis
1070 3722 1273 3819 negaverit,

187 3831 369 3925 tanquam
385 3828 432 3901 ad
456 3829 616 3920 inutilia,
645 3840 683 3904 et
712 3830 1100 3930 incomprehensibilia,
1126 3831 1186 3905 vel
1210 3833 1274 3906 ab·

190 3937 301 4011 surda
315 3938 474 4028 fortasse,
492 3941 724 4030 ducentibus,
741 3943 859 4043 magis
876 3967 897 4017 e
913 3967 953 4017 re
970 3968 1035 4017 sua
1051 3945 1131 4030 erit,
1148 3943 1178 4016 si
1195 3968 1273 4020 me·

189 4046 263 4122 dici
280 4051 327 4123 ad
343 4052 504 4151 singulas
521 4079 577 4128 res
593 4054 705 4158 factas
721 4065 760 4129 et
776 4081 878 4131 veras
896 4056 942 4128 de
964 4053 1035 4129 hoc
1049 4066 1273 4156 argumento
1320 4038 1327 4051 ’

146 4203 147 4207 ¹
190 4159 461 4266 investigandas
477 4177 594 4242 semet
610 4169 781 4270 gnaviter
796 4168 1031 4246 accinxerint.
