2678 4794
77 430 163 489 car.
181 428 274 485 ιιιιι
337 425 559 481 immersa
577 426 866 486 rusonsmcm.
1086 418 1155 490 121

78 609 237 684 mentius
266 628 402 703 corpus
431 614 632 693 exercetur,
661 607 740 705 pari
763 608 839 682 fere
862 608 1004 683 ratione
1027 606 1160 707 premit

76 720 191 796 somni
209 719 418 792 necessitas.

121 853 333 909 cccxcvii.
348 830 515 927 Tempus
525 830 627 928 quod
639 829 752 906 foetus
765 833 804 906 in
816 843 923 907 utero
932 831 1022 907 latet
1035 855 1164 908 somno

78 946 147 1020 fere
165 945 323 1021 transire
341 943 509 1027 videtum
535 954 573 1017 et
590 952 716 1042 partus
732 945 933 1033 immaturi,
950 947 1013 1019 sed
1039 970 1163 1044 super-

79 1059 178 1133 stites
203 1069 346 1141 tamen,
382 1054 522 1153 primos
555 1078 699 1129 menses
724 1057 799 1130 fere
832 1068 932 1132 totos
960 1057 1162 1132 dormiunt.

80 1168 247 1245 Infantes
262 1192 418 1267 quoque
435 1166 595 1242 multum
614 1169 773 1242 dormire
793 1168 920 1244 solent.
971 1169 1097 1254 Pueri,
1125 1180 1164 1245 et

82 1280 250 1356 homines
273 1280 340 1378 qui
369 1281 483 1353 vitam
511 1278 726 1353 laboriosam
751 1280 905 1377 degunt,
940 1279 1163 1379 plusquam

86 1392 203 1467 adulti
227 1392 399 1478 homines,
425 1401 491 1465 aut
521 1390 702 1464 luxuriosi
726 1402 765 1465 et
790 1392 942 1478 desides,
979 1402 1017 1465 et
1053 1393 1164 1467 altius

87 1527 238 1603 quoque
261 1502 470 1586 dormiunt:
513 1502 650 1577 scilicet
677 1505 744 1602 qui
773 1528 904 1604 corpus
933 1503 1026 1579 bene
1061 1529 1164 1579 exer·

84 1630 176 1702 cent,
193 1640 315 1715 neque
332 1616 402 1690 hoc
418 1614 501 1689 cibo
516 1628 722 1714 gravatum,
739 1640 862 1714 neque
878 1628 1040 1690 mentem
1066 1618 1163 1693 curis

81 1726 271 1803 laceratam
301 1726 449 1802 habent.
516 1727 638 1803 Leves
664 1729 796 1814 somni,
824 1727 966 1813 laboris,
1004 1729 1164 1816 virtutis,

82 1840 344 1941 temperantia,
372 1839 567 1939 praemium
601 1850 640 1915 et
667 1839 850 1928 solatium,
883 1840 1164 1915 immerentibus

81 1950 179 2029 lrcud
193 1952 302 2028 facile
317 1952 581 2027 conceduntur.

128 2087 352 2143 cccxcvru.
377 2063 506 2151 Porro,
530 2063 624 2138 dum
641 2066 769 2140 crescit
785 2026 904 2141 inuiis
919 2089 1061 2166 corpus,
1081 2064 1163 2164 plus

82 2178 199 2253 somni
223 2145 427 2275 requirllur
463 2176 599 2251 scilicet
616 2179 683 2275 qui
699 2179 746 2250 ad
764 2201 896 2277 corpus
922 2177 1163 2253 reficiendum

47 2288 118 2363 ’et
137 2288 317 2364 alendum
355 2287 456 2363 baud
491 2311 624 2388 parum
659 2288 811 2363 confert.
886 2290 1028 2363 Media·
1043 2302 1163 2377 aetate,

81 2398 248 2475 homines
264 2401 391 2476 minus
413 2400 615 2473 dormiunt.
665 2399 910 2475 Consuetudo
924 2410 1050 2475 autem
1068 2400 1163 2474 mul-

80 2520 157 2589 tum
175 2512 240 2589 hic
255 2511 366 2587 facit:
395 2511 457 2586 alii
474 2522 636 2609 quatuor
651 2510 825 2584 horarum
842 2534 973 2584 somno
997 2510 1164 2585 contenti

80 2636 176 2713 nint,
204 2624 269 2699 alii
294 2626 420 2699 decem
438 2635 478 2699 et
493 2621 654 2721 amplius
671 2623 777 2697 horas
793 2621 840 2695 de
856 2622 917 2695 die
933 2643 1064 2695 somno
1078 2644 1164 2695 con·

82 2748 246 2813 sumunt
309 2736 486 2825 Quidam,
512 2736 615 2809 senio
639 2734 716 2810 fere
738 2733 906 2821 confecti,
931 2731 1165 2809 somniculosi

82 2860 118 2925 et
140 2848 284 2949 torpidi
308 2848 406 2938 facti,
431 2849 636 2923 maximam
665 2848 842 2947 temporis
865 2858 1009 2946 partem
1034 2868 1164 2921 somno

82 2961 314 3037 transierunt.
765 2990 769 2997 ·

131 3095 323 3149 cccxcrx.
348 3072 454 3149 Usus
477 3073 598 3147 somni
622 3096 671 3147 ex
694 3072 889 3148 effectibus
912 3096 1006 3171 quos
1020 3070 1061 3145 in
1088 3092 1164 3144 cor·

85 3208 173 3281 pore
186 3184 296 3261 babet
312 3186 399 3261 satis
415 3196 576 3285 apparet
624 3184 735 3259 Vires
751 3194 791 3259 et
805 3185 921 3259 animi
937 3193 976 3257 et
992 3182 1164 3281 corporis,

84 3298 342 3373 exercitatione
383 3306 629 3426 consumptas,
670 3296 810 3373 reficit:
858 3297 948 3371 huic
986 3296 1164 3393 vigorem,

83 3406 137 3481 illi
164 3406 385 3485 altentatem
405 3410 596 3507 pristinam
613 3409 802 3484 consiliat:
831 3406 1019 3483 musculos
1044 3406 1166 3482 valido

82 3514 202 3595 labore
226 3520 396 3609 defessos,
420 3521 568 3621 rigidos,
593 3520 769 3610 dolentes,
803 3520 993 3609 tremulos,
1027 3520 1165 3595 iterum

84 3630 237 3721 vividos,
262 3632 414 3720 validos,
451 3645 490 3709 et
514 3633 669 3709 mobiles
692 3635 837 3710 reddit:
866 3634 995 3733 pulsus
1019 3634 1165 3708 arteria·

85 3764 177 3833 rum,
205 3745 277 3819 sub
293 3770 482 3845 vesperem
507 3745 773 3845 frequentiores
789 3746 997 3834 evadentes,
1023 3760 1165 3845 tempe-

87 3864 148 3943 rat,
173 3868 215 3931 et
243 3857 292 3931 ad
317 3858 608 3933 moderationem
636 3861 861 3935 matutinam
887 3860 1052 3934 reducit:
1091 3856 1164 3931 cibi

88 3969 322 4057 concoctioni,
355 3981 395 4045 et
421 3972 641 4071 appositioni
671 3972 893 4047 nutrimenti
919 3972 966 4045 ad
998 3990 1165 4068 reparan-

90 4074 169 4153 dam
198 4082 363 4179 partium
392 4084 590 4160 solidarum
613 4084 808 4184 jacturam,
840 4083 964 4158 favere
992 4082 1163 4156 ridetur:

92 4194 303 4267 merione:
320 4206 359 4269 et
374 4199 599 4273 excretiones
615 4197 774 4283 minuit:
800 4204 838 4269 et
863 4194 1038 4269 humores
1053 4208 1163 4262 sacre·

94 4308 147 4373 tos
162 4304 372 4399 spissescere
387 4309 486 4395 sinit,
509 4333 660 4409 corpore
674 4308 814 4387 scilicet
835 4306 958 4395 minus
981 4300 1165 4379 sentiente
