<?xml version="1.0" encoding="UTF-8"?>
<!DOCTYPE html PUBLIC "-//W3C//DTD XHTML 1.0 Transitional//EN"
    "http://www.w3.org/TR/xhtml1/DTD/xhtml1-transitional.dtd">
<html xmlns="http://www.w3.org/1999/xhtml" xml:lang="en" lang="en">
 <head>
  <title>
</title>
<meta http-equiv="Content-Type" content="text/html;charset=utf-8" />
  <meta name='ocr-system' content='tesseract 3.04.00' />
  <meta name='ocr-capabilities' content='ocr_page ocr_carea ocr_par ocr_line ocrx_word'/>
</head>
<body>
  <div class='ocr_page' id='page_1' title='image "./conspectusmedic01greggoog_0559.png"; bbox 0 0 2694 4792; ppageno 0'>
   <div class='ocr_carea' id='block_1_1' title="bbox 122 260 1224 346">
    <p class='ocr_par' dir='ltr' id='par_1_1' title="bbox 122 260 1224 346">
     <span class='ocr_line' id='line_1_1' title="bbox 122 260 1224 346; baseline -0.01 -4"><span class='ocrx_word' id='word_1_1' title='bbox 122 277 196 346; x_wconf 82' lang='lat'><strong>510</strong></span> <span class='ocrx_word' id='word_1_2' title='bbox 543 260 798 334; x_wconf 67' lang='lat' dir='ltr'><strong>conracius</strong></span> <span class='ocrx_word' id='word_1_3' title='bbox 947 270 1047 332; x_wconf 72' lang='lat' dir='ltr'><strong>car.</strong></span> <span class='ocrx_word' id='word_1_4' title='bbox 1065 268 1224 331; x_wconf 81' lang='lat' dir='ltr'><strong>mvn</strong></span> 
     </span>
    </p>
   </div>
   <div class='ocr_carea' id='block_1_2' title="bbox 61 450 1223 888">
    <p class='ocr_par' dir='ltr' id='par_1_2' title="bbox 61 450 1223 888">
     <span class='ocr_line' id='line_1_2' title="bbox 123 450 1223 550; baseline -0.01 -10"><span class='ocrx_word' id='word_1_5' title='bbox 123 461 325 547; x_wconf 84' lang='lat' dir='ltr'><strong>videretur,</strong></span> <span class='ocrx_word' id='word_1_6' title='bbox 350 454 537 531; x_wconf 82' lang='lat' dir='ltr'><strong>interdum</strong></span> <span class='ocrx_word' id='word_1_7' title='bbox 555 478 631 530; x_wconf 88' lang='lat' dir='ltr'><strong>non</strong></span> <span class='ocrx_word' id='word_1_8' title='bbox 647 450 790 528; x_wconf 87' lang='lat' dir='ltr'><strong>inutilis</strong></span> <span class='ocrx_word' id='word_1_9' title='bbox 817 472 897 526; x_wconf 87' lang='lat' dir='ltr'><strong>esse</strong></span> <span class='ocrx_word' id='word_1_10' title='bbox 926 461 1077 550; x_wconf 84' lang='lat' dir='ltr'><strong>potest,</strong></span> <span class='ocrx_word' id='word_1_11' title='bbox 1104 451 1223 529; x_wconf 79' lang='lat' dir='ltr'><strong>laxato</strong></span> 
     </span>
     <span class='ocr_line' id='line_1_3' title="bbox 127 562 1220 668; baseline -0.009 -17"><span class='ocrx_word' id='word_1_12' title='bbox 127 576 265 653; x_wconf 85' lang='lat' dir='ltr'><strong>scilicet</strong></span> <span class='ocrx_word' id='word_1_13' title='bbox 294 582 375 646; x_wconf 86' lang='lat' dir='ltr'><strong>toto</strong></span> <span class='ocrx_word' id='word_1_14' title='bbox 390 590 550 668; x_wconf 84' lang='lat' dir='ltr'><strong>corpore,</strong></span> <span class='ocrx_word' id='word_1_15' title='bbox 574 569 629 640; x_wconf 90' lang='lat' dir='ltr'><strong>ita</strong></span> <span class='ocrx_word' id='word_1_16' title='bbox 645 578 691 639; x_wconf 90' lang='lat' dir='ltr'><strong>ut</strong></span> <span class='ocrx_word' id='word_1_17' title='bbox 706 564 844 639; x_wconf 79' lang='lat' dir='ltr'><strong>facilior</strong></span> <span class='ocrx_word' id='word_1_18' title='bbox 872 562 1009 640; x_wconf 86' lang='lat' dir='ltr'><strong>sudori</strong></span> <span class='ocrx_word' id='word_1_19' title='bbox 1038 588 1111 665; x_wconf 88' lang='lat' dir='ltr'><strong>per</strong></span> <span class='ocrx_word' id='word_1_20' title='bbox 1135 567 1220 641; x_wconf 81' lang='lat' dir='ltr'><strong>fora·</strong></span> 
     </span>
     <span class='ocr_line' id='line_1_4' title="bbox 61 674 1218 763; baseline -0.008 0"><span class='ocrx_word' id='word_1_21' title='bbox 61 690 65 699; x_wconf 87' lang='lat'>&#39;</span> <span class='ocrx_word' id='word_1_22' title='bbox 128 689 230 763; x_wconf 88' lang='lat' dir='ltr'><strong>mina</strong></span> <span class='ocrx_word' id='word_1_23' title='bbox 246 684 341 759; x_wconf 89' lang='lat' dir='ltr'><strong>cutis</strong></span> <span class='ocrx_word' id='word_1_24' title='bbox 358 684 530 757; x_wconf 89' lang='lat' dir='ltr'><strong>transitus</strong></span> <span class='ocrx_word' id='word_1_25' title='bbox 540 677 770 754; x_wconf 87' lang='lat' dir='ltr'><strong>concedatur.</strong></span> <span class='ocrx_word' id='word_1_26' title='bbox 820 674 1001 751; x_wconf 92' lang='lat' dir='ltr'><strong>Multum</strong></span> <span class='ocrx_word' id='word_1_27' title='bbox 1016 701 1111 753; x_wconf 89' lang='lat' dir='ltr'><strong>vero</strong></span> <span class='ocrx_word' id='word_1_28' title='bbox 1121 680 1218 754; x_wconf 82' lang='lat' dir='ltr'><strong>abest</strong></span> 
     </span>
     <span class='ocr_line' id='line_1_5' title="bbox 128 788 1217 888; baseline -0.006 -15"><span class='ocrx_word' id='word_1_29' title='bbox 128 812 173 873; x_wconf 89' lang='lat' dir='ltr'><strong>ut</strong></span> <span class='ocrx_word' id='word_1_30' title='bbox 190 796 386 872; x_wconf 81' lang='lat' dir='ltr'><strong>cathartica</strong></span> <span class='ocrx_word' id='word_1_31' title='bbox 401 794 677 878; x_wconf 88' lang='lat' dir='ltr'><strong>medicamenta,</strong></span> <span class='ocrx_word' id='word_1_32' title='bbox 704 788 977 888; x_wconf 90' lang='lat' dir='ltr'><strong>qualiscunque</strong></span> <span class='ocrx_word' id='word_1_33' title='bbox 999 790 1160 866; x_wconf 88' lang='lat' dir='ltr'><strong>demum</strong></span> <span class='ocrx_word' id='word_1_34' title='bbox 1178 791 1217 866; x_wconf 92' lang='lat' dir='ltr'><strong>il·</strong></span> 
     </span>
    </p>
   </div>
   <div class='ocr_carea' id='block_1_3' title="bbox 2 901 1216 1004">
    <p class='ocr_par' dir='ltr' id='par_1_3' title="bbox 2 901 1216 1004">
     <span class='ocr_line' id='line_1_6' title="bbox 2 901 1216 1004; baseline -0.006 -18"><span class='ocrx_word' id='word_1_35' title='bbox 2 1000 4 1004; x_wconf 22' lang='lat'>¹</span> <span class='ocrx_word' id='word_1_36' title='bbox 101 987 107 994; x_wconf 79' lang='grc'>,</span> <span class='ocrx_word' id='word_1_37' title='bbox 129 911 249 985; x_wconf 88' lang='lat' dir='ltr'><strong>lorum</strong></span> <span class='ocrx_word' id='word_1_38' title='bbox 267 910 362 983; x_wconf 88' lang='lat' dir='ltr'><strong>actio</strong></span> <span class='ocrx_word' id='word_1_39' title='bbox 378 907 498 993; x_wconf 86' lang='lat' dir='ltr'><strong>fuerit,</strong></span> <span class='ocrx_word' id='word_1_40' title='bbox 516 906 556 979; x_wconf 93' lang='lat' dir='ltr'><strong>in</strong></span> <span class='ocrx_word' id='word_1_41' title='bbox 573 902 824 1004; x_wconf 86' lang='lat' dir='ltr'><strong>promovendo</strong></span> <span class='ocrx_word' id='word_1_42' title='bbox 853 901 993 976; x_wconf 89' lang='lat' dir='ltr'><strong>sudore</strong></span> <span class='ocrx_word' id='word_1_43' title='bbox 1008 926 1115 1003; x_wconf 74' lang='lat' dir='ltr'><strong>reque</strong></span> <span class='ocrx_word' id='word_1_44' title='bbox 1129 929 1216 1003; x_wconf 85' lang='lat' dir='ltr'><strong>pro</strong></span> 
     </span>
    </p>
   </div>
   <div class='ocr_carea' id='block_1_4' title="bbox 36 1014 1216 2124">
    <p class='ocr_par' dir='ltr' id='par_1_4' title="bbox 129 1014 1216 1209">
     <span class='ocr_line' id='line_1_7' title="bbox 129 1014 1216 1116; baseline -0.007 -19"><span class='ocrx_word' id='word_1_45' title='bbox 129 1024 204 1098; x_wconf 90' lang='lat' dir='ltr'><strong>sint</strong></span> <span class='ocrx_word' id='word_1_46' title='bbox 220 1047 262 1097; x_wconf 90' lang='lat' dir='ltr'><strong>ac</strong></span> <span class='ocrx_word' id='word_1_47' title='bbox 278 1020 495 1105; x_wconf 78' lang='lat' dir='ltr'><strong>vomitoria3</strong></span> <span class='ocrx_word' id='word_1_48' title='bbox 520 1030 559 1092; x_wconf 90' lang='lat' dir='ltr'><strong>et</strong></span> <span class='ocrx_word' id='word_1_49' title='bbox 575 1016 739 1116; x_wconf 86' lang='lat' dir='ltr'><strong>profecto</strong></span> <span class='ocrx_word' id='word_1_50' title='bbox 763 1016 833 1090; x_wconf 91' lang='lat' dir='ltr'><strong>hoc</strong></span> <span class='ocrx_word' id='word_1_51' title='bbox 862 1014 1020 1090; x_wconf 90' lang='lat' dir='ltr'><strong>consilio</strong></span> <span class='ocrx_word' id='word_1_52' title='bbox 1035 1017 1216 1090; x_wconf 81' lang='lat' dir='ltr'>rarissime</span> 
     </span>
     <span class='ocr_line' id='line_1_8' title="bbox 130 1133 362 1209; baseline -0.017 0"><span class='ocrx_word' id='word_1_53' title='bbox 130 1133 362 1209; x_wconf 81' lang='lat' dir='ltr'><strong>adhibentur.</strong></span> 
     </span>
    </p>

    <p class='ocr_par' dir='ltr' id='par_1_5' title="bbox 36 1241 1212 2124">
     <span class='ocr_line' id='line_1_9' title="bbox 181 1241 1210 1339; baseline -0.005 -19"><span class='ocrx_word' id='word_1_54' title='bbox 181 1266 468 1320; x_wconf 76' lang='lat' dir='ltr'><strong>nccccnxxnr.</strong></span> <span class='ocrx_word' id='word_1_55' title='bbox 493 1243 618 1316; x_wconf 86' lang='lat' dir='ltr'><strong>Variae</strong></span> <span class='ocrx_word' id='word_1_56' title='bbox 639 1241 1000 1315; x_wconf 87' lang='lat' dir='ltr'><strong>medicamentorum</strong></span> <span class='ocrx_word' id='word_1_57' title='bbox 1029 1265 1117 1339; x_wconf 80' lang='lat' dir='ltr'><strong>quoe</strong></span> <span class='ocrx_word' id='word_1_58' title='bbox 1139 1241 1210 1339; x_wconf 86' lang='lat' dir='ltr'><strong>j&#39;am</strong></span> 
     </span>
     <span class='ocr_line' id='line_1_10' title="bbox 36 1351 1212 1453; baseline -0.002 -22"><span class='ocrx_word' id='word_1_59' title='bbox 36 1364 40 1371; x_wconf 87' lang='lat'><em>&#39;</em></span> <span class='ocrx_word' id='word_1_60' title='bbox 130 1365 344 1431; x_wconf 87' lang='lat' dir='ltr'><strong>enumerata</strong></span> <span class='ocrx_word' id='word_1_61' title='bbox 373 1366 462 1431; x_wconf 91' lang='lat' dir='ltr'><strong>sunt</strong></span> <span class='ocrx_word' id='word_1_62' title='bbox 490 1355 776 1453; x_wconf 89' lang='lat' dir='ltr'><strong>conjunctiones,</strong></span> <span class='ocrx_word' id='word_1_63' title='bbox 800 1353 841 1426; x_wconf 92' lang='lat' dir='ltr'><strong>in</strong></span> <span class='ocrx_word' id='word_1_64' title='bbox 870 1351 1061 1427; x_wconf 88' lang='lat' dir='ltr'><strong>eliciendo</strong></span> <span class='ocrx_word' id='word_1_65' title='bbox 1080 1357 1212 1429; x_wconf 85' lang='lat' dir='ltr'><strong>&#39;sudore</strong></span> 
     </span>
     <span class='ocr_line' id='line_1_11' title="bbox 129 1466 1210 1569; baseline 0 -27"><span class='ocrx_word' id='word_1_66' title='bbox 129 1468 214 1569; x_wconf 92' lang='lat' dir='ltr'><strong>plus</strong></span> <span class='ocrx_word' id='word_1_67' title='bbox 240 1467 359 1542; x_wconf 85' lang='lat' dir='ltr'><strong>solent</strong></span> <span class='ocrx_word' id='word_1_68' title='bbox 382 1467 503 1543; x_wconf 86' lang='lat' dir='ltr'><strong>valere</strong></span> <span class='ocrx_word' id='word_1_69' title='bbox 527 1492 641 1567; x_wconf 85' lang='lat' dir='ltr'><strong>quam</strong></span> <span class='ocrx_word' id='word_1_70' title='bbox 670 1467 796 1540; x_wconf 89' lang='lat' dir='ltr'><strong>eadem</strong></span> <span class='ocrx_word' id='word_1_71' title='bbox 826 1488 995 1540; x_wconf 88' lang='lat' dir='ltr'><strong>seorsum</strong></span> <span class='ocrx_word' id='word_1_72' title='bbox 1028 1466 1210 1552; x_wconf 85' lang='lat' dir='ltr'><strong>adhibita;</strong></span> 
     </span>
     <span class='ocr_line' id='line_1_12' title="bbox 130 1575 1210 1679; baseline -0.003 -23"><span class='ocrx_word' id='word_1_73' title='bbox 130 1582 239 1679; x_wconf 89' lang='lat' dir='ltr'><strong>cujus</strong></span> <span class='ocrx_word' id='word_1_74' title='bbox 254 1581 308 1654; x_wconf 89' lang='lat' dir='ltr'><strong>rei</strong></span> <span class='ocrx_word' id='word_1_75' title='bbox 323 1582 417 1655; x_wconf 90' lang='lat' dir='ltr'><strong>ratio</strong></span> <span class='ocrx_word' id='word_1_76' title='bbox 433 1579 664 1678; x_wconf 86' lang='lat' dir='ltr'><strong>aliquatenus</strong></span> <span class='ocrx_word' id='word_1_77' title='bbox 689 1577 817 1651; x_wconf 87' lang='lat' dir='ltr'><strong>saltem</strong></span> <span class='ocrx_word' id='word_1_78' title='bbox 840 1575 1093 1678; x_wconf 78' lang='lat' dir='ltr'><strong>intelligetur,</strong></span> <span class='ocrx_word' id='word_1_79' title='bbox 1120 1580 1210 1655; x_wconf 85' lang='lat' dir='ltr'><strong>sire·</strong></span> 
     </span>
     <span class='ocr_line' id='line_1_13' title="bbox 131 1690 1210 1792; baseline 0.001 -25"><span class='ocrx_word' id='word_1_80' title='bbox 131 1693 326 1768; x_wconf 82' lang='lat' dir='ltr'><strong>cordamur</strong></span> <span class='ocrx_word' id='word_1_81' title='bbox 337 1702 432 1792; x_wconf 92' lang='lat' dir='ltr'><strong>quot</strong></span> <span class='ocrx_word' id='word_1_82' title='bbox 441 1692 593 1767; x_wconf 90' lang='lat' dir='ltr'><strong>diversis</strong></span> <span class='ocrx_word' id='word_1_83' title='bbox 604 1690 722 1765; x_wconf 91' lang='lat' dir='ltr'><strong>modis</strong></span> <span class='ocrx_word' id='word_1_84' title='bbox 734 1693 994 1787; x_wconf 79' lang='lat' dir='ltr'><strong>(uccccnxu)</strong></span> <span class='ocrx_word' id='word_1_85' title='bbox 1012 1692 1210 1767; x_wconf 79' lang='lat' dir='ltr'><strong>exinanitio</strong></span> 
     </span>
     <span class='ocr_line' id='line_1_14' title="bbox 132 1802 1210 1906; baseline 0 -27"><span class='ocrx_word' id='word_1_86' title='bbox 132 1807 203 1880; x_wconf 86' lang='lat' dir='ltr'><strong>ista</strong></span> <span class='ocrx_word' id='word_1_87' title='bbox 218 1805 425 1906; x_wconf 90' lang='lat' dir='ltr'><strong>promoveri</strong></span> <span class='ocrx_word' id='word_1_88' title='bbox 442 1805 565 1903; x_wconf 83' lang='lat' dir='ltr'><strong>possit.</strong></span> <span class='ocrx_word' id='word_1_89' title='bbox 615 1802 785 1876; x_wconf 85' lang='lat' dir='ltr'><strong>Effectus</strong></span> <span class='ocrx_word' id='word_1_90' title='bbox 801 1824 887 1874; x_wconf 82' lang='lat' dir='ltr'><strong>vem</strong></span> <span class='ocrx_word' id='word_1_91' title='bbox 911 1803 1155 1899; x_wconf 87' lang='lat' dir='ltr'><strong>quorundam</strong></span> <span class='ocrx_word' id='word_1_92' title='bbox 1170 1828 1210 1878; x_wconf 84' lang='lat' dir='ltr'><strong>ex</strong></span> 
     </span>
     <span class='ocr_line' id='line_1_15' title="bbox 133 1912 1210 2014; baseline -0.001 -23"><span class='ocrx_word' id='word_1_93' title='bbox 133 1917 344 2014; x_wconf 89' lang='lat' dir='ltr'><strong>hujusmodi</strong></span> <span class='ocrx_word' id='word_1_94' title='bbox 362 1915 571 2012; x_wconf 88' lang='lat' dir='ltr'><strong>compositis</strong></span> <span class='ocrx_word' id='word_1_95' title='bbox 596 1912 885 1998; x_wconf 87' lang='lat' dir='ltr'><strong>medicamentis,</strong></span> <span class='ocrx_word' id='word_1_96' title='bbox 913 1912 1044 1990; x_wconf 88' lang='lat' dir='ltr'><strong>multo</strong></span> <span class='ocrx_word' id='word_1_97' title='bbox 1069 1916 1210 2014; x_wconf 74' lang='lat' dir='ltr'><strong>majorca</strong></span> 
     </span>
     <span class='ocr_line' id='line_1_16' title="bbox 132 2023 1209 2124; baseline 0.004 -25"><span class='ocrx_word' id='word_1_98' title='bbox 132 2037 220 2100; x_wconf 87' lang='lat' dir='ltr'><strong>sunt</strong></span> <span class='ocrx_word' id='word_1_99' title='bbox 236 2050 348 2124; x_wconf 85' lang='lat' dir='ltr'><strong>quam</strong></span> <span class='ocrx_word' id='word_1_100' title='bbox 366 2050 388 2098; x_wconf 89' lang='lat' dir='ltr'><strong>a</strong></span> <span class='ocrx_word' id='word_1_101' title='bbox 403 2024 543 2098; x_wconf 88' lang='lat' dir='ltr'><strong>viribus</strong></span> <span class='ocrx_word' id='word_1_102' title='bbox 570 2023 796 2123; x_wconf 90' lang='lat' dir='ltr'><strong>simplicium</strong></span> <span class='ocrx_word' id='word_1_103' title='bbox 812 2047 860 2097; x_wconf 87' lang='lat' dir='ltr'><strong>ex</strong></span> <span class='ocrx_word' id='word_1_104' title='bbox 876 2025 1023 2123; x_wconf 90' lang='lat' dir='ltr'><strong>quibus</strong></span> <span class='ocrx_word' id='word_1_105' title='bbox 1040 2038 1209 2111; x_wconf 86' lang='lat' dir='ltr'><strong>constant,</strong></span> 
     </span>
    </p>
   </div>
   <div class='ocr_carea' id='block_1_5' title="bbox 10 2135 907 2236">
    <p class='ocr_par' dir='ltr' id='par_1_6' title="bbox 10 2135 907 2236">
     <span class='ocr_line' id='line_1_17' title="bbox 10 2135 907 2236; baseline 0.001 -26"><span class='ocrx_word' id='word_1_106' title='bbox 10 2182 12 2186; x_wconf 94' lang='lat'>-</span> <span class='ocrx_word' id='word_1_107' title='bbox 132 2136 351 2235; x_wconf 82' lang='lat' dir='ltr'><strong>sagacissimi</strong></span> <span class='ocrx_word' id='word_1_108' title='bbox 369 2135 504 2209; x_wconf 92' lang='lat' dir='ltr'><strong>medici</strong></span> <span class='ocrx_word' id='word_1_109' title='bbox 520 2137 726 2234; x_wconf 89' lang='lat' dir='ltr'><strong>potuissent</strong></span> <span class='ocrx_word' id='word_1_110' title='bbox 743 2159 907 2236; x_wconf 85' lang='lat' dir='ltr'><strong>sperare.-</strong></span> 
     </span>
    </p>
   </div>
   <div class='ocr_carea' id='block_1_6' title="bbox 80 2248 1220 3924">
    <p class='ocr_par' dir='ltr' id='par_1_7' title="bbox 80 2248 1217 3805">
     <span class='ocr_line' id='line_1_18' title="bbox 121 2248 1208 2328; baseline 0.006 -7"><span class='ocrx_word' id='word_1_111' title='bbox 121 2314 125 2321; x_wconf 86' lang='lat'><strong>.</strong></span> <span class='ocrx_word' id='word_1_112' title='bbox 183 2270 454 2323; x_wconf 76' lang='lat' dir='ltr'><strong>nccccnxxrv.</strong></span> <span class='ocrx_word' id='word_1_113' title='bbox 473 2248 534 2323; x_wconf 88' lang='lat' dir='ltr'><strong>Sic</strong></span> <span class='ocrx_word' id='word_1_114' title='bbox 545 2249 784 2324; x_wconf 86' lang='lat' dir='ltr'><strong>vomitorium</strong></span> <span class='ocrx_word' id='word_1_115' title='bbox 799 2249 1121 2328; x_wconf 72' lang='lat' dir='ltr'><strong>medicamentum</strong></span> <span class='ocrx_word' id='word_1_116' title='bbox 1133 2276 1208 2327; x_wconf 84' lang='lat' dir='ltr'><strong>cum</strong></span> 
     </span>
     <span class='ocr_line' id='line_1_19' title="bbox 133 2359 1209 2465; baseline 0.006 -31"><span class='ocrx_word' id='word_1_117' title='bbox 133 2360 219 2459; x_wconf 94' lang='lat' dir='ltr'><strong>opio</strong></span> <span class='ocrx_word' id='word_1_118' title='bbox 242 2359 429 2458; x_wconf 87' lang='lat' dir='ltr'><strong>junctum,</strong></span> <span class='ocrx_word' id='word_1_119' title='bbox 454 2360 626 2436; x_wconf 88' lang='lat' dir='ltr'><strong>sudorem</strong></span> <span class='ocrx_word' id='word_1_120' title='bbox 644 2361 766 2436; x_wconf 90' lang='lat' dir='ltr'><strong>multo</strong></span> <span class='ocrx_word' id='word_1_121' title='bbox 781 2361 966 2438; x_wconf 85' lang='lat' dir='ltr'><strong>efficacius</strong></span> <span class='ocrx_word' id='word_1_122' title='bbox 984 2363 1091 2440; x_wconf 92' lang='lat' dir='ltr'><strong>elicit</strong></span> <span class='ocrx_word' id='word_1_123' title='bbox 1106 2390 1209 2465; x_wconf 87' lang='lat' dir='ltr'><strong>quam</strong></span> 
     </span>
     <span class='ocr_line' id='line_1_20' title="bbox 134 2471 1209 2552; baseline 0.007 -6"><span class='ocrx_word' id='word_1_124' title='bbox 134 2472 353 2546; x_wconf 87' lang='lat' dir='ltr'><strong>alterutrum</strong></span> <span class='ocrx_word' id='word_1_125' title='bbox 370 2472 490 2547; x_wconf 90' lang='lat' dir='ltr'><strong>solum</strong></span> <span class='ocrx_word' id='word_1_126' title='bbox 517 2471 660 2550; x_wconf 86' lang='lat' dir='ltr'><strong>faceret.</strong></span> <span class='ocrx_word' id='word_1_127' title='bbox 710 2473 765 2548; x_wconf 88' lang='lat' dir='ltr'><strong>Et</strong></span> <span class='ocrx_word' id='word_1_128' title='bbox 788 2473 1113 2552; x_wconf 88' lang='lat' dir='ltr'><strong>medicamentum</strong></span> <span class='ocrx_word' id='word_1_129' title='bbox 1141 2502 1209 2552; x_wconf 90' lang='lat' dir='ltr'><strong>om-</strong></span> 
     </span>
     <span class='ocr_line' id='line_1_21' title="bbox 134 2583 1212 2682; baseline 0.007 -24"><span class='ocrx_word' id='word_1_130' title='bbox 134 2585 241 2659; x_wconf 91' lang='lat' dir='ltr'><strong>nium</strong></span> <span class='ocrx_word' id='word_1_131' title='bbox 266 2583 342 2659; x_wconf 83' lang='lat' dir='ltr'><strong>sere</strong></span> <span class='ocrx_word' id='word_1_132' title='bbox 367 2609 453 2682; x_wconf 86' lang='lat' dir='ltr'><strong>quae</strong></span> <span class='ocrx_word' id='word_1_133' title='bbox 480 2585 529 2659; x_wconf 90' lang='lat' dir='ltr'><strong>ad</strong></span> <span class='ocrx_word' id='word_1_134' title='bbox 556 2585 785 2660; x_wconf 88' lang='lat' dir='ltr'><strong>movendum</strong></span> <span class='ocrx_word' id='word_1_135' title='bbox 802 2586 978 2660; x_wconf 89' lang='lat' dir='ltr'><strong>sudorem</strong></span> <span class='ocrx_word' id='word_1_136' title='bbox 997 2589 1212 2665; x_wconf 80' lang='lat' dir='ltr'><strong>adhibentur</strong></span> 
     </span>
     <span class='ocr_line' id='line_1_22' title="bbox 134 2697 1205 2800; baseline 0.007 -30"><span class='ocrx_word' id='word_1_137' title='bbox 134 2697 438 2786; x_wconf 86' lang='lat' dir='ltr'><strong>efficacissimum,</strong></span> <span class='ocrx_word' id='word_1_138' title='bbox 463 2708 606 2772; x_wconf 88' lang='lat' dir='ltr'><strong>constat</strong></span> <span class='ocrx_word' id='word_1_139' title='bbox 621 2722 670 2772; x_wconf 86' lang='lat' dir='ltr'><strong>ex</strong></span> <span class='ocrx_word' id='word_1_140' title='bbox 686 2700 772 2796; x_wconf 91' lang='lat' dir='ltr'><strong>opio</strong></span> <span class='ocrx_word' id='word_1_141' title='bbox 787 2708 826 2773; x_wconf 91' lang='lat' dir='ltr'><strong>et</strong></span> <span class='ocrx_word' id='word_1_142' title='bbox 842 2697 1117 2799; x_wconf 67' lang='lat' dir='ltr'><strong>ipecacacaalrm</strong></span> <span class='ocrx_word' id='word_1_143' title='bbox 1136 2703 1205 2800; x_wconf 88' lang='lat' dir='ltr'><strong>qui·</strong></span> 
     </span>
     <span class='ocr_line' id='line_1_23' title="bbox 135 2808 1204 2910; baseline 0.005 -29"><span class='ocrx_word' id='word_1_144' title='bbox 135 2809 205 2882; x_wconf 89' lang='lat' dir='ltr'><strong>bus</strong></span> <span class='ocrx_word' id='word_1_145' title='bbox 220 2808 470 2908; x_wconf 86' lang='lat' dir='ltr'><strong>quadruplum</strong></span> <span class='ocrx_word' id='word_1_146' title='bbox 490 2810 571 2885; x_wconf 88' lang='lat' dir='ltr'><strong>salis</strong></span> <span class='ocrx_word' id='word_1_147' title='bbox 595 2810 770 2887; x_wconf 77' lang='lat' dir='ltr'><strong>neutrius</strong></span> <span class='ocrx_word' id='word_1_148' title='bbox 793 2811 984 2910; x_wconf 88' lang='lat' dir='ltr'><strong>adjectum</strong></span> <span class='ocrx_word' id='word_1_149' title='bbox 1017 2826 1080 2889; x_wconf 87' lang='lat' dir='ltr'><strong>est.</strong></span> <span class='ocrx_word' id='word_1_150' title='bbox 1127 2815 1204 2888; x_wconf 86' lang='lat' dir='ltr'><strong>Hoc</strong></span> 
     </span>
     <span class='ocr_line' id='line_1_24' title="bbox 80 2920 1203 3024; baseline 0.004 -31"><span class='ocrx_word' id='word_1_151' title='bbox 80 2990 87 3001; x_wconf 85' lang='grc'><strong><em>,</em></strong></span> <span class='ocrx_word' id='word_1_152' title='bbox 136 2920 246 2993; x_wconf 92' lang='lat' dir='ltr'><strong>modo</strong></span> <span class='ocrx_word' id='word_1_153' title='bbox 262 2945 385 3019; x_wconf 88' lang='lat' dir='ltr'><strong>neque</strong></span> <span class='ocrx_word' id='word_1_154' title='bbox 408 2947 560 2997; x_wconf 90' lang='lat' dir='ltr'><strong>somnus</strong></span> <span class='ocrx_word' id='word_1_155' title='bbox 576 2949 597 2996; x_wconf 88' lang='lat' dir='ltr'><strong>a</strong></span> <span class='ocrx_word' id='word_1_156' title='bbox 614 2924 699 2998; x_wconf 89' lang='lat' dir='ltr'><strong>satis</strong></span> <span class='ocrx_word' id='word_1_157' title='bbox 716 2922 837 3023; x_wconf 84' lang='lat' dir='ltr'><strong>ampla</strong></span> <span class='ocrx_word' id='word_1_158' title='bbox 852 2925 930 3023; x_wconf 91' lang='lat' dir='ltr'><strong>opii</strong></span> <span class='ocrx_word' id='word_1_159' title='bbox 947 2928 1123 3024; x_wconf 87' lang='lat' dir='ltr'><strong>portione,</strong></span> <span class='ocrx_word' id='word_1_160' title='bbox 1144 2948 1203 2998; x_wconf 87' lang='lat' dir='ltr'><strong>ne·</strong></span> 
     </span>
     <span class='ocr_line' id='line_1_25' title="bbox 136 3035 1208 3136; baseline 0.007 -31"><span class='ocrx_word' id='word_1_161' title='bbox 136 3056 210 3129; x_wconf 89' lang='lat' dir='ltr'><strong>que</strong></span> <span class='ocrx_word' id='word_1_162' title='bbox 225 3035 388 3107; x_wconf 87' lang='lat' dir='ltr'><strong>vomitus</strong></span> <span class='ocrx_word' id='word_1_163' title='bbox 404 3036 452 3107; x_wconf 91' lang='lat' dir='ltr'><strong>ab</strong></span> <span class='ocrx_word' id='word_1_164' title='bbox 468 3035 723 3133; x_wconf 78' lang='lat' dir='ltr'><strong>ipecocucnllc</strong></span> <span class='ocrx_word' id='word_1_165' title='bbox 735 3035 957 3136; x_wconf 82' lang='lat' dir='ltr'><strong>plerumque</strong></span> <span class='ocrx_word' id='word_1_166' title='bbox 970 3040 1148 3124; x_wconf 85' lang='lat' dir='ltr'><strong>efficitur;</strong></span> <span class='ocrx_word' id='word_1_167' title='bbox 1170 3049 1208 3112; x_wconf 89' lang='lat' dir='ltr'><strong>et</strong></span> 
     </span>
     <span class='ocr_line' id='line_1_26' title="bbox 137 3142 1213 3252; baseline 0.009 -36"><span class='ocrx_word' id='word_1_168' title='bbox 137 3145 267 3244; x_wconf 87' lang='lat' dir='ltr'><strong>ingens</strong></span> <span class='ocrx_word' id='word_1_169' title='bbox 295 3142 371 3217; x_wconf 82' lang='lat' dir='ltr'><strong>fere</strong></span> <span class='ocrx_word' id='word_1_170' title='bbox 399 3146 511 3219; x_wconf 88' lang='lat' dir='ltr'><strong>sudor</strong></span> <span class='ocrx_word' id='word_1_171' title='bbox 528 3147 747 3246; x_wconf 86' lang='lat' dir='ltr'><strong>prorumpit.</strong></span> <span class='ocrx_word' id='word_1_172' title='bbox 798 3147 852 3222; x_wconf 80' lang='lat' dir='ltr'><strong>Et</strong></span> <span class='ocrx_word' id='word_1_173' title='bbox 880 3153 1113 3249; x_wconf 79' lang='lat' dir='ltr'><strong>compositio</strong></span> <span class='ocrx_word' id='word_1_174' title='bbox 1129 3152 1213 3252; x_wconf 62' lang='lat' dir='ltr'><strong>ipa,</strong></span> 
     </span>
     <span class='ocr_line' id='line_1_27' title="bbox 137 3250 1213 3357; baseline 0.012 -30"><span class='ocrx_word' id='word_1_175' title='bbox 137 3280 250 3354; x_wconf 85' lang='lat' dir='ltr'><strong>quam</strong></span> <span class='ocrx_word' id='word_1_176' title='bbox 268 3256 379 3330; x_wconf 92' lang='lat' dir='ltr'><strong>multi</strong></span> <span class='ocrx_word' id='word_1_177' title='bbox 396 3258 527 3331; x_wconf 85' lang='lat' dir='ltr'><strong>medici</strong></span> <span class='ocrx_word' id='word_1_178' title='bbox 544 3250 715 3357; x_wconf 83' lang='lat' dir='ltr'><strong>tanquam</strong></span> <span class='ocrx_word' id='word_1_179' title='bbox 734 3260 935 3334; x_wconf 86' lang='lat' dir='ltr'><strong>absurdam</strong></span> <span class='ocrx_word' id='word_1_180' title='bbox 955 3273 1000 3337; x_wconf 89' lang='lat' dir='ltr'><strong>et</strong></span> <span class='ocrx_word' id='word_1_181' title='bbox 1029 3264 1213 3340; x_wconf 83' lang='lat' dir='ltr'><strong>ridiculam</strong></span> 
     </span>
     <span class='ocr_line' id='line_1_28' title="bbox 137 3367 1214 3472; baseline 0.01 -33"><span class='ocrx_word' id='word_1_182' title='bbox 137 3367 225 3440; x_wconf 91' lang='lat' dir='ltr'><strong>olim</strong></span> <span class='ocrx_word' id='word_1_183' title='bbox 256 3370 542 3468; x_wconf 83' lang='lat' dir='ltr'><strong>aspernabantur</strong></span> <span class='ocrx_word' id='word_1_184' title='bbox 570 3382 608 3446; x_wconf 90' lang='lat' dir='ltr'><strong>et</strong></span> <span class='ocrx_word' id='word_1_185' title='bbox 634 3373 887 3472; x_wconf 84' lang='lat' dir='ltr'><strong>repudiabant,</strong></span> <span class='ocrx_word' id='word_1_186' title='bbox 913 3397 1021 3450; x_wconf 93' lang='lat' dir='ltr'><strong>nunc</strong></span> <span class='ocrx_word' id='word_1_187' title='bbox 1047 3378 1214 3453; x_wconf 88' lang='lat' dir='ltr'><strong>omnium</strong></span> 
     </span>
     <span class='ocr_line' id='line_1_29' title="bbox 137 3480 1216 3565; baseline 0.013 -16"><span class='ocrx_word' id='word_1_188' title='bbox 137 3501 315 3552; x_wconf 88' lang='lat' dir='ltr'><strong>consensu</strong></span> <span class='ocrx_word' id='word_1_189' title='bbox 343 3480 537 3554; x_wconf 88' lang='lat' dir='ltr'><strong>utilissima</strong></span> <span class='ocrx_word' id='word_1_190' title='bbox 566 3482 731 3559; x_wconf 88' lang='lat' dir='ltr'><strong>habetur.</strong></span> <span class='ocrx_word' id='word_1_191' title='bbox 782 3485 919 3560; x_wconf 88' lang='lat' dir='ltr'><strong>Fertur</strong></span> <span class='ocrx_word' id='word_1_192' title='bbox 945 3489 1151 3565; x_wconf 85' lang='lat' dir='ltr'><strong>cathartica</strong></span> <span class='ocrx_word' id='word_1_193' title='bbox 1177 3490 1216 3563; x_wconf 84' lang='lat' dir='ltr'><strong>si·</strong></span> 
     </span>
     <span class='ocr_line' id='line_1_30' title="bbox 137 3589 1217 3701; baseline 0.011 -37"><span class='ocrx_word' id='word_1_194' title='bbox 137 3589 275 3664; x_wconf 84' lang='lat' dir='ltr'><strong>militer</strong></span> <span class='ocrx_word' id='word_1_195' title='bbox 291 3615 378 3664; x_wconf 90' lang='lat' dir='ltr'><strong>cum</strong></span> <span class='ocrx_word' id='word_1_196' title='bbox 396 3594 482 3691; x_wconf 90' lang='lat' dir='ltr'><strong>opio</strong></span> <span class='ocrx_word' id='word_1_197' title='bbox 493 3592 635 3690; x_wconf 88' lang='lat' dir='ltr'><strong>juncta,</strong></span> <span class='ocrx_word' id='word_1_198' title='bbox 652 3596 691 3669; x_wconf 93' lang='lat' dir='ltr'><strong>in</strong></span> <span class='ocrx_word' id='word_1_199' title='bbox 702 3596 885 3671; x_wconf 87' lang='lat' dir='ltr'><strong>eliciendo&#39;</strong></span> <span class='ocrx_word' id='word_1_200' title='bbox 893 3598 1030 3674; x_wconf 89' lang='lat' dir='ltr'><strong>sudore</strong></span> <span class='ocrx_word' id='word_1_201' title='bbox 1042 3600 1146 3677; x_wconf 82' lang='lat' dir='ltr'><strong>haud</strong></span> <span class='ocrx_word' id='word_1_202' title='bbox 1163 3624 1217 3701; x_wconf 80' lang='lat' dir='ltr'><strong>pa·</strong></span> 
     </span>
     <span class='ocr_line' id='line_1_31' title="bbox 137 3700 632 3805; baseline 0.012 -29"><span class='ocrx_word' id='word_1_203' title='bbox 137 3727 222 3777; x_wconf 91' lang='lat' dir='ltr'><strong>rum</strong></span> <span class='ocrx_word' id='word_1_204' title='bbox 238 3700 436 3799; x_wconf 85' lang='lat' dir='ltr'><strong>aliquando</strong></span> <span class='ocrx_word' id='word_1_205' title='bbox 453 3707 632 3805; x_wconf 88' lang='lat' dir='ltr'><strong>prodesse.</strong></span> 
     </span>
    </p>

    <p class='ocr_par' dir='ltr' id='par_1_8' title="bbox 188 3820 1220 3924">
     <span class='ocr_line' id='line_1_32' title="bbox 188 3820 1220 3924; baseline 0.012 -36"><span class='ocrx_word' id='word_1_206' title='bbox 188 3837 436 3893; x_wconf 78' lang='lat' dir='ltr'><strong>uccccuxxv.</strong></span> <span class='ocrx_word' id='word_1_207' title='bbox 467 3820 701 3894; x_wconf 87' lang='lat' dir='ltr'><strong>Stimulantia</strong></span> <span class='ocrx_word' id='word_1_208' title='bbox 717 3845 868 3920; x_wconf 87' lang='lat' dir='ltr'><strong>quoque</strong></span> <span class='ocrx_word' id='word_1_209' title='bbox 883 3846 969 3896; x_wconf 89' lang='lat' dir='ltr'><strong>cum</strong></span> <span class='ocrx_word' id='word_1_210' title='bbox 987 3824 1081 3923; x_wconf 80' lang='lat' dir='ltr'><strong>opio</strong></span> <span class='ocrx_word' id='word_1_211' title='bbox 1090 3825 1220 3924; x_wconf 79' lang='lat' dir='ltr'><strong>juncta</strong></span> 
     </span>
    </p>
   </div>
   <div class='ocr_carea' id='block_1_7' title="bbox 137 3926 1222 4256">
    <p class='ocr_par' dir='ltr' id='par_1_9' title="bbox 137 3926 1222 4256">
     <span class='ocr_line' id='line_1_33' title="bbox 137 3926 1220 4035; baseline 0.011 -37"><span class='ocrx_word' id='word_1_212' title='bbox 137 3926 306 4000; x_wconf 90' lang='lat' dir='ltr'><strong>sudorem</strong></span> <span class='ocrx_word' id='word_1_213' title='bbox 324 3926 425 4001; x_wconf 89' lang='lat' dir='ltr'><strong>haud</strong></span> <span class='ocrx_word' id='word_1_214' title='bbox 441 3931 536 4005; x_wconf 85' lang='lat' dir='ltr'><strong>male</strong></span> <span class='ocrx_word' id='word_1_215' title='bbox 553 3932 716 4020; x_wconf 89' lang='lat' dir='ltr'><strong>eliciunt,</strong></span> <span class='ocrx_word' id='word_1_216' title='bbox 740 3957 861 4032; x_wconf 88' lang='lat' dir='ltr'><strong>neque</strong></span> <span class='ocrx_word' id='word_1_217' title='bbox 877 3934 949 4007; x_wconf 92' lang='lat' dir='ltr'><strong>alio</strong></span> <span class='ocrx_word' id='word_1_218' title='bbox 966 3936 1092 4035; x_wconf 84' lang='lat' dir='ltr'><strong>magis</strong></span> <span class='ocrx_word' id='word_1_219' title='bbox 1108 3962 1220 4011; x_wconf 87' lang='lat' dir='ltr'><strong>reme-</strong></span> 
     </span>
     <span class='ocr_line' id='line_1_34' title="bbox 137 4036 1222 4143; baseline 0.014 -35"><span class='ocrx_word' id='word_1_220' title='bbox 137 4036 200 4109; x_wconf 93' lang='lat' dir='ltr'><strong>dio</strong></span> <span class='ocrx_word' id='word_1_221' title='bbox 217 4062 328 4134; x_wconf 86' lang='lat' dir='ltr'><strong>quam</strong></span> <span class='ocrx_word' id='word_1_222' title='bbox 346 4038 409 4112; x_wconf 89' lang='lat' dir='ltr'><strong>tali</strong></span> <span class='ocrx_word' id='word_1_223' title='bbox 426 4044 692 4140; x_wconf 87' lang='lat' dir='ltr'><strong>compositione</strong></span> <span class='ocrx_word' id='word_1_224' title='bbox 707 4070 774 4143; x_wconf 89' lang='lat' dir='ltr'><strong>per</strong></span> <span class='ocrx_word' id='word_1_225' title='bbox 790 4047 909 4120; x_wconf 82' lang='lat' dir='ltr'><strong>multa</strong></span> <span class='ocrx_word' id='word_1_226' title='bbox 934 4048 1060 4121; x_wconf 88' lang='lat' dir='ltr'><strong>secula</strong></span> <span class='ocrx_word' id='word_1_227' title='bbox 1088 4051 1222 4125; x_wconf 85' lang='lat' dir='ltr'><strong>medici</strong></span> 
     </span>
     <span class='ocr_line' id='line_1_35' title="bbox 137 4146 1222 4256; baseline 0.016 -36"><span class='ocrx_word' id='word_1_228' title='bbox 137 4146 194 4220; x_wconf 90' lang='lat' dir='ltr'><strong>usi</strong></span> <span class='ocrx_word' id='word_1_229' title='bbox 207 4159 305 4237; x_wconf 88' lang='lat' dir='ltr'><strong>sunt,</strong></span> <span class='ocrx_word' id='word_1_230' title='bbox 323 4151 388 4226; x_wconf 92' lang='lat' dir='ltr'><strong>ubi</strong></span> <span class='ocrx_word' id='word_1_231' title='bbox 399 4151 468 4226; x_wconf 87' lang='lat' dir='ltr'><strong>illis</strong></span> <span class='ocrx_word' id='word_1_232' title='bbox 481 4154 651 4230; x_wconf 89' lang='lat' dir='ltr'><strong>sudorem</strong></span> <span class='ocrx_word' id='word_1_233' title='bbox 664 4180 860 4256; x_wconf 78' lang='lat' dir='ltr'><strong>provocare</strong></span> <span class='ocrx_word' id='word_1_234' title='bbox 871 4157 1083 4234; x_wconf 83' lang='lat' dir='ltr'><strong>videbatur.</strong></span> <span class='ocrx_word' id='word_1_235' title='bbox 1140 4163 1222 4236; x_wconf 88' lang='lat' dir='ltr'><strong>Hu-</strong></span> 
     </span>
    </p>
   </div>
   <div class='ocr_carea' id='block_1_8' title="bbox 0 0 1363 4792">
    <p class='ocr_par' dir='ltr' id='par_1_10' title="bbox 0 0 1363 4792">
     <span class='ocr_line' id='line_1_36' title="bbox 0 0 1363 4792; baseline 0 0"><span class='ocrx_word' id='word_1_236' title='bbox 0 0 1363 4792; x_wconf 95' lang='lat' dir='ltr'><strong> </strong></span> 
     </span>
    </p>
   </div>
  </div>
 </body>
</html>
