2678 4794
100 336 188 393 ω.
206 336 321 390 xxxr.
403 294 622 389 nemorum
641 335 927 392 rnnonrrrcis.
1110 325 1181 401 419

96 538 166 594 ‚cus
192 505 234 587 ac
262 510 414 585 alterum
444 535 562 612 genus
590 512 734 608 (mccx)
764 537 831 610 pro
858 511 1102 588 excitantibus
1125 536 1179 585 re-

97 624 230 698 mediis
259 624 445 699 intenlum
474 649 551 698 esse
576 624 797 722 profuturos,
827 625 858 698 si
876 625 986 699 modo
1012 624 1177 723 regimen

96 746 137 809 et
152 736 419 810 administratio
436 761 563 810 eorum
592 736 709 833 magis
735 760 846 833 penes
863 737 1023 810 medicos
1047 745 1177 809 essent.

95 847 229 945 Neque
257 847 421 946 profecto
450 848 598 923 defuere
627 846 796 945 exempla
829 847 928 954 haud
957 873 1082 946 pauca,
1112 847 1177 922 ubi

92 958 183 1034 tales
211 960 327 1033 animi
354 959 517 1046 affectus,
542 962 619 1035 sive
645 984 729 1034 casu
747 961 824 1033 sive
848 959 999 1034 consilio
1014 961 1175 1046 excitati,

92 1071 134 1144 in
162 1072 271 1145 variis
300 1071 437 1145 morbis
467 1070 746 1146 saluberrimum
781 1071 953 1147 effectum
987 1072 1174 1146 sedantem

94 1183 355 1281 prestiterim
381 1182 499 1257 veluti
524 1185 562 1256 in
593 1181 754 1256 febribus
771 1183 1113 1284 intermittentibus,
1135 1187 1176 1258 in

94 1294 245 1382 insania,
270 1296 309 1367 in
339 1296 469 1368 morbo
497 1293 681 1380 comitiali,
711 1300 749 1367 et
774 1297 813 1367 in
830 1296 959 1370 morbo
980 1295 1176 1393 hyster-ico,

95 1408 161 1484 dac.
211 1405 346 1479 Fertur
362 1406 473 1479 etiam
501 1403 697 1478 nonnullos
715 1406 860 1493 morbos
885 1408 1037 1481 animia
1058 1407 1175 1506 {rene-

95 1516 154 1590 ris
186 1516 332 1593 nervosi
364 1516 567 1594 mobilitate
599 1516 811 1616 pendentes,
844 1518 1002 1618 ideoque
1034 1518 1175 1618 aliquid

93 1628 248 1703 remedii
264 1629 422 1705 sedantis
439 1621 678 1726 requirentes
703 1631 800 1704 inter
816 1640 927 1705 aestus
953 1629 1038 1705 belli
1055 1630 1173 1706 civilis

92 1742 210 1816 rarius
238 1740 409 1829 accidere,
439 1739 499 1814 vel
525 1741 555 1813 si
583 1741 685 1838 prius
710 1742 972 1829 incubuissent,
1001 1750 1084 1815 tum
1101 1742 1176 1816 fere

94 1875 230 1928 cessare
258 1863 298 1928 et
325 1854 428 1951 quasi
454 1851 545 1940 tolli,
571 1876 658 1927 cum
691 1854 830 1928 civium
857 1855 972 1928 animi
1000 1853 1173 1953 gravibus

95 1965 192 2040 curis
220 1975 259 2040 et
285 1964 591 2040 sollicitudinibus
618 1966 695 2039 sive
724 1966 878 2063 publicis
912 1967 990 2041 sive
1022 1967 1174 2066 privatis

94 2079 265 2175 occupati
296 2088 335 2152 et
363 2077 507 2151 lacerati
540 2087 680 2162 essent;
714 2089 752 2152 et
784 2080 901 2176 magis
933 2089 1073 2153 certum
1107 2086 1174 2167 est,

95 2187 294 2264 nonnullos
323 2189 456 2262 talibus
473 2187 607 2262 morbis
623 2186 836 2274 laborantes,
866 2189 935 2263 sub
951 2191 1174 2287 gravissimis

94 2301 269 2375 aerumnis
285 2300 502 2385 domesticis,
529 2297 654 2396 quales
683 2297 832 2371 forsitan
849 2298 1040 2373 validiores
1056 2300 1175 2373 homi·

95 2435 161 2486 nes
176 2413 449 2511 oppressissent,
466 2409 654 2485 interdum
666 2417 798 2507 praeter
807 2433 957 2484 omnem
974 2434 1077 2510 spem
1090 2434 1176 2486 con·

20 2604 23 2609 ,
95 2522 262 2600 valuisse.
436 2516 442 2528 ’

145 2657 318 2714 arcemn.
344 2640 432 2715 Non
459 2649 583 2713 tamen
601 2636 908 2714 dissimulandum
927 2647 984 2713 est
999 2635 1174 2737 pleraque

94 2746 308 2848 hujusmodi
324 2751 580 2850 exemplorum
597 2751 712 2826 dubio
736 2762 773 2825 et
796 2751 1000 2851 suspicione
1016 2749 1176 2849 quadam

94 2883 171 2936 non
189 2866 336 2962 penitus
352 2889 496 2955 carere,
524 2864 659 2939 scilicet
676 2888 723 2938 ne
739 2864 843 2963 gravi
859 2862 913 2939 illi
928 2863 1043 2937 animi
1069 2860 1175 2942 affec

95 2974 152 3048 tui
169 2977 237 3072 qui
265 2977 456 3052 manifeste
471 2978 574 3052 adest
598 2976 816 3051 beneficium
841 2975 942 3050 istud
959 2975 1176 3060 tribuamus,

95 3086 198 3181 quod
214 3091 431 3163 econtrario
448 3115 592 3188 prorsus
609 3087 755 3174 affectu,
784 3087 901 3186 magis
917 3087 1082 3174 obscuro,
1112 3085 1176 3161 sed

95 3219 172 3270 non
191 3199 312 3274 minus
341 3216 528 3298 praesente,
557 3201 753 3283 derivetur.
806 3199 895 3298 Spes
924 3200 1024 3272 enim
1050 3195 1177 3271 melio·

95 3331 190 3397 rum,
219 3335 305 3410 quae
321 3324 467 3409 pectora
483 3312 683 3387 infelicium
700 3335 780 3385 raro
797 3310 941 3397 deserit,
971 3319 1010 3382 et
1025 3331 1120 3406 saepe
1136 3309 1177 3380 in

95 3421 206 3496 rebus
221 3422 380 3498 adversis
398 3425 559 3498 maxime
576 3424 689 3520 viget,
715 3434 755 3498 et
782 3431 960 3521 perpetua
986 3419 1178 3518 occupatio

93 3534 210 3607 animi
227 3536 371 3634 magnis
388 3561 451 3610 seu
467 3534 624 3634 publicis
640 3558 704 3608 seu
721 3535 872 3646 ppivatis
897 3533 1005 3608 rebus
1029 3531 1177 3620 intenti,

86 3656 132 3719 et
170 3647 372 3733 conamina,
410 3647 581 3744 quamvis
606 3668 735 3742 parum
769 3645 897 3731 fausta,
933 3643 1036 3719 fortis
1061 3644 1177 3719 animi

93 3780 183 3833 cum
211 3757 321 3833 rebus
351 3759 510 3835 adversis
537 3755 789 3843 conflictantis,
817 3755 928 3853 longe
952 3756 1022 3830 alia
1043 3768 1087 3830 ret
1104 3778 1176 3829 ma·

93 3868 150 3967 gis
165 3881 266 3944 certa
282 3872 423 3949 ratione
440 3870 480 3943 in
496 3868 624 3944 multis
640 3868 776 3942 morbis
793 3867 962 3967 prodesse
977 3876 1141 3968 possunt.

141 4003 313 4058 arcem.
333 3983 506 4083 Superest
521 3990 561 4055 et
577 4005 650 4056 una
666 3979 735 4054 alia
751 4004 817 4067 res,
846 4005 932 4079 quae
947 3981 1044 4055 inter
1060 4000 1175 4051 reme·

93 4090 152 4167 dia
181 4093 347 4211 sedentia
375 4094 579 4194 plurimum
607 4092 717 4181 valet,
740 4101 780 4166 et
808 4093 848 4166 in
874 4090 1003 4166 multis
1027 4090 1174 4172 morbis,

93 4226 176 4280 cum
195 4229 337 4305 magno,
350 4207 582 4284 solicitudine
582 4214 652 4392 1'etd
664 4229 761 4394 {ura
794 4214 834 4311 et
849 4227 944 4304 saepe
960 4225 1046 4277 cum
1063 4200 1173 4296 insig-
