<?xml version="1.0" encoding="UTF-8"?>
<!DOCTYPE html PUBLIC "-//W3C//DTD XHTML 1.0 Transitional//EN"
    "http://www.w3.org/TR/xhtml1/DTD/xhtml1-transitional.dtd">
<html xmlns="http://www.w3.org/1999/xhtml" xml:lang="en" lang="en">
 <head>
  <title>
</title>
<meta http-equiv="Content-Type" content="text/html;charset=utf-8" />
  <meta name='ocr-system' content='tesseract 3.04.00' />
  <meta name='ocr-capabilities' content='ocr_page ocr_carea ocr_par ocr_line ocrx_word'/>
</head>
<body>
  <div class='ocr_page' id='page_1' title='image "./conspectusmedic01greggoog_0589.png"; bbox 0 0 2678 4794; ppageno 0'>
   <div class='ocr_carea' id='block_1_1' title="bbox 138 336 1235 405">
    <p class='ocr_par' dir='ltr' id='par_1_1' title="bbox 138 336 1235 405">
     <span class='ocr_line' id='line_1_1' title="bbox 138 336 1235 405; baseline -0.009 -1"><span class='ocrx_word' id='word_1_1' title='bbox 138 336 212 405; x_wconf 67' lang='lat'>540</span> <span class='ocrx_word' id='word_1_2' title='bbox 558 337 810 396; x_wconf 65' lang='lat' dir='ltr'>consPEcTUs</span> <span class='ocrx_word' id='word_1_3' title='bbox 972 336 1068 393; x_wconf 77' lang='lat' dir='ltr'>car.</span> <span class='ocrx_word' id='word_1_4' title='bbox 1088 337 1235 394; x_wconf 65' lang='lat' dir='ltr'>xxxta</span> 
     </span>
    </p>
   </div>
   <div class='ocr_carea' id='block_1_2' title="bbox 89 503 1236 4324">
    <p class='ocr_par' dir='ltr' id='par_1_2' title="bbox 136 503 1236 1602">
     <span class='ocr_line' id='line_1_2' title="bbox 140 503 1236 620; baseline -0.01 -19"><span class='ocrx_word' id='word_1_5' title='bbox 140 503 269 611; x_wconf 83' lang='lat' dir='ltr'>calore,</span> <span class='ocrx_word' id='word_1_6' title='bbox 293 530 333 595; x_wconf 91' lang='lat' dir='ltr'>et</span> <span class='ocrx_word' id='word_1_7' title='bbox 349 518 522 620; x_wconf 86' lang='lat' dir='ltr'>gravibus</span> <span class='ocrx_word' id='word_1_8' title='bbox 538 518 636 593; x_wconf 85' lang='lat' dir='ltr'>uteri</span> <span class='ocrx_word' id='word_1_9' title='bbox 651 513 943 612; x_wconf 80' lang='lat' dir='ltr'>lumborumque</span> <span class='ocrx_word' id='word_1_10' title='bbox 959 512 1176 603; x_wconf 88' lang='lat' dir='ltr'>doloribus,</span> <span class='ocrx_word' id='word_1_11' title='bbox 1200 526 1236 590; x_wconf 85' lang='lat' dir='ltr'>ct</span> 
     </span>
     <span class='ocr_line' id='line_1_3' title="bbox 139 625 1235 728; baseline -0.011 -14"><span class='ocrx_word' id='word_1_12' title='bbox 139 661 286 723; x_wconf 83' lang='lat' dir='ltr'>nausea,</span> <span class='ocrx_word' id='word_1_13' title='bbox 310 645 348 708; x_wconf 86' lang='lat' dir='ltr'>et</span> <span class='ocrx_word' id='word_1_14' title='bbox 365 634 522 716; x_wconf 86' lang='lat' dir='ltr'>vomitu,</span> <span class='ocrx_word' id='word_1_15' title='bbox 546 630 700 728; x_wconf 80' lang='lat' dir='ltr'>aliisque</span> <span class='ocrx_word' id='word_1_16' title='bbox 717 628 830 727; x_wconf 87' lang='lat' dir='ltr'>signis</span> <span class='ocrx_word' id='word_1_17' title='bbox 847 625 1051 701; x_wconf 81' lang='lat' dir='ltr'>ventriculi</span> <span class='ocrx_word' id='word_1_18' title='bbox 1079 625 1184 701; x_wconf 84' lang='lat' dir='ltr'>male</span> <span class='ocrx_word' id='word_1_19' title='bbox 1199 646 1235 702; x_wconf 80' lang='lat' dir='ltr'>se</span> 
     </span>
     <span class='ocr_line' id='line_1_4' title="bbox 141 739 1232 845; baseline -0.008 -21"><span class='ocrx_word' id='word_1_20' title='bbox 141 749 320 834; x_wconf 86' lang='lat' dir='ltr'>habentis,</span> <span class='ocrx_word' id='word_1_21' title='bbox 345 757 384 820; x_wconf 93' lang='lat' dir='ltr'>et</span> <span class='ocrx_word' id='word_1_22' title='bbox 398 745 527 845; x_wconf 86' lang='lat' dir='ltr'>capitis</span> <span class='ocrx_word' id='word_1_23' title='bbox 543 742 669 816; x_wconf 88' lang='lat' dir='ltr'>dolore</span> <span class='ocrx_word' id='word_1_24' title='bbox 691 750 732 815; x_wconf 89' lang='lat' dir='ltr'>et</span> <span class='ocrx_word' id='word_1_25' title='bbox 756 739 950 839; x_wconf 86' lang='lat' dir='ltr'>gravitate,</span> <span class='ocrx_word' id='word_1_26' title='bbox 974 740 1232 840; x_wconf 79' lang='lat' dir='ltr'>omnibusque</span> 
     </span>
     <span class='ocr_line' id='line_1_5' title="bbox 141 852 1229 955; baseline -0.006 -20"><span class='ocrx_word' id='word_1_27' title='bbox 141 862 293 935; x_wconf 88' lang='lat' dir='ltr'>demum</span> <span class='ocrx_word' id='word_1_28' title='bbox 311 860 409 934; x_wconf 87' lang='lat' dir='ltr'>notis</span> <span class='ocrx_word' id='word_1_29' title='bbox 425 857 613 955; x_wconf 83' lang='lat' dir='ltr'>sanguinis</span> <span class='ocrx_word' id='word_1_30' title='bbox 639 854 687 929; x_wconf 91' lang='lat' dir='ltr'>ab</span> <span class='ocrx_word' id='word_1_31' title='bbox 711 865 818 928; x_wconf 91' lang='lat' dir='ltr'>utero</span> <span class='ocrx_word' id='word_1_32' title='bbox 842 852 946 951; x_wconf 90' lang='lat' dir='ltr'>quasi</span> <span class='ocrx_word' id='word_1_33' title='bbox 976 852 1091 951; x_wconf 84' lang='lat' dir='ltr'>pulsi,</span> <span class='ocrx_word' id='word_1_34' title='bbox 1120 855 1229 952; x_wconf 90' lang='lat' dir='ltr'>inque</span> 
     </span>
     <span class='ocr_line' id='line_1_6' title="bbox 141 965 1228 1070; baseline -0.006 -24"><span class='ocrx_word' id='word_1_35' title='bbox 141 974 230 1046; x_wconf 87' lang='lat' dir='ltr'>alias</span> <span class='ocrx_word' id='word_1_36' title='bbox 246 973 337 1045; x_wconf 88' lang='lat' dir='ltr'>adeo</span> <span class='ocrx_word' id='word_1_37' title='bbox 350 979 469 1070; x_wconf 89' lang='lat' dir='ltr'>partes</span> <span class='ocrx_word' id='word_1_38' title='bbox 482 968 647 1042; x_wconf 85' lang='lat' dir='ltr'>derivati.</span> <span class='ocrx_word' id='word_1_39' title='bbox 684 967 731 1039; x_wconf 94' lang='lat' dir='ltr'>In</span> <span class='ocrx_word' id='word_1_40' title='bbox 742 966 812 1040; x_wconf 92' lang='lat' dir='ltr'>boc</span> <span class='ocrx_word' id='word_1_41' title='bbox 825 974 934 1052; x_wconf 89' lang='lat' dir='ltr'>statu,</span> <span class='ocrx_word' id='word_1_42' title='bbox 952 965 1100 1063; x_wconf 91' lang='lat' dir='ltr'>opium,</span> <span class='ocrx_word' id='word_1_43' title='bbox 1118 967 1228 1040; x_wconf 88' lang='lat' dir='ltr'>etiam</span> 
     </span>
     <span class='ocr_line' id='line_1_7' title="bbox 140 1076 1225 1182; baseline -0.005 -26"><span class='ocrx_word' id='word_1_44' title='bbox 140 1107 209 1182; x_wconf 89' lang='lat' dir='ltr'>per</span> <span class='ocrx_word' id='word_1_45' title='bbox 220 1109 261 1157; x_wconf 88' lang='lat' dir='ltr'>os</span> <span class='ocrx_word' id='word_1_46' title='bbox 272 1092 477 1181; x_wconf 77' lang='lat' dir='ltr'>sumptum,</span> <span class='ocrx_word' id='word_1_47' title='bbox 489 1103 678 1180; x_wconf 61' lang='lat' dir='ltr'>spasmum</span> <span class='ocrx_word' id='word_1_48' title='bbox 691 1076 810 1164; x_wconf 86' lang='lat' dir='ltr'>solvit,</span> <span class='ocrx_word' id='word_1_49' title='bbox 821 1100 905 1152; x_wconf 87' lang='lat' dir='ltr'>vasa</span> <span class='ocrx_word' id='word_1_50' title='bbox 918 1088 1035 1174; x_wconf 90' lang='lat' dir='ltr'>atque</span> <span class='ocrx_word' id='word_1_51' title='bbox 1046 1076 1225 1151; x_wconf 86' lang='lat' dir='ltr'>foramina</span> 
     </span>
     <span class='ocr_line' id='line_1_8' title="bbox 140 1188 1225 1290; baseline -0.003 -23"><span class='ocrx_word' id='word_1_52' title='bbox 140 1195 236 1289; x_wconf 81' lang='lat' dir='ltr'>uteri</span> <span class='ocrx_word' id='word_1_53' title='bbox 263 1194 373 1279; x_wconf 85' lang='lat' dir='ltr'>laxat,</span> <span class='ocrx_word' id='word_1_54' title='bbox 400 1204 438 1267; x_wconf 90' lang='lat' dir='ltr'>et</span> <span class='ocrx_word' id='word_1_55' title='bbox 455 1195 506 1267; x_wconf 91' lang='lat' dir='ltr'>sic</span> <span class='ocrx_word' id='word_1_56' title='bbox 523 1191 695 1290; x_wconf 88' lang='lat' dir='ltr'>sanguini</span> <span class='ocrx_word' id='word_1_57' title='bbox 719 1213 785 1287; x_wconf 87' lang='lat' dir='ltr'>per</span> <span class='ocrx_word' id='word_1_58' title='bbox 812 1188 920 1262; x_wconf 90' lang='lat' dir='ltr'>illum</span> <span class='ocrx_word' id='word_1_59' title='bbox 949 1188 1105 1263; x_wconf 84' lang='lat' dir='ltr'>exitum</span> <span class='ocrx_word' id='word_1_60' title='bbox 1136 1214 1225 1289; x_wconf 84' lang='lat' dir='ltr'>saepe</span> 
     </span>
     <span class='ocr_line' id='line_1_9' title="bbox 139 1301 1224 1398; baseline -0.004 -20"><span class='ocrx_word' id='word_1_61' title='bbox 139 1305 330 1389; x_wconf 88' lang='lat' dir='ltr'>conciliat;</span> <span class='ocrx_word' id='word_1_62' title='bbox 357 1305 422 1378; x_wconf 88' lang='lat' dir='ltr'>sed</span> <span class='ocrx_word' id='word_1_63' title='bbox 438 1304 561 1378; x_wconf 90' lang='lat' dir='ltr'>multo</span> <span class='ocrx_word' id='word_1_64' title='bbox 577 1305 653 1378; x_wconf 90' lang='lat' dir='ltr'>fere</span> <span class='ocrx_word' id='word_1_65' title='bbox 670 1301 850 1375; x_wconf 88' lang='lat' dir='ltr'>efficacius</span> <span class='ocrx_word' id='word_1_66' title='bbox 874 1301 1071 1398; x_wconf 85' lang='lat' dir='ltr'>reperitur,</span> <span class='ocrx_word' id='word_1_67' title='bbox 1098 1303 1140 1374; x_wconf 92' lang='lat' dir='ltr'>in</span> <span class='ocrx_word' id='word_1_68' title='bbox 1156 1303 1224 1375; x_wconf 84' lang='lat' dir='ltr'>ima</span> 
     </span>
     <span class='ocr_line' id='line_1_10' title="bbox 139 1411 1221 1515; baseline -0.001 -27"><span class='ocrx_word' id='word_1_69' title='bbox 139 1417 315 1490; x_wconf 87' lang='lat' dir='ltr'>intestina</span> <span class='ocrx_word' id='word_1_70' title='bbox 330 1440 397 1514; x_wconf 87' lang='lat' dir='ltr'>per</span> <span class='ocrx_word' id='word_1_71' title='bbox 413 1416 606 1515; x_wconf 72' lang='lat' dir='ltr'>clysterem</span> <span class='ocrx_word' id='word_1_72' title='bbox 624 1413 788 1488; x_wconf 90' lang='lat' dir='ltr'>infusum</span> <span class='ocrx_word' id='word_1_73' title='bbox 803 1441 812 1499; x_wconf 87' lang='grc'><strong>;</strong></span> <span class='ocrx_word' id='word_1_74' title='bbox 837 1411 943 1510; x_wconf 88' lang='lat' dir='ltr'>cujus</span> <span class='ocrx_word' id='word_1_75' title='bbox 967 1413 1022 1486; x_wconf 92' lang='lat' dir='ltr'>rei</span> <span class='ocrx_word' id='word_1_76' title='bbox 1047 1414 1147 1487; x_wconf 84' lang='lat' dir='ltr'>ratio</span> <span class='ocrx_word' id='word_1_77' title='bbox 1162 1413 1221 1487; x_wconf 91' lang='lat' dir='ltr'>mi·</span> 
     </span>
     <span class='ocr_line' id='line_1_11' title="bbox 136 1527 492 1602; baseline 0.006 -2"><span class='ocrx_word' id='word_1_78' title='bbox 136 1528 242 1601; x_wconf 88' lang='lat' dir='ltr'>nime</span> <span class='ocrx_word' id='word_1_79' title='bbox 256 1527 411 1601; x_wconf 85' lang='lat' dir='ltr'>obscura</span> <span class='ocrx_word' id='word_1_80' title='bbox 426 1538 492 1602; x_wconf 87' lang='lat' dir='ltr'>est.</span> 
     </span>
    </p>

    <p class='ocr_par' dir='ltr' id='par_1_3' title="bbox 127 1636 1221 3406">
     <span class='ocr_line' id='line_1_12' title="bbox 189 1636 1221 1739; baseline -0.001 -25"><span class='ocrx_word' id='word_1_81' title='bbox 189 1661 369 1714; x_wconf 73' lang='lat' dir='ltr'>Motum.</span> <span class='ocrx_word' id='word_1_82' title='bbox 388 1639 534 1714; x_wconf 87' lang='lat' dir='ltr'>Eodem</span> <span class='ocrx_word' id='word_1_83' title='bbox 547 1638 622 1712; x_wconf 87' lang='lat' dir='ltr'>fere</span> <span class='ocrx_word' id='word_1_84' title='bbox 632 1637 793 1724; x_wconf 87' lang='lat' dir='ltr'>consilio,</span> <span class='ocrx_word' id='word_1_85' title='bbox 809 1646 848 1710; x_wconf 92' lang='lat' dir='ltr'>et</span> <span class='ocrx_word' id='word_1_86' title='bbox 860 1659 955 1735; x_wconf 75' lang='lat' dir='ltr'>saepe</span> <span class='ocrx_word' id='word_1_87' title='bbox 967 1636 1073 1710; x_wconf 91' lang='lat' dir='ltr'>baud</span> <span class='ocrx_word' id='word_1_88' title='bbox 1086 1639 1221 1739; x_wconf 86' lang='lat' dir='ltr'>exiguo</span> 
     </span>
     <span class='ocr_line' id='line_1_13' title="bbox 137 1747 1220 1847; baseline -0.002 -20"><span class='ocrx_word' id='word_1_89' title='bbox 137 1777 228 1828; x_wconf 85' lang='lat' dir='ltr'>cum</span> <span class='ocrx_word' id='word_1_90' title='bbox 245 1775 423 1839; x_wconf 85' lang='lat' dir='ltr'>suooessu,</span> <span class='ocrx_word' id='word_1_91' title='bbox 448 1751 488 1824; x_wconf 93' lang='lat' dir='ltr'>in</span> <span class='ocrx_word' id='word_1_92' title='bbox 517 1747 697 1824; x_wconf 84' lang='lat' dir='ltr'>similibus</span> <span class='ocrx_word' id='word_1_93' title='bbox 725 1750 867 1823; x_wconf 86' lang='lat' dir='ltr'>casibus</span> <span class='ocrx_word' id='word_1_94' title='bbox 885 1750 1160 1847; x_wconf 78' lang='lat' dir='ltr'>praecipiuntur</span> <span class='ocrx_word' id='word_1_95' title='bbox 1174 1775 1220 1824; x_wconf 78' lang='lat' dir='ltr'>re·</span> 
     </span>
     <span class='ocr_line' id='line_1_14' title="bbox 138 1860 1220 1962; baseline -0.002 -24"><span class='ocrx_word' id='word_1_96' title='bbox 138 1865 260 1938; x_wconf 87' lang='lat' dir='ltr'>media</span> <span class='ocrx_word' id='word_1_97' title='bbox 272 1865 447 1962; x_wconf 85' lang='lat' dir='ltr'>quaedam</span> <span class='ocrx_word' id='word_1_98' title='bbox 470 1861 695 1936; x_wconf 84' lang='lat' dir='ltr'>emollientia</span> <span class='ocrx_word' id='word_1_99' title='bbox 719 1872 758 1934; x_wconf 91' lang='lat' dir='ltr'>et</span> <span class='ocrx_word' id='word_1_100' title='bbox 786 1860 1023 1949; x_wconf 83' lang='lat' dir='ltr'>infirmantia,</span> <span class='ocrx_word' id='word_1_101' title='bbox 1040 1871 1082 1935; x_wconf 86' lang='lat' dir='ltr'>et</span> <span class='ocrx_word' id='word_1_102' title='bbox 1100 1861 1220 1962; x_wconf 86' lang='lat' dir='ltr'>impri-</span> 
     </span>
     <span class='ocr_line' id='line_1_15' title="bbox 137 1972 1218 2073; baseline 0.003 -26"><span class='ocrx_word' id='word_1_103' title='bbox 137 1977 207 2048; x_wconf 90' lang='lat' dir='ltr'>mis</span> <span class='ocrx_word' id='word_1_104' title='bbox 223 1972 447 2049; x_wconf 78' lang='lat' dir='ltr'>evacuantis.</span> <span class='ocrx_word' id='word_1_105' title='bbox 499 1972 628 2046; x_wconf 84' lang='lat' dir='ltr'>Etiam</span> <span class='ocrx_word' id='word_1_106' title='bbox 641 1973 830 2071; x_wconf 89' lang='lat' dir='ltr'>sanguinis</span> <span class='ocrx_word' id='word_1_107' title='bbox 841 1972 1020 2047; x_wconf 83' lang='lat' dir='ltr'>detractio</span> <span class='ocrx_word' id='word_1_108' title='bbox 1037 1998 1138 2073; x_wconf 80' lang='lat' dir='ltr'>saepe</span> <span class='ocrx_word' id='word_1_109' title='bbox 1154 1975 1218 2050; x_wconf 86' lang='lat' dir='ltr'>uti·</span> 
     </span>
     <span class='ocr_line' id='line_1_16' title="bbox 134 2084 1218 2183; baseline 0.004 -26"><span class='ocrx_word' id='word_1_110' title='bbox 134 2084 190 2172; x_wconf 90' lang='lat' dir='ltr'>lis,</span> <span class='ocrx_word' id='word_1_111' title='bbox 215 2085 404 2158; x_wconf 90' lang='lat' dir='ltr'>interdum</span> <span class='ocrx_word' id='word_1_112' title='bbox 422 2109 570 2182; x_wconf 89' lang='lat' dir='ltr'>prorsus</span> <span class='ocrx_word' id='word_1_113' title='bbox 587 2085 807 2170; x_wconf 81' lang='lat' dir='ltr'>necessaria3</span> <span class='ocrx_word' id='word_1_114' title='bbox 833 2084 1036 2183; x_wconf 57' lang='lat' dir='ltr'>presertim</span> <span class='ocrx_word' id='word_1_115' title='bbox 1067 2087 1110 2159; x_wconf 92' lang='lat' dir='ltr'>in</span> <span class='ocrx_word' id='word_1_116' title='bbox 1139 2109 1218 2162; x_wconf 86' lang='lat' dir='ltr'>casu</span> 
     </span>
     <span class='ocr_line' id='line_1_17' title="bbox 135 2196 1217 2296; baseline 0.001 -25"><span class='ocrx_word' id='word_1_117' title='bbox 135 2206 293 2286; x_wconf 84' lang='lat' dir='ltr'>recente,</span> <span class='ocrx_word' id='word_1_118' title='bbox 308 2199 350 2272; x_wconf 92' lang='lat' dir='ltr'>in</span> <span class='ocrx_word' id='word_1_119' title='bbox 366 2207 516 2272; x_wconf 88' lang='lat' dir='ltr'>vetusto</span> <span class='ocrx_word' id='word_1_120' title='bbox 533 2197 634 2272; x_wconf 90' lang='lat' dir='ltr'>enim</span> <span class='ocrx_word' id='word_1_121' title='bbox 650 2196 714 2272; x_wconf 87' lang='lat' dir='ltr'>tali</span> <span class='ocrx_word' id='word_1_122' title='bbox 733 2198 847 2272; x_wconf 88' lang='lat' dir='ltr'>rarius</span> <span class='ocrx_word' id='word_1_123' title='bbox 863 2220 958 2296; x_wconf 93' lang='lat' dir='ltr'>opus</span> <span class='ocrx_word' id='word_1_124' title='bbox 982 2206 1042 2271; x_wconf 90' lang='lat' dir='ltr'>est</span> <span class='ocrx_word' id='word_1_125' title='bbox 1070 2198 1217 2272; x_wconf 85' lang='lat' dir='ltr'>auxilio.</span> 
     </span>
     <span class='ocr_line' id='line_1_18' title="bbox 135 2309 1217 2410; baseline -0.002 -25"><span class='ocrx_word' id='word_1_126' title='bbox 135 2309 224 2385; x_wconf 88' lang='lat' dir='ltr'>Non</span> <span class='ocrx_word' id='word_1_127' title='bbox 265 2334 351 2386; x_wconf 88' lang='lat' dir='ltr'>sane</span> <span class='ocrx_word' id='word_1_128' title='bbox 388 2311 661 2410; x_wconf 73' lang='lat' dir='ltr'>expectandum</span> <span class='ocrx_word' id='word_1_129' title='bbox 695 2320 750 2385; x_wconf 89' lang='lat' dir='ltr'>est</span> <span class='ocrx_word' id='word_1_130' title='bbox 787 2311 881 2384; x_wconf 91' lang='lat' dir='ltr'>hanc</span> <span class='ocrx_word' id='word_1_131' title='bbox 913 2309 1217 2399; x_wconf 81' lang='lat' dir='ltr'>exinanitionem,</span> 
     </span>
     <span class='ocr_line' id='line_1_19' title="bbox 135 2422 1217 2523; baseline 0.002 -26"><span class='ocrx_word' id='word_1_132' title='bbox 135 2425 306 2521; x_wconf 89' lang='lat' dir='ltr'>quamvis</span> <span class='ocrx_word' id='word_1_133' title='bbox 336 2422 545 2523; x_wconf 88' lang='lat' dir='ltr'>quadruplo</span> <span class='ocrx_word' id='word_1_134' title='bbox 573 2423 690 2497; x_wconf 83' lang='lat' dir='ltr'>forsan</span> <span class='ocrx_word' id='word_1_135' title='bbox 722 2423 916 2523; x_wconf 83' lang='lat' dir='ltr'>largiorem</span> <span class='ocrx_word' id='word_1_136' title='bbox 944 2423 1108 2498; x_wconf 85' lang='lat' dir='ltr'>naturali</span> <span class='ocrx_word' id='word_1_137' title='bbox 1137 2447 1217 2522; x_wconf 78' lang='lat' dir='ltr'>quae</span> 
     </span>
     <span class='ocr_line' id='line_1_20' title="bbox 135 2534 1216 2635; baseline 0.003 -27"><span class='ocrx_word' id='word_1_138' title='bbox 135 2535 327 2625; x_wconf 82' lang='lat' dir='ltr'>defecerat,</span> <span class='ocrx_word' id='word_1_139' title='bbox 353 2535 448 2609; x_wconf 90' lang='lat' dir='ltr'>mala</span> <span class='ocrx_word' id='word_1_140' title='bbox 477 2536 524 2610; x_wconf 88' lang='lat' dir='ltr'>ab</span> <span class='ocrx_word' id='word_1_141' title='bbox 548 2536 628 2633; x_wconf 86' lang='lat' dir='ltr'>ejus</span> <span class='ocrx_word' id='word_1_142' title='bbox 654 2534 801 2610; x_wconf 86' lang='lat' dir='ltr'>defectu</span> <span class='ocrx_word' id='word_1_143' title='bbox 829 2535 1089 2634; x_wconf 86' lang='lat' dir='ltr'>provenientia</span> <span class='ocrx_word' id='word_1_144' title='bbox 1114 2559 1216 2635; x_wconf 82' lang='lat' dir='ltr'>oeque</span> 
     </span>
     <span class='ocr_line' id='line_1_21' title="bbox 133 2647 1213 2723; baseline 0.001 -3"><span class='ocrx_word' id='word_1_145' title='bbox 133 2647 259 2722; x_wconf 90' lang='lat' dir='ltr'>subito</span> <span class='ocrx_word' id='word_1_146' title='bbox 288 2658 326 2722; x_wconf 91' lang='lat' dir='ltr'>et</span> <span class='ocrx_word' id='word_1_147' title='bbox 355 2647 550 2722; x_wconf 83' lang='lat' dir='ltr'>efficaciter</span> <span class='ocrx_word' id='word_1_148' title='bbox 578 2672 655 2722; x_wconf 87' lang='lat' dir='ltr'>esse</span> <span class='ocrx_word' id='word_1_149' title='bbox 680 2648 917 2723; x_wconf 78' lang='lat' dir='ltr'>sublaturum.</span> <span class='ocrx_word' id='word_1_150' title='bbox 980 2647 1062 2723; x_wconf 92' lang='lat' dir='ltr'>Ubi</span> <span class='ocrx_word' id='word_1_151' title='bbox 1096 2657 1213 2723; x_wconf 89' lang='lat' dir='ltr'>tamen</span> 
     </span>
     <span class='ocr_line' id='line_1_22' title="bbox 132 2758 1208 2860; baseline 0.001 -30"><span class='ocrx_word' id='word_1_152' title='bbox 132 2758 253 2831; x_wconf 89' lang='lat' dir='ltr'>multa</span> <span class='ocrx_word' id='word_1_153' title='bbox 269 2758 389 2848; x_wconf 89' lang='lat' dir='ltr'>febris,</span> <span class='ocrx_word' id='word_1_154' title='bbox 415 2769 454 2833; x_wconf 89' lang='lat' dir='ltr'>et</span> <span class='ocrx_word' id='word_1_155' title='bbox 469 2760 634 2847; x_wconf 88' lang='lat' dir='ltr'>irritatio,</span> <span class='ocrx_word' id='word_1_156' title='bbox 659 2772 698 2834; x_wconf 86' lang='lat' dir='ltr'>et</span> <span class='ocrx_word' id='word_1_157' title='bbox 713 2782 842 2860; x_wconf 84' lang='lat' dir='ltr'>graves</span> <span class='ocrx_word' id='word_1_158' title='bbox 858 2760 1013 2849; x_wconf 79' lang='lat' dir='ltr'>dolores,</span> <span class='ocrx_word' id='word_1_159' title='bbox 1033 2772 1073 2835; x_wconf 91' lang='lat' dir='ltr'>et</span> <span class='ocrx_word' id='word_1_160' title='bbox 1088 2759 1208 2860; x_wconf 87' lang='lat' dir='ltr'>pulsus</span> 
     </span>
     <span class='ocr_line' id='line_1_23' title="bbox 130 2868 1206 2972; baseline 0.003 -31"><span class='ocrx_word' id='word_1_161' title='bbox 130 2868 274 2966; x_wconf 90' lang='lat' dir='ltr'>plenus,</span> <span class='ocrx_word' id='word_1_162' title='bbox 298 2871 482 2970; x_wconf 83' lang='lat' dir='ltr'>frequens,</span> <span class='ocrx_word' id='word_1_163' title='bbox 507 2871 661 2960; x_wconf 84' lang='lat' dir='ltr'>validus,</span> <span class='ocrx_word' id='word_1_164' title='bbox 686 2872 832 2961; x_wconf 86' lang='lat' dir='ltr'>adsunt,</span> <span class='ocrx_word' id='word_1_165' title='bbox 860 2870 1084 2972; x_wconf 85' lang='lat' dir='ltr'>plerumque</span> <span class='ocrx_word' id='word_1_166' title='bbox 1110 2869 1206 2946; x_wconf 85' lang='lat' dir='ltr'>utilis</span> 
     </span>
     <span class='ocr_line' id='line_1_24' title="bbox 129 2983 1207 3082; baseline 0.003 -28"><span class='ocrx_word' id='word_1_167' title='bbox 129 2991 208 3067; x_wconf 91' lang='lat' dir='ltr'>est;</span> <span class='ocrx_word' id='word_1_168' title='bbox 234 2992 272 3056; x_wconf 93' lang='lat' dir='ltr'>et</span> <span class='ocrx_word' id='word_1_169' title='bbox 302 3008 376 3056; x_wconf 92' lang='lat' dir='ltr'>non</span> <span class='ocrx_word' id='word_1_170' title='bbox 402 2984 515 3057; x_wconf 91' lang='lat' dir='ltr'>modo</span> <span class='ocrx_word' id='word_1_171' title='bbox 544 2985 613 3056; x_wconf 86' lang='lat' dir='ltr'>ista</span> <span class='ocrx_word' id='word_1_172' title='bbox 642 2986 745 3082; x_wconf 85' lang='lat' dir='ltr'>signa</span> <span class='ocrx_word' id='word_1_173' title='bbox 771 2985 940 3059; x_wconf 90' lang='lat' dir='ltr'>morbosa</span> <span class='ocrx_word' id='word_1_174' title='bbox 971 2983 1142 3071; x_wconf 87' lang='lat' dir='ltr'>sublevat,</span> <span class='ocrx_word' id='word_1_175' title='bbox 1165 2991 1207 3057; x_wconf 87' lang='lat' dir='ltr'>et</span> 
     </span>
     <span class='ocr_line' id='line_1_25' title="bbox 129 3090 1208 3192; baseline 0.004 -28"><span class='ocrx_word' id='word_1_176' title='bbox 129 3093 238 3165; x_wconf 91' lang='lat' dir='ltr'>noxis</span> <span class='ocrx_word' id='word_1_177' title='bbox 255 3094 541 3192; x_wconf 90' lang='lat' dir='ltr'>quibuscunque</span> <span class='ocrx_word' id='word_1_178' title='bbox 557 3120 579 3167; x_wconf 91' lang='lat' dir='ltr'>a</span> <span class='ocrx_word' id='word_1_179' title='bbox 594 3094 741 3170; x_wconf 87' lang='lat' dir='ltr'>defectu</span> <span class='ocrx_word' id='word_1_180' title='bbox 764 3098 948 3172; x_wconf 87' lang='lat' dir='ltr'>mensium</span> <span class='ocrx_word' id='word_1_181' title='bbox 967 3090 1136 3173; x_wconf 82' lang='lat' dir='ltr'>oriundis</span> <span class='ocrx_word' id='word_1_182' title='bbox 1145 3093 1208 3169; x_wconf 88' lang='lat' dir='ltr'>ali·</span> 
     </span>
     <span class='ocr_line' id='line_1_26' title="bbox 129 3206 1209 3315; baseline 0.006 -39"><span class='ocrx_word' id='word_1_183' title='bbox 129 3215 312 3301; x_wconf 87' lang='lat' dir='ltr'>quatenus</span> <span class='ocrx_word' id='word_1_184' title='bbox 328 3207 497 3293; x_wconf 89' lang='lat' dir='ltr'>occurrit,</span> <span class='ocrx_word' id='word_1_185' title='bbox 515 3206 579 3279; x_wconf 92' lang='lat' dir='ltr'>sed</span> <span class='ocrx_word' id='word_1_186' title='bbox 595 3207 693 3315; x_wconf 82' lang='lat' dir='ltr'>ipsos</span> <span class='ocrx_word' id='word_1_187' title='bbox 710 3234 872 3310; x_wconf 92' lang='lat' dir='ltr'>quoque,</span> <span class='ocrx_word' id='word_1_188' title='bbox 888 3210 1024 3286; x_wconf 85' lang='lat' dir='ltr'>laxatis</span> <span class='ocrx_word' id='word_1_189' title='bbox 1039 3208 1209 3285; x_wconf 89' lang='lat' dir='ltr'>omnibus</span> 
     </span>
     <span class='ocr_line' id='line_1_27' title="bbox 127 3317 747 3406; baseline 0.006 -14"><span class='ocrx_word' id='word_1_190' title='bbox 127 3319 233 3406; x_wconf 85' lang='lat' dir='ltr'>vasis,</span> <span class='ocrx_word' id='word_1_191' title='bbox 259 3317 360 3393; x_wconf 89' lang='lat' dir='ltr'>baud</span> <span class='ocrx_word' id='word_1_192' title='bbox 377 3344 457 3393; x_wconf 86' lang='lat' dir='ltr'>raro</span> <span class='ocrx_word' id='word_1_193' title='bbox 473 3320 577 3392; x_wconf 87' lang='lat' dir='ltr'>brevi</span> <span class='ocrx_word' id='word_1_194' title='bbox 594 3319 747 3396; x_wconf 86' lang='lat' dir='ltr'>reducit.</span> 
     </span>
    </p>

    <p class='ocr_par' dir='ltr' id='par_1_4' title="bbox 89 3432 1209 4324">
     <span class='ocr_line' id='line_1_28' title="bbox 89 3432 1208 3534; baseline 0.008 -32"><span class='ocrx_word' id='word_1_195' title='bbox 89 3461 91 3466; x_wconf 93' lang='grc'><strong><em>·</em></strong></span> <span class='ocrx_word' id='word_1_196' title='bbox 177 3452 324 3506; x_wconf 81' lang='lat' dir='ltr'>Monrx.</span> <span class='ocrx_word' id='word_1_197' title='bbox 343 3432 513 3505; x_wconf 90' lang='lat' dir='ltr'>Vomitio</span> <span class='ocrx_word' id='word_1_198' title='bbox 530 3457 682 3533; x_wconf 89' lang='lat' dir='ltr'>quoqne</span> <span class='ocrx_word' id='word_1_199' title='bbox 707 3457 850 3510; x_wconf 91' lang='lat' dir='ltr'>menses</span> <span class='ocrx_word' id='word_1_200' title='bbox 878 3434 1099 3534; x_wconf 89' lang='lat' dir='ltr'>aliquandiu</span> <span class='ocrx_word' id='word_1_201' title='bbox 1128 3458 1208 3532; x_wconf 90' lang='lat' dir='ltr'>sup·</span> 
     </span>
     <span class='ocr_line' id='line_1_29' title="bbox 127 3546 1208 3644; baseline 0.008 -31"><span class='ocrx_word' id='word_1_202' title='bbox 127 3564 266 3640; x_wconf 89' lang='lat' dir='ltr'>pressos</span> <span class='ocrx_word' id='word_1_203' title='bbox 285 3566 381 3641; x_wconf 84' lang='lat' dir='ltr'>saepe</span> <span class='ocrx_word' id='word_1_204' title='bbox 398 3554 548 3630; x_wconf 87' lang='lat' dir='ltr'>evocat;</span> <span class='ocrx_word' id='word_1_205' title='bbox 574 3548 706 3644; x_wconf 85' lang='lat' dir='ltr'>partim</span> <span class='ocrx_word' id='word_1_206' title='bbox 737 3547 886 3622; x_wconf 86' lang='lat' dir='ltr'>fortasse</span> <span class='ocrx_word' id='word_1_207' title='bbox 912 3546 1068 3622; x_wconf 92' lang='lat' dir='ltr'>stimulo</span> <span class='ocrx_word' id='word_1_208' title='bbox 1098 3546 1208 3622; x_wconf 90' lang='lat' dir='ltr'>medi·</span> 
     </span>
     <span class='ocr_line' id='line_1_30' title="bbox 126 3655 1209 3760; baseline 0.006 -34"><span class='ocrx_word' id='word_1_209' title='bbox 126 3655 285 3727; x_wconf 88' lang='lat' dir='ltr'>camenti</span> <span class='ocrx_word' id='word_1_210' title='bbox 315 3655 418 3753; x_wconf 92' lang='lat' dir='ltr'>quod</span> <span class='ocrx_word' id='word_1_211' title='bbox 444 3656 621 3732; x_wconf 90' lang='lat' dir='ltr'>baustum</span> <span class='ocrx_word' id='word_1_212' title='bbox 651 3670 749 3746; x_wconf 80' lang='lat' dir='ltr'>erat3</span> <span class='ocrx_word' id='word_1_213' title='bbox 775 3661 910 3760; x_wconf 86' lang='lat' dir='ltr'>partim</span> <span class='ocrx_word' id='word_1_214' title='bbox 939 3660 1147 3758; x_wconf 84' lang='lat' dir='ltr'>agitatione</span> <span class='ocrx_word' id='word_1_215' title='bbox 1173 3666 1209 3733; x_wconf 85' lang='lat' dir='ltr'>et</span> 
     </span>
     <span class='ocr_line' id='line_1_31' title="bbox 126 3765 1209 3873; baseline 0.007 -35"><span class='ocrx_word' id='word_1_216' title='bbox 126 3765 340 3865; x_wconf 84' lang='lat' dir='ltr'>ingentibus</span> <span class='ocrx_word' id='word_1_217' title='bbox 357 3769 506 3844; x_wconf 88' lang='lat' dir='ltr'>nixibus</span> <span class='ocrx_word' id='word_1_218' title='bbox 523 3772 710 3861; x_wconf 85' lang='lat' dir='ltr'>vomendi,</span> <span class='ocrx_word' id='word_1_219' title='bbox 736 3797 821 3871; x_wconf 85' lang='lat' dir='ltr'>quae</span> <span class='ocrx_word' id='word_1_220' title='bbox 847 3782 971 3848; x_wconf 92' lang='lat' dir='ltr'>totum</span> <span class='ocrx_word' id='word_1_221' title='bbox 1001 3797 1148 3873; x_wconf 85' lang='lat' dir='ltr'>corpus,</span> <span class='ocrx_word' id='word_1_222' title='bbox 1171 3779 1209 3846; x_wconf 90' lang='lat' dir='ltr'>et</span> 
     </span>
     <span class='ocr_line' id='line_1_32' title="bbox 125 3877 1207 3986; baseline 0.008 -37"><span class='ocrx_word' id='word_1_223' title='bbox 125 3877 307 3952; x_wconf 91' lang='lat' dir='ltr'>abdomen</span> <span class='ocrx_word' id='word_1_224' title='bbox 334 3883 547 3979; x_wconf 63' lang='lat' dir='ltr'>praesertim,</span> <span class='ocrx_word' id='word_1_225' title='bbox 574 3884 760 3982; x_wconf 89' lang='lat' dir='ltr'>quatiunt,</span> <span class='ocrx_word' id='word_1_226' title='bbox 785 3894 824 3958; x_wconf 90' lang='lat' dir='ltr'>et</span> <span class='ocrx_word' id='word_1_227' title='bbox 852 3886 1029 3974; x_wconf 86' lang='lat' dir='ltr'>excitant,</span> <span class='ocrx_word' id='word_1_228' title='bbox 1053 3887 1207 3986; x_wconf 90' lang='lat' dir='ltr'>ejusque</span> 
     </span>
     <span class='ocr_line' id='line_1_33' title="bbox 124 3989 1208 4093; baseline 0.009 -33"><span class='ocrx_word' id='word_1_229' title='bbox 124 3989 261 4065; x_wconf 81' lang='lat' dir='ltr'>viscera</span> <span class='ocrx_word' id='word_1_230' title='bbox 277 3993 390 4090; x_wconf 89' lang='lat' dir='ltr'>probe</span> <span class='ocrx_word' id='word_1_231' title='bbox 407 3997 669 4093; x_wconf 89' lang='lat' dir='ltr'>comprimunt,</span> <span class='ocrx_word' id='word_1_232' title='bbox 690 4006 729 4070; x_wconf 88' lang='lat' dir='ltr'>et</span> <span class='ocrx_word' id='word_1_233' title='bbox 746 3997 880 4072; x_wconf 84' lang='lat' dir='ltr'>multas</span> <span class='ocrx_word' id='word_1_234' title='bbox 896 4021 1027 4073; x_wconf 88' lang='lat' dir='ltr'>eorum</span> <span class='ocrx_word' id='word_1_235' title='bbox 1044 3998 1208 4073; x_wconf 81' lang='lat' dir='ltr'>obstruo</span> 
     </span>
     <span class='ocr_line' id='line_1_34' title="bbox 124 4102 1206 4210; baseline 0.009 -38"><span class='ocrx_word' id='word_1_236' title='bbox 124 4102 401 4194; x_wconf 23' lang='lat' dir='ltr'>tiones-tollunt,</span> <span class='ocrx_word' id='word_1_237' title='bbox 419 4115 458 4179; x_wconf 92' lang='lat' dir='ltr'>et</span> <span class='ocrx_word' id='word_1_238' title='bbox 472 4109 660 4207; x_wconf 88' lang='lat' dir='ltr'>sanguinis</span> <span class='ocrx_word' id='word_1_239' title='bbox 674 4118 822 4201; x_wconf 82' lang='lat' dir='ltr'>motum</span> <span class='ocrx_word' id='word_1_240' title='bbox 837 4135 904 4210; x_wconf 87' lang='lat' dir='ltr'>per</span> <span class='ocrx_word' id='word_1_241' title='bbox 919 4134 962 4184; x_wconf 87' lang='lat' dir='ltr'>ea</span> <span class='ocrx_word' id='word_1_242' title='bbox 979 4110 1206 4210; x_wconf 78' lang='lat' dir='ltr'>expediunt3</span> 
     </span>
     <span class='ocr_line' id='line_1_35' title="bbox 123 4214 1207 4324; baseline 0.009 -37"><span class='ocrx_word' id='word_1_243' title='bbox 123 4214 258 4313; x_wconf 87' lang='lat' dir='ltr'>partim</span> <span class='ocrx_word' id='word_1_244' title='bbox 275 4216 441 4308; x_wconf 89' lang='lat' dir='ltr'>demum,</span> <span class='ocrx_word' id='word_1_245' title='bbox 465 4242 613 4319; x_wconf 79' lang='lat' dir='ltr'>spasmo</span> <span class='ocrx_word' id='word_1_246' title='bbox 629 4220 761 4311; x_wconf 89' lang='lat' dir='ltr'>soluto,</span> <span class='ocrx_word' id='word_1_247' title='bbox 787 4223 956 4324; x_wconf 86' lang='lat' dir='ltr'>vasisque</span> <span class='ocrx_word' id='word_1_248' title='bbox 985 4245 1053 4324; x_wconf 88' lang='lat' dir='ltr'>per</span> <span class='ocrx_word' id='word_1_249' title='bbox 1083 4233 1207 4300; x_wconf 88' lang='lat' dir='ltr'>totum</span> 
     </span>
    </p>
   </div>
   <div class='ocr_carea' id='block_1_3' title="bbox 0 0 1344 4794">
    <p class='ocr_par' dir='ltr' id='par_1_5' title="bbox 0 0 1344 4794">
     <span class='ocr_line' id='line_1_36' title="bbox 0 0 1344 4794; baseline 0 4"><span class='ocrx_word' id='word_1_250' title='bbox 0 0 1344 4794; x_wconf 95' lang='lat' dir='ltr'> </span> 
     </span>
    </p>
   </div>
  </div>
 </body>
</html>
