<?xml version="1.0" encoding="UTF-8"?>
<!DOCTYPE html PUBLIC "-//W3C//DTD XHTML 1.0 Transitional//EN"
    "http://www.w3.org/TR/xhtml1/DTD/xhtml1-transitional.dtd">
<html xmlns="http://www.w3.org/1999/xhtml" xml:lang="en" lang="en">
 <head>
  <title>
</title>
<meta http-equiv="Content-Type" content="text/html;charset=utf-8" />
  <meta name='ocr-system' content='tesseract 3.04.00' />
  <meta name='ocr-capabilities' content='ocr_page ocr_carea ocr_par ocr_line ocrx_word'/>
</head>
<body>
  <div class='ocr_page' id='page_1' title='image "./conspectusmedic01greggoog_0493.png"; bbox 0 0 2694 4792; ppageno 0'>
   <div class='ocr_carea' id='block_1_1' title="bbox 197 355 1295 427">
    <p class='ocr_par' dir='ltr' id='par_1_1' title="bbox 197 355 1295 427">
     <span class='ocr_line' id='line_1_1' title="bbox 197 355 1295 427; baseline -0.014 -1"><span class='ocrx_word' id='word_1_1' title='bbox 197 357 270 427; x_wconf 76' lang='lat'>444</span> <span class='ocrx_word' id='word_1_2' title='bbox 614 359 867 419; x_wconf 81' lang='lat' dir='ltr'>cousrscrus</span> <span class='ocrx_word' id='word_1_3' title='bbox 1039 355 1134 416; x_wconf 70' lang='grc' dir='ltr'>ω.</span> <span class='ocrx_word' id='word_1_4' title='bbox 1153 359 1295 414; x_wconf 78' lang='lat' dir='ltr'>xxxrt</span> 
     </span>
    </p>
   </div>
   <div class='ocr_carea' id='block_1_2' title="bbox 194 535 1292 864">
    <p class='ocr_par' dir='ltr' id='par_1_2' title="bbox 194 535 1292 864">
     <span class='ocr_line' id='line_1_2' title="bbox 196 535 1292 634; baseline -0.009 -13"><span class='ocrx_word' id='word_1_5' title='bbox 196 545 420 624; x_wconf 86' lang='lat' dir='ltr'>observetur.</span> <span class='ocrx_word' id='word_1_6' title='bbox 471 540 616 616; x_wconf 84' lang='lat' dir='ltr'>Eadem</span> <span class='ocrx_word' id='word_1_7' title='bbox 632 538 771 615; x_wconf 88' lang='lat' dir='ltr'>scilicet</span> <span class='ocrx_word' id='word_1_8' title='bbox 799 535 962 612; x_wconf 86' lang='lat' dir='ltr'>remedia</span> <span class='ocrx_word' id='word_1_9' title='bbox 986 558 1074 634; x_wconf 84' lang='lat' dir='ltr'>quae</span> <span class='ocrx_word' id='word_1_10' title='bbox 1106 537 1292 612; x_wconf 85' lang='lat' dir='ltr'>adversus</span> 
     </span>
     <span class='ocr_line' id='line_1_3' title="bbox 194 650 1287 755; baseline -0.018 -21"><span class='ocrx_word' id='word_1_11' title='bbox 194 655 396 736; x_wconf 80' lang='lat' dir='ltr'>alcalinom</span> <span class='ocrx_word' id='word_1_12' title='bbox 407 654 643 728; x_wconf 85' lang='lat' dir='ltr'>acrimoniam</span> <span class='ocrx_word' id='word_1_13' title='bbox 656 650 866 755; x_wconf 83' lang='lat' dir='ltr'>valuissent,</span> <span class='ocrx_word' id='word_1_14' title='bbox 883 650 987 747; x_wconf 88' lang='lat' dir='ltr'>siqua</span> <span class='ocrx_word' id='word_1_15' title='bbox 997 651 1037 722; x_wconf 90' lang='lat' dir='ltr'>in</span> <span class='ocrx_word' id='word_1_16' title='bbox 1050 674 1210 749; x_wconf 87' lang='lat' dir='ltr'>corpore</span> <span class='ocrx_word' id='word_1_17' title='bbox 1220 675 1287 725; x_wconf 87' lang='lat' dir='ltr'>ex.</span> 
     </span>
     <span class='ocr_line' id='line_1_4' title="bbox 195 761 1281 864; baseline -0.006 -20"><span class='ocrx_word' id='word_1_18' title='bbox 195 770 340 856; x_wconf 90' lang='lat' dir='ltr'>titisset,</span> <span class='ocrx_word' id='word_1_19' title='bbox 356 767 528 842; x_wconf 81' lang='lat' dir='ltr'>adversus</span> <span class='ocrx_word' id='word_1_20' title='bbox 545 765 792 864; x_wconf 84' lang='lat' dir='ltr'>putredinem,</span> <span class='ocrx_word' id='word_1_21' title='bbox 809 761 870 836; x_wconf 86' lang='lat' dir='ltr'>vel</span> <span class='ocrx_word' id='word_1_22' title='bbox 879 763 1008 836; x_wconf 79' lang='lat' dir='ltr'>saltem</span> <span class='ocrx_word' id='word_1_23' title='bbox 1021 763 1281 838; x_wconf 85' lang='lat' dir='ltr'>conditionem</span> 
     </span>
    </p>
   </div>
   <div class='ocr_carea' id='block_1_3' title="bbox 72 873 1281 980">
    <p class='ocr_par' dir='ltr' id='par_1_3' title="bbox 72 873 1281 980">
     <span class='ocr_line' id='line_1_5' title="bbox 72 873 1281 980; baseline -0.007 -23"><span class='ocrx_word' id='word_1_24' title='bbox 72 895 76 908; x_wconf 92' lang='grc'><strong>’</strong></span> <span class='ocrx_word' id='word_1_25' title='bbox 195 882 354 980; x_wconf 86' lang='lat' dir='ltr'>corporis</span> <span class='ocrx_word' id='word_1_26' title='bbox 370 879 477 954; x_wconf 88' lang='lat' dir='ltr'>valde</span> <span class='ocrx_word' id='word_1_27' title='bbox 506 878 712 952; x_wconf 84' lang='lat' dir='ltr'>morbosam</span> <span class='ocrx_word' id='word_1_28' title='bbox 742 901 827 974; x_wconf 87' lang='lat' dir='ltr'>quae</span> <span class='ocrx_word' id='word_1_29' title='bbox 843 873 957 972; x_wconf 84' lang='lat' dir='ltr'>vulgo</span> <span class='ocrx_word' id='word_1_30' title='bbox 985 876 1141 973; x_wconf 80' lang='lat' dir='ltr'><strong>putredo</strong></span> <span class='ocrx_word' id='word_1_31' title='bbox 1171 876 1281 950; x_wconf 70' lang='lat' dir='ltr'>dicta</span> 
     </span>
    </p>
   </div>
   <div class='ocr_carea' id='block_1_4' title="bbox 170 987 1333 4238">
    <p class='ocr_par' dir='ltr' id='par_1_4' title="bbox 192 987 1277 1427">
     <span class='ocr_line' id='line_1_6' title="bbox 194 987 1277 1091; baseline -0.006 -23"><span class='ocrx_word' id='word_1_32' title='bbox 194 1005 262 1081; x_wconf 85' lang='lat' dir='ltr'>est,</span> <span class='ocrx_word' id='word_1_33' title='bbox 277 1018 362 1091; x_wconf 87' lang='lat' dir='ltr'>quae</span> <span class='ocrx_word' id='word_1_34' title='bbox 378 1003 417 1067; x_wconf 90' lang='lat' dir='ltr'>et</span> <span class='ocrx_word' id='word_1_35' title='bbox 433 989 681 1076; x_wconf 86' lang='lat' dir='ltr'>manifestum,</span> <span class='ocrx_word' id='word_1_36' title='bbox 706 1001 745 1062; x_wconf 88' lang='lat' dir='ltr'>et</span> <span class='ocrx_word' id='word_1_37' title='bbox 762 989 943 1086; x_wconf 72' lang='lat' dir='ltr'>frequens,</span> <span class='ocrx_word' id='word_1_38' title='bbox 961 1000 999 1061; x_wconf 92' lang='lat' dir='ltr'>et</span> <span class='ocrx_word' id='word_1_39' title='bbox 1011 987 1277 1086; x_wconf 77' lang='lat' dir='ltr'>gravisdmum</span> 
     </span>
     <span class='ocr_line' id='line_1_7' title="bbox 194 1099 1277 1198; baseline -0.008 -17"><span class='ocrx_word' id='word_1_40' title='bbox 194 1107 330 1181; x_wconf 86' lang='lat' dir='ltr'>vitium</span> <span class='ocrx_word' id='word_1_41' title='bbox 347 1114 413 1192; x_wconf 84' lang='lat' dir='ltr'>est,</span> <span class='ocrx_word' id='word_1_42' title='bbox 430 1101 651 1180; x_wconf 67' lang='lat' dir='ltr'>etaloaduoe</span> <span class='ocrx_word' id='word_1_43' title='bbox 662 1100 887 1198; x_wconf 86' lang='lat' dir='ltr'>corruptioni</span> <span class='ocrx_word' id='word_1_44' title='bbox 900 1099 1134 1196; x_wconf 86' lang='lat' dir='ltr'>aliquantum</span> <span class='ocrx_word' id='word_1_45' title='bbox 1151 1100 1277 1187; x_wconf 85' lang='lat' dir='ltr'>affine,</span> 
     </span>
     <span class='ocr_line' id='line_1_8' title="bbox 194 1212 1275 1311; baseline -0.005 -20"><span class='ocrx_word' id='word_1_46' title='bbox 194 1240 269 1292; x_wconf 92' lang='lat' dir='ltr'>non</span> <span class='ocrx_word' id='word_1_47' title='bbox 299 1218 424 1291; x_wconf 87' lang='lat' dir='ltr'>minus</span> <span class='ocrx_word' id='word_1_48' title='bbox 440 1216 575 1290; x_wconf 89' lang='lat' dir='ltr'>valent.</span> <span class='ocrx_word' id='word_1_49' title='bbox 626 1214 808 1289; x_wconf 86' lang='lat' dir='ltr'>Remedia</span> <span class='ocrx_word' id='word_1_50' title='bbox 834 1236 922 1286; x_wconf 90' lang='lat' dir='ltr'>vero</span> <span class='ocrx_word' id='word_1_51' title='bbox 947 1212 1122 1288; x_wconf 85' lang='lat' dir='ltr'>adversus</span> <span class='ocrx_word' id='word_1_52' title='bbox 1149 1224 1275 1311; x_wconf 87' lang='lat' dir='ltr'>putre-</span> 
     </span>
     <span class='ocr_line' id='line_1_9' title="bbox 192 1325 959 1427; baseline -0.009 -23"><span class='ocrx_word' id='word_1_53' title='bbox 192 1329 318 1404; x_wconf 85' lang='lat' dir='ltr'>dinem</span> <span class='ocrx_word' id='word_1_54' title='bbox 336 1328 501 1402; x_wconf 85' lang='lat' dir='ltr'>adhibitu</span> <span class='ocrx_word' id='word_1_55' title='bbox 517 1325 755 1427; x_wconf 75' lang='lat' dir='ltr'>Antireptica</span> <span class='ocrx_word' id='word_1_56' title='bbox 772 1334 959 1398; x_wconf 86' lang='lat' dir='ltr'>vocantur.</span> 
     </span>
    </p>

    <p class='ocr_par' dir='ltr' id='par_1_5' title="bbox 185 1437 1274 1989">
     <span class='ocr_line' id='line_1_10' title="bbox 208 1437 1274 1538; baseline -0.007 -22"><span class='ocrx_word' id='word_1_57' title='bbox 208 1453 209 1456; x_wconf 76' lang='grc'>’</span> <span class='ocrx_word' id='word_1_58' title='bbox 243 1463 456 1517; x_wconf 74' lang='lat' dir='ltr'>mcccxvn.</span> <span class='ocrx_word' id='word_1_59' title='bbox 474 1441 624 1515; x_wconf 88' lang='lat' dir='ltr'>Horum</span> <span class='ocrx_word' id='word_1_60' title='bbox 638 1462 773 1538; x_wconf 81' lang='lat' dir='ltr'>magna</span> <span class='ocrx_word' id='word_1_61' title='bbox 788 1438 893 1537; x_wconf 85' lang='lat' dir='ltr'>copia</span> <span class='ocrx_word' id='word_1_62' title='bbox 908 1447 1021 1535; x_wconf 88' lang='lat' dir='ltr'>atque</span> <span class='ocrx_word' id='word_1_63' title='bbox 1032 1437 1194 1511; x_wconf 81' lang='lat' dir='ltr'>varietas</span> <span class='ocrx_word' id='word_1_64' title='bbox 1209 1449 1274 1526; x_wconf 75' lang='lat' dir='ltr'>est,</span> 
     </span>
     <span class='ocr_line' id='line_1_11' title="bbox 191 1548 1273 1654; baseline -0.004 -27"><span class='ocrx_word' id='word_1_65' title='bbox 191 1577 314 1654; x_wconf 89' lang='lat' dir='ltr'>neque</span> <span class='ocrx_word' id='word_1_66' title='bbox 329 1555 455 1629; x_wconf 91' lang='lat' dir='ltr'>omnia</span> <span class='ocrx_word' id='word_1_67' title='bbox 470 1554 509 1627; x_wconf 92' lang='lat' dir='ltr'>in</span> <span class='ocrx_word' id='word_1_68' title='bbox 526 1553 699 1628; x_wconf 90' lang='lat' dir='ltr'>omnibus</span> <span class='ocrx_word' id='word_1_69' title='bbox 715 1548 895 1648; x_wconf 87' lang='lat' dir='ltr'>exemplis</span> <span class='ocrx_word' id='word_1_70' title='bbox 912 1550 1091 1623; x_wconf 85' lang='lat' dir='ltr'>morbosae</span> <span class='ocrx_word' id='word_1_71' title='bbox 1106 1550 1273 1648; x_wconf 87' lang='lat' dir='ltr'>putredi-</span> 
     </span>
     <span class='ocr_line' id='line_1_12' title="bbox 191 1661 1271 1766; baseline -0.006 -26"><span class='ocrx_word' id='word_1_72' title='bbox 191 1667 249 1741; x_wconf 89' lang='lat' dir='ltr'>nis</span> <span class='ocrx_word' id='word_1_73' title='bbox 277 1667 411 1766; x_wconf 89' lang='lat' dir='ltr'>pariter</span> <span class='ocrx_word' id='word_1_74' title='bbox 434 1666 678 1750; x_wconf 78' lang='lat' dir='ltr'>conveniunt3</span> <span class='ocrx_word' id='word_1_75' title='bbox 718 1663 818 1763; x_wconf 92' lang='lat' dir='ltr'>quod</span> <span class='ocrx_word' id='word_1_76' title='bbox 851 1663 1012 1761; x_wconf 86' lang='lat' dir='ltr'>profecto</span> <span class='ocrx_word' id='word_1_77' title='bbox 1037 1661 1093 1735; x_wconf 89' lang='lat' dir='ltr'>nil</span> <span class='ocrx_word' id='word_1_78' title='bbox 1121 1664 1271 1750; x_wconf 88' lang='lat' dir='ltr'>mirum,</span> 
     </span>
     <span class='ocr_line' id='line_1_13' title="bbox 185 1776 1272 1878; baseline -0.003 -25"><span class='ocrx_word' id='word_1_79' title='bbox 185 1799 278 1853; x_wconf 83' lang='lat' dir='ltr'>cum</span> <span class='ocrx_word' id='word_1_80' title='bbox 289 1780 398 1867; x_wconf 86' lang='lat' dir='ltr'>varia,</span> <span class='ocrx_word' id='word_1_81' title='bbox 414 1804 435 1852; x_wconf 92' lang='lat' dir='ltr'>a</span> <span class='ocrx_word' id='word_1_82' title='bbox 450 1779 630 1878; x_wconf 86' lang='lat' dir='ltr'>variisque</span> <span class='ocrx_word' id='word_1_83' title='bbox 639 1778 756 1851; x_wconf 91' lang='lat' dir='ltr'>causis</span> <span class='ocrx_word' id='word_1_84' title='bbox 774 1776 1025 1875; x_wconf 81' lang='lat' dir='ltr'>provenientia</span> <span class='ocrx_word' id='word_1_85' title='bbox 1043 1778 1272 1866; x_wconf 81' lang='lat' dir='ltr'>(ncxxxvn,</span> 
     </span>
     <span class='ocr_line' id='line_1_14' title="bbox 192 1889 903 1989; baseline -0.007 -22"><span class='ocrx_word' id='word_1_86' title='bbox 192 1898 330 1989; x_wconf 77' lang='lat' dir='ltr'>Dcxn),</span> <span class='ocrx_word' id='word_1_87' title='bbox 355 1893 522 1965; x_wconf 87' lang='lat' dir='ltr'>existunt</span> <span class='ocrx_word' id='word_1_88' title='bbox 537 1889 744 1989; x_wconf 82' lang='lat' dir='ltr'>putredinis</span> <span class='ocrx_word' id='word_1_89' title='bbox 760 1913 903 1987; x_wconf 85' lang='lat' dir='ltr'>genera.</span> 
     </span>
    </p>

    <p class='ocr_par' dir='ltr' id='par_1_6' title="bbox 179 2001 1269 3224">
     <span class='ocr_line' id='line_1_15' title="bbox 197 2001 1268 2102; baseline 0.002 -27"><span class='ocrx_word' id='word_1_90' title='bbox 197 2025 204 2032; x_wconf 85' lang='lat'>·</span> <span class='ocrx_word' id='word_1_91' title='bbox 238 2024 438 2076; x_wconf 78' lang='lat' dir='ltr'>mccxvrrr.</span> <span class='ocrx_word' id='word_1_92' title='bbox 460 2001 677 2075; x_wconf 85' lang='lat' dir='ltr'>Cavendum</span> <span class='ocrx_word' id='word_1_93' title='bbox 697 2027 847 2102; x_wconf 90' lang='lat' dir='ltr'>quoque</span> <span class='ocrx_word' id='word_1_94' title='bbox 861 2001 908 2074; x_wconf 88' lang='lat' dir='ltr'>ab</span> <span class='ocrx_word' id='word_1_95' title='bbox 923 2024 1044 2075; x_wconf 91' lang='lat' dir='ltr'>errore</span> <span class='ocrx_word' id='word_1_96' title='bbox 1061 2002 1152 2076; x_wconf 86' lang='lat' dir='ltr'>satis</span> <span class='ocrx_word' id='word_1_97' title='bbox 1165 2012 1268 2078; x_wconf 87' lang='lat' dir='ltr'>natu·</span> 
     </span>
     <span class='ocr_line' id='line_1_16' title="bbox 188 2109 1268 2216; baseline 0.004 -31"><span class='ocrx_word' id='word_1_98' title='bbox 188 2109 254 2185; x_wconf 85' lang='lat' dir='ltr'>ruli</span> <span class='ocrx_word' id='word_1_99' title='bbox 270 2112 318 2186; x_wconf 94' lang='lat' dir='ltr'>de</span> <span class='ocrx_word' id='word_1_100' title='bbox 334 2113 611 2187; x_wconf 81' lang='lat' dir='ltr'>medicamentis</span> <span class='ocrx_word' id='word_1_101' title='bbox 628 2114 870 2216; x_wconf 77' lang='lat' dir='ltr'>antireptr’cia,</span> <span class='ocrx_word' id='word_1_102' title='bbox 895 2138 1019 2213; x_wconf 92' lang='lat' dir='ltr'>neque</span> <span class='ocrx_word' id='word_1_103' title='bbox 1035 2125 1183 2189; x_wconf 86' lang='lat' dir='ltr'>temere</span> <span class='ocrx_word' id='word_1_104' title='bbox 1197 2138 1268 2189; x_wconf 82' lang='lat' dir='ltr'>cre·</span> 
     </span>
     <span class='ocr_line' id='line_1_17' title="bbox 187 2222 1269 2327; baseline 0.006 -32"><span class='ocrx_word' id='word_1_105' title='bbox 187 2222 352 2300; x_wconf 93' lang='lat' dir='ltr'>dendum</span> <span class='ocrx_word' id='word_1_106' title='bbox 366 2250 423 2300; x_wconf 90' lang='lat' dir='ltr'>res</span> <span class='ocrx_word' id='word_1_107' title='bbox 433 2250 572 2313; x_wconf 92' lang='lat' dir='ltr'>omnes,</span> <span class='ocrx_word' id='word_1_108' title='bbox 590 2253 675 2326; x_wconf 88' lang='lat' dir='ltr'>qnae</span> <span class='ocrx_word' id='word_1_109' title='bbox 687 2239 792 2302; x_wconf 88' lang='lat' dir='ltr'>extra</span> <span class='ocrx_word' id='word_1_110' title='bbox 803 2252 945 2326; x_wconf 87' lang='lat' dir='ltr'>corpus,</span> <span class='ocrx_word' id='word_1_111' title='bbox 962 2238 1001 2300; x_wconf 93' lang='lat' dir='ltr'>et</span> <span class='ocrx_word' id='word_1_112' title='bbox 1012 2251 1154 2327; x_wconf 84' lang='lat' dir='ltr'>magna</span> <span class='ocrx_word' id='word_1_113' title='bbox 1166 2227 1269 2326; x_wconf 75' lang='lat' dir='ltr'>copia</span> 
     </span>
     <span class='ocr_line' id='line_1_18' title="bbox 186 2335 1265 2437; baseline 0.002 -27"><span class='ocrx_word' id='word_1_114' title='bbox 186 2335 371 2425; x_wconf 75' lang='lat' dir='ltr'>adhibitae,</span> <span class='ocrx_word' id='word_1_115' title='bbox 397 2339 633 2437; x_wconf 86' lang='lat' dir='ltr'>putredinem</span> <span class='ocrx_word' id='word_1_116' title='bbox 651 2352 785 2427; x_wconf 83' lang='lat' dir='ltr'>arcent,</span> <span class='ocrx_word' id='word_1_117' title='bbox 814 2340 874 2413; x_wconf 91' lang='lat' dir='ltr'>vel</span> <span class='ocrx_word' id='word_1_118' title='bbox 891 2341 1093 2436; x_wconf 82' lang='lat' dir='ltr'>corrigunt,</span> <span class='ocrx_word' id='word_1_119' title='bbox 1121 2341 1265 2414; x_wconf 82' lang='lat' dir='ltr'>eosdem</span> 
     </span>
     <span class='ocr_line' id='line_1_19' title="bbox 186 2447 1267 2550; baseline 0.004 -28"><span class='ocrx_word' id='word_1_120' title='bbox 186 2447 246 2522; x_wconf 87' lang='lat' dir='ltr'>vel</span> <span class='ocrx_word' id='word_1_121' title='bbox 263 2450 399 2525; x_wconf 80' lang='lat' dir='ltr'>similes</span> <span class='ocrx_word' id='word_1_122' title='bbox 416 2450 569 2526; x_wconf 85' lang='lat' dir='ltr'>effectus</span> <span class='ocrx_word' id='word_1_123' title='bbox 585 2453 681 2525; x_wconf 89' lang='lat' dir='ltr'>intra</span> <span class='ocrx_word' id='word_1_124' title='bbox 697 2476 838 2550; x_wconf 81' lang='lat' dir='ltr'>corpus,</span> <span class='ocrx_word' id='word_1_125' title='bbox 864 2462 903 2525; x_wconf 91' lang='lat' dir='ltr'>et</span> <span class='ocrx_word' id='word_1_126' title='bbox 920 2452 1066 2524; x_wconf 84' lang='lat' dir='ltr'>minuta</span> <span class='ocrx_word' id='word_1_127' title='bbox 1082 2455 1194 2550; x_wconf 88' lang='lat' dir='ltr'>copia</span> <span class='ocrx_word' id='word_1_128' title='bbox 1208 2451 1267 2526; x_wconf 78' lang='lat' dir='ltr'>ad·</span> 
     </span>
     <span class='ocr_line' id='line_1_20' title="bbox 184 2559 1267 2663; baseline 0.006 -29"><span class='ocrx_word' id='word_1_129' title='bbox 184 2559 328 2651; x_wconf 72' lang='lat' dir='ltr'>hibitus,</span> <span class='ocrx_word' id='word_1_130' title='bbox 344 2587 421 2637; x_wconf 84' lang='lat' dir='ltr'>esse</span> <span class='ocrx_word' id='word_1_131' title='bbox 437 2564 668 2662; x_wconf 82' lang='lat' dir='ltr'>praestituras</span> <span class='ocrx_word' id='word_1_132' title='bbox 719 2564 902 2651; x_wconf 88' lang='lat' dir='ltr'>Quamvis</span> <span class='ocrx_word' id='word_1_133' title='bbox 918 2565 1017 2636; x_wconf 86' lang='lat' dir='ltr'>enim</span> <span class='ocrx_word' id='word_1_134' title='bbox 1033 2563 1215 2663; x_wconf 81' lang='lat' dir='ltr'>pleraque</span> <span class='ocrx_word' id='word_1_135' title='bbox 1230 2575 1267 2640; x_wconf 92' lang='lat' dir='ltr'>et</span> 
     </span>
     <span class='ocr_line' id='line_1_21' title="bbox 183 2674 1266 2775; baseline 0.004 -29"><span class='ocrx_word' id='word_1_136' title='bbox 183 2674 325 2771; x_wconf 90' lang='lat' dir='ltr'>optima</span> <span class='ocrx_word' id='word_1_137' title='bbox 341 2676 693 2750; x_wconf 82' lang='lat' dir='ltr'>medicamentorum</span> <span class='ocrx_word' id='word_1_138' title='bbox 711 2675 847 2773; x_wconf 90' lang='lat' dir='ltr'>quibus</span> <span class='ocrx_word' id='word_1_139' title='bbox 861 2701 927 2774; x_wconf 92' lang='lat' dir='ltr'>pro</span> <span class='ocrx_word' id='word_1_140' title='bbox 939 2674 1180 2775; x_wconf 72' lang='lat' dir='ltr'>omiseptieis</span> <span class='ocrx_word' id='word_1_141' title='bbox 1194 2680 1266 2751; x_wconf 89' lang='lat' dir='ltr'>uti·</span> 
     </span>
     <span class='ocr_line' id='line_1_22' title="bbox 183 2787 1263 2890; baseline 0.008 -34"><span class='ocrx_word' id='word_1_142' title='bbox 183 2806 277 2870; x_wconf 90' lang='lat' dir='ltr'>mur,</span> <span class='ocrx_word' id='word_1_143' title='bbox 301 2795 340 2859; x_wconf 90' lang='lat' dir='ltr'>et</span> <span class='ocrx_word' id='word_1_144' title='bbox 356 2787 452 2862; x_wconf 88' lang='lat' dir='ltr'>intra</span> <span class='ocrx_word' id='word_1_145' title='bbox 468 2796 507 2862; x_wconf 91' lang='lat' dir='ltr'>et</span> <span class='ocrx_word' id='word_1_146' title='bbox 523 2800 629 2863; x_wconf 88' lang='lat' dir='ltr'>extra</span> <span class='ocrx_word' id='word_1_147' title='bbox 645 2813 787 2887; x_wconf 89' lang='lat' dir='ltr'>corpus,</span> <span class='ocrx_word' id='word_1_148' title='bbox 813 2799 851 2861; x_wconf 93' lang='lat' dir='ltr'>et</span> <span class='ocrx_word' id='word_1_149' title='bbox 869 2790 905 2861; x_wconf 89' lang='lat' dir='ltr'>in</span> <span class='ocrx_word' id='word_1_150' title='bbox 924 2790 1028 2861; x_wconf 87' lang='lat' dir='ltr'>omni</span> <span class='ocrx_word' id='word_1_151' title='bbox 1043 2813 1184 2888; x_wconf 81' lang='lat' dir='ltr'>genere</span> <span class='ocrx_word' id='word_1_152' title='bbox 1197 2815 1263 2890; x_wconf 90' lang='lat' dir='ltr'>pu·</span> 
     </span>
     <span class='ocr_line' id='line_1_23' title="bbox 181 2896 1260 3000; baseline 0.006 -33"><span class='ocrx_word' id='word_1_153' title='bbox 181 2896 343 2984; x_wconf 87' lang='lat' dir='ltr'>tredinis‚</span> <span class='ocrx_word' id='word_1_154' title='bbox 360 2909 399 2973; x_wconf 90' lang='lat' dir='ltr'>et</span> <span class='ocrx_word' id='word_1_155' title='bbox 411 2924 486 2997; x_wconf 86' lang='lat' dir='ltr'>qua</span> <span class='ocrx_word' id='word_1_156' title='bbox 498 2904 602 3000; x_wconf 83' lang='lat' dir='ltr'>copia</span> <span class='ocrx_word' id='word_1_157' title='bbox 614 2926 763 2999; x_wconf 87' lang='lat' dir='ltr'>cunque</span> <span class='ocrx_word' id='word_1_158' title='bbox 779 2900 943 2975; x_wconf 84' lang='lat' dir='ltr'>adhibita</span> <span class='ocrx_word' id='word_1_159' title='bbox 958 2901 1114 2988; x_wconf 79' lang='lat' dir='ltr'>fuerint,</span> <span class='ocrx_word' id='word_1_160' title='bbox 1132 2903 1260 2977; x_wconf 82' lang='lat' dir='ltr'>similes</span> 
     </span>
     <span class='ocr_line' id='line_1_24' title="bbox 180 3006 1261 3112; baseline 0.006 -31"><span class='ocrx_word' id='word_1_161' title='bbox 180 3006 333 3084; x_wconf 79' lang='lat' dir='ltr'>effeetus</span> <span class='ocrx_word' id='word_1_162' title='bbox 343 3009 527 3098; x_wconf 80' lang='lat' dir='ltr'>babeant;</span> <span class='ocrx_word' id='word_1_163' title='bbox 553 3026 675 3087; x_wconf 90' lang='lat' dir='ltr'>tamen</span> <span class='ocrx_word' id='word_1_164' title='bbox 689 3015 914 3112; x_wconf 85' lang='lat' dir='ltr'>experientia</span> <span class='ocrx_word' id='word_1_165' title='bbox 933 3015 1019 3087; x_wconf 87' lang='lat' dir='ltr'>satis</span> <span class='ocrx_word' id='word_1_166' title='bbox 1036 3014 1261 3090; x_wconf 84' lang='lat' dir='ltr'>demonstra-</span> 
     </span>
     <span class='ocr_line' id='line_1_25' title="bbox 179 3117 1074 3224; baseline 0.007 -32"><span class='ocrx_word' id='word_1_167' title='bbox 179 3117 238 3192; x_wconf 85' lang='lat' dir='ltr'>vit</span> <span class='ocrx_word' id='word_1_168' title='bbox 253 3117 323 3194; x_wconf 90' lang='lat' dir='ltr'>hoc</span> <span class='ocrx_word' id='word_1_169' title='bbox 339 3120 387 3194; x_wconf 85' lang='lat' dir='ltr'>de</span> <span class='ocrx_word' id='word_1_170' title='bbox 403 3123 576 3198; x_wconf 90' lang='lat' dir='ltr'>omnibus</span> <span class='ocrx_word' id='word_1_171' title='bbox 593 3148 667 3199; x_wconf 94' lang='lat' dir='ltr'>non</span> <span class='ocrx_word' id='word_1_172' title='bbox 686 3128 822 3224; x_wconf 88' lang='lat' dir='ltr'>pariter</span> <span class='ocrx_word' id='word_1_173' title='bbox 838 3150 968 3199; x_wconf 90' lang='lat' dir='ltr'>verum</span> <span class='ocrx_word' id='word_1_174' title='bbox 987 3150 1074 3200; x_wconf 87' lang='lat' dir='ltr'>esse.</span> 
     </span>
    </p>

    <p class='ocr_par' dir='ltr' id='par_1_7' title="bbox 176 3235 1333 3647">
     <span class='ocr_line' id='line_1_26' title="bbox 229 3235 1265 3341; baseline 0.011 -34"><span class='ocrx_word' id='word_1_175' title='bbox 229 3252 422 3339; x_wconf 71' lang='lat' dir='ltr'>Moccxrx.</span> <span class='ocrx_word' id='word_1_176' title='bbox 451 3235 604 3334; x_wconf 86' lang='lat' dir='ltr'>Singula</span> <span class='ocrx_word' id='word_1_177' title='bbox 629 3263 718 3312; x_wconf 89' lang='lat' dir='ltr'>vero</span> <span class='ocrx_word' id='word_1_178' title='bbox 741 3238 1010 3312; x_wconf 83' lang='lat' dir='ltr'>medicamenta</span> <span class='ocrx_word' id='word_1_179' title='bbox 1034 3239 1265 3341; x_wconf 66' lang='lat' dir='ltr'>amiseptiso</span> 
     </span>
     <span class='ocr_line' id='line_1_27' title="bbox 178 3345 1265 3451; baseline 0.012 -35"><span class='ocrx_word' id='word_1_180' title='bbox 178 3345 282 3443; x_wconf 90' lang='lat' dir='ltr'>quod</span> <span class='ocrx_word' id='word_1_181' title='bbox 310 3348 455 3434; x_wconf 87' lang='lat' dir='ltr'>attinet,</span> <span class='ocrx_word' id='word_1_182' title='bbox 492 3348 736 3424; x_wconf 86' lang='lat' dir='ltr'>diversissima</span> <span class='ocrx_word' id='word_1_183' title='bbox 759 3374 886 3423; x_wconf 87' lang='lat' dir='ltr'>eorum</span> <span class='ocrx_word' id='word_1_184' title='bbox 916 3351 1086 3424; x_wconf 84' lang='lat' dir='ltr'>existunt</span> <span class='ocrx_word' id='word_1_185' title='bbox 1115 3377 1265 3451; x_wconf 77' lang='lat' dir='ltr'>genera,</span> 
     </span>
     <span class='ocr_line' id='line_1_28' title="bbox 176 3459 1262 3565; baseline 0.015 -39"><span class='ocrx_word' id='word_1_186' title='bbox 176 3477 262 3550; x_wconf 84' lang='lat' dir='ltr'>quae</span> <span class='ocrx_word' id='word_1_187' title='bbox 278 3466 354 3530; x_wconf 83' lang='lat' dir='ltr'>tam</span> <span class='ocrx_word' id='word_1_188' title='bbox 372 3459 481 3533; x_wconf 85' lang='lat' dir='ltr'>variis</span> <span class='ocrx_word' id='word_1_189' title='bbox 499 3461 615 3535; x_wconf 88' lang='lat' dir='ltr'>modis</span> <span class='ocrx_word' id='word_1_190' title='bbox 632 3463 802 3561; x_wconf 88' lang='lat' dir='ltr'>prodesse</span> <span class='ocrx_word' id='word_1_191' title='bbox 812 3463 999 3550; x_wconf 85' lang='lat' dir='ltr'>videntur,</span> <span class='ocrx_word' id='word_1_192' title='bbox 1016 3474 1060 3538; x_wconf 93' lang='lat' dir='ltr'>ut</span> <span class='ocrx_word' id='word_1_193' title='bbox 1068 3491 1172 3565; x_wconf 83' lang='lat' dir='ltr'>aegre</span> <span class='ocrx_word' id='word_1_194' title='bbox 1185 3492 1262 3542; x_wconf 87' lang='lat' dir='ltr'>om·</span> 
     </span>
     <span class='ocr_line' id='line_1_29' title="bbox 176 3559 1333 3647; baseline 0.01 -10"><span class='ocrx_word' id='word_1_195' title='bbox 176 3564 266 3639; x_wconf 87' lang='lat' dir='ltr'>nino</span> <span class='ocrx_word' id='word_1_196' title='bbox 281 3568 509 3647; x_wconf 90' lang='lat' dir='ltr'>ordinentur.</span> <span class='ocrx_word' id='word_1_197' title='bbox 1327 3559 1333 3577; x_wconf 66' lang='lat'>⁸</span> 
     </span>
    </p>

    <p class='ocr_par' dir='ltr' id='par_1_8' title="bbox 170 3683 1265 4238">
     <span class='ocr_line' id='line_1_30' title="bbox 225 3683 1263 3786; baseline 0.016 -35"><span class='ocrx_word' id='word_1_198' title='bbox 225 3698 400 3757; x_wconf 71' lang='lat' dir='ltr'>necess.</span> <span class='ocrx_word' id='word_1_199' title='bbox 426 3683 613 3784; x_wconf 88' lang='lat' dir='ltr'>Imprimis</span> <span class='ocrx_word' id='word_1_200' title='bbox 630 3688 746 3786; x_wconf 88' lang='lat' dir='ltr'>igitur</span> <span class='ocrx_word' id='word_1_201' title='bbox 761 3688 1034 3764; x_wconf 82' lang='lat' dir='ltr'>observandum</span> <span class='ocrx_word' id='word_1_202' title='bbox 1052 3701 1122 3777; x_wconf 89' lang='lat' dir='ltr'>est,</span> <span class='ocrx_word' id='word_1_203' title='bbox 1143 3694 1263 3767; x_wconf 81' lang='lat' dir='ltr'>maxi·</span> 
     </span>
     <span class='ocr_line' id='line_1_31' title="bbox 173 3799 1265 3900; baseline 0.016 -38"><span class='ocrx_word' id='word_1_204' title='bbox 173 3811 281 3864; x_wconf 88' lang='lat' dir='ltr'>mum</span> <span class='ocrx_word' id='word_1_205' title='bbox 297 3815 393 3892; x_wconf 85' lang='lat' dir='ltr'>saepe</span> <span class='ocrx_word' id='word_1_206' title='bbox 410 3799 588 3874; x_wconf 86' lang='lat' dir='ltr'>morbosae</span> <span class='ocrx_word' id='word_1_207' title='bbox 604 3801 810 3900; x_wconf 88' lang='lat' dir='ltr'>putredinis</span> <span class='ocrx_word' id='word_1_208' title='bbox 826 3802 1032 3876; x_wconf 88' lang='lat' dir='ltr'>subsidium</span> <span class='ocrx_word' id='word_1_209' title='bbox 1058 3803 1101 3875; x_wconf 92' lang='lat' dir='ltr'>in</span> <span class='ocrx_word' id='word_1_210' title='bbox 1128 3803 1265 3878; x_wconf 78' lang='lat' dir='ltr'>idonea</span> 
     </span>
     <span class='ocr_line' id='line_1_32' title="bbox 173 3900 1264 4014; baseline 0.015 -38"><span class='ocrx_word' id='word_1_211' title='bbox 173 3900 282 3979; x_wconf 82' lang='lat' dir='ltr'>dioeto</span> <span class='ocrx_word' id='word_1_212' title='bbox 298 3926 376 3980; x_wconf 83' lang='lat' dir='ltr'>esse</span> <span class='ocrx_word' id='word_1_213' title='bbox 391 3911 578 4007; x_wconf 88' lang='lat' dir='ltr'>positum;</span> <span class='ocrx_word' id='word_1_214' title='bbox 604 3936 725 4012; x_wconf 90' lang='lat' dir='ltr'>neque</span> <span class='ocrx_word' id='word_1_215' title='bbox 754 3914 916 4011; x_wconf 85' lang='lat' dir='ltr'>profecto</span> <span class='ocrx_word' id='word_1_216' title='bbox 934 3915 1054 3987; x_wconf 87' lang='lat' dir='ltr'>verbis</span> <span class='ocrx_word' id='word_1_217' title='bbox 1078 3939 1180 4014; x_wconf 88' lang='lat' dir='ltr'>opus</span> <span class='ocrx_word' id='word_1_218' title='bbox 1207 3928 1264 3992; x_wconf 83' lang='lat' dir='ltr'>est</span> 
     </span>
     <span class='ocr_line' id='line_1_33' title="bbox 171 4016 1261 4128; baseline 0.017 -41"><span class='ocrx_word' id='word_1_219' title='bbox 171 4023 218 4087; x_wconf 90' lang='lat' dir='ltr'>ut</span> <span class='ocrx_word' id='word_1_220' title='bbox 232 4016 347 4112; x_wconf 89' lang='lat' dir='ltr'>probe</span> <span class='ocrx_word' id='word_1_221' title='bbox 363 4023 597 4120; x_wconf 86' lang='lat' dir='ltr'>perspicuum</span> <span class='ocrx_word' id='word_1_222' title='bbox 616 4028 674 4114; x_wconf 74' lang='lat' dir='ltr'>sit,</span> <span class='ocrx_word' id='word_1_223' title='bbox 691 4050 758 4111; x_wconf 83' lang='lat' dir='ltr'>res,</span> <span class='ocrx_word' id='word_1_224' title='bbox 775 4025 893 4101; x_wconf 86' lang='lat' dir='ltr'>veluti</span> <span class='ocrx_word' id='word_1_225' title='bbox 910 4028 1034 4101; x_wconf 88' lang='lat' dir='ltr'>cibum</span> <span class='ocrx_word' id='word_1_226' title='bbox 1051 4037 1093 4101; x_wconf 90' lang='lat' dir='ltr'>et</span> <span class='ocrx_word' id='word_1_227' title='bbox 1109 4041 1261 4128; x_wconf 88' lang='lat' dir='ltr'>potum,</span> 
     </span>
     <span class='ocr_line' id='line_1_34' title="bbox 170 4137 1262 4238; baseline 0.01 -31"><span class='ocrx_word' id='word_1_228' title='bbox 170 4148 257 4224; x_wconf 77' lang='lat' dir='ltr'>quoe</span> <span class='ocrx_word' id='word_1_229' title='bbox 274 4149 410 4228; x_wconf 76' lang='lat' dir='ltr'>magna</span> <span class='ocrx_word' id='word_1_230' title='bbox 437 4137 541 4234; x_wconf 82' lang='lat' dir='ltr'>copia</span> <span class='ocrx_word' id='word_1_231' title='bbox 566 4139 735 4238; x_wconf 91' lang='lat' dir='ltr'>quotidie</span> <span class='ocrx_word' id='word_1_232' title='bbox 763 4149 803 4212; x_wconf 88' lang='lat' dir='ltr'>et</span> <span class='ocrx_word' id='word_1_233' title='bbox 831 4140 909 4214; x_wconf 89' lang='lat' dir='ltr'>sine</span> <span class='ocrx_word' id='word_1_234' title='bbox 926 4141 1170 4216; x_wconf 88' lang='lat' dir='ltr'>incommodo</span> <span class='ocrx_word' id='word_1_235' title='bbox 1202 4167 1262 4218; x_wconf 81' lang='lat' dir='ltr'>su·</span> 
     </span>
    </p>
   </div>
   <div class='ocr_carea' id='block_1_5' title="bbox 46 4243 1262 4361">
    <p class='ocr_par' dir='ltr' id='par_1_9' title="bbox 46 4243 1262 4361">
     <span class='ocr_line' id='line_1_35' title="bbox 46 4243 1262 4361; baseline 0.022 -55"><span class='ocrx_word' id='word_1_236' title='bbox 46 4348 51 4361; x_wconf 77' lang='lat'>,</span> <span class='ocrx_word' id='word_1_237' title='bbox 170 4247 332 4330; x_wconf 72' lang='lat' dir='ltr'>urentur,</span> <span class='ocrx_word' id='word_1_238' title='bbox 355 4243 396 4320; x_wconf 90' lang='lat' dir='ltr'>in</span> <span class='ocrx_word' id='word_1_239' title='bbox 412 4249 630 4351; x_wconf 83' lang='lat' dir='ltr'>corrigendo</span> <span class='ocrx_word' id='word_1_240' title='bbox 654 4248 769 4326; x_wconf 89' lang='lat' dir='ltr'>totius</span> <span class='ocrx_word' id='word_1_241' title='bbox 794 4275 923 4329; x_wconf 76' lang='lat' dir='ltr'>massae</span> <span class='ocrx_word' id='word_1_242' title='bbox 939 4253 1144 4331; x_wconf 88' lang='lat' dir='ltr'>humorum</span> <span class='ocrx_word' id='word_1_243' title='bbox 1164 4257 1262 4332; x_wconf 81' lang='lat' dir='ltr'>vitio</span> 
     </span>
    </p>
   </div>
   <div class='ocr_carea' id='block_1_6' title="bbox 0 0 1352 4792">
    <p class='ocr_par' dir='ltr' id='par_1_10' title="bbox 0 0 1352 4792">
     <span class='ocr_line' id='line_1_36' title="bbox 0 0 1352 4792; baseline 0 7"><span class='ocrx_word' id='word_1_244' title='bbox 0 0 1352 4792; x_wconf 95' lang='lat' dir='ltr'> </span> 
     </span>
    </p>
   </div>
  </div>
 </body>
</html>
