2678 4794
135 369 206 440 152
536 373 785 461 cousraeuus
851 346 855 353 ’
914 438 916 443 s
1025 383 1112 438 car.
1128 379 1215 441 xva.

134 560 233 660 poris
258 556 535 659 plenitudinem,
571 564 638 627 aut
662 553 836 638 dolorem,
860 553 1071 654 multasque
1095 558 1213 633 irrita·

136 673 266 758 tiones,
291 671 494 745 comitatur.
544 665 679 763 Neque
704 690 848 764 semper
864 668 1031 751 morbosa
1049 670 1219 745 habenda

138 795 193 857 est
230 782 310 857 talis
347 789 477 865 crusta,
514 778 654 875 quippe
679 802 764 875 quae
789 781 984 854 sanissimis
1017 781 1219 879 aliquando

136 897 349 992 oontingat;
374 892 492 965 veluti
517 889 691 976 foeminis,
716 891 832 965 donec
858 905 1006 966 uterum
1024 903 1170 991 gerunt,
1192 919 1220 966 a

136 1006 263 1105 primis
291 1005 403 1078 etiam
420 1004 631 1088 mensibus;
656 1015 694 1077 et
711 1004 798 1077 viris
828 1005 1048 1102 quibusdam
1074 1005 1218 1119 ualidis,

134 1117 328 1204 laboriosis,
353 1117 454 1189 laute
470 1115 704 1200 viventibos3
729 1126 767 1189 et
792 1118 963 1192 omnibus
989 1139 1074 1190 sane
1098 1116 1220 1190 homi·

136 1229 257 1317 nibus,
295 1229 526 1326 frequentius
552 1239 718 1326 tempore
744 1228 901 1302 hiemale
924 1238 963 1303 et
989 1252 1114 1316 verno,
1140 1253 1218 1327 quo

136 1339 247 1415 robur
272 1340 468 1416 solidarum
485 1341 648 1439 partium
673 1353 711 1414 et
728 1341 824 1414 aetio
840 1365 1011 1414 vasorum
1029 1365 1114 1438 quae
1137 1365 1217 1428 sana

131 1451 282 1551 guinem
301 1453 455 1537 vehunt,
472 1452 636 1526 maxima
645 1465 699 1526 est
718 1453 979 1551 (ccecnxvu).
1022 1454 1127 1540 Quin
1144 1464 1218 1529 eta

12 1633 16 1641 .
133 1564 326 1639 levissimis
343 1566 469 1651 causis
486 1565 579 1637 dum
596 1565 680 1638 fluit
698 1566 856 1663 sanguis,
872 1564 933 1637 vel
951 1575 1145 1664 postquam
1175 1566 1216 1640 in

129 1687 296 1776 pateram
313 1689 482 1774 receptus
499 1685 564 1763 est,
590 1677 707 1750 veluti
725 1677 839 1773 ipsius
856 1677 982 1763 forma,
1007 1676 1134 1752 induci
1150 1689 1216 1754 aut

131 1783 304 1888 impediri
327 1799 468 1888 potest:
495 1790 548 1862 ita
571 1799 616 1862 ut
642 1812 737 1886 saepe
762 1789 800 1861 in
826 1789 938 1862 altera
963 1802 1087 1887 patera
1103 1789 1215 1878 nulla,

130 1901 170 1974 in
194 1901 307 1976 altera
332 1902 545 1998 densissima
568 1908 607 1974 et
644 1900 872 1974 tenacissima
902 1911 1025 1975 crusta
1049 1903 1216 1979 observe-

131 2022 205 2086 tur.

179 2146 246 2200 mr.
273 2122 377 2199 Hinc
392 2124 487 2198 ratio
503 2123 671 2198 redditur
686 2145 868 2224 eurraepe
886 2125 977 2200 dum
995 2126 1077 2200 talis
1093 2137 1229 2203 ornato>

128 2235 351 2323 observatur,
390 2239 609 2335 sanguinem
637 2238 782 2310 mittere
820 2240 1025 2325 conveniat,
1057 2239 1214 2339 ejusque

123 2347 308 2445 jacturam
333 2373 465 2446 eorpus
499 2348 594 2422 bene
631 2348 724 2422 ferre
737 2441 739 2445 y
753 2348 888 2424 soleat:
931 2360 1032 2447 patet
1059 2371 1213 2450 quoque

130 2470 294 2557 quantus
320 2486 448 2536 eorum
474 2487 573 2536 error
596 2461 680 2550 fuit,
705 2472 744 2536 et
760 2462 912 2560 periculi
930 2488 1042 2560 quam
1069 2463 1212 2564 plenus,

131 2573 200 2669 qui
215 2583 380 2647 auctores
397 2585 500 2648 erant
517 2575 735 2673 sanguinem
751 2576 886 2650 iterum
905 2576 1118 2674 iterumque
1131 2576 1212 2651 mit

130 2685 245 2772 tendi,
283 2686 400 2760 donec
434 2686 537 2759 nulla
560 2687 716 2784 amplius
745 2696 866 2760 crusta
900 2712 1125 2785 supereum
1150 2713 1212 2789 ep·

128 2805 291 2889 pareret;
322 2795 458 2869 scilieet
483 2822 597 2893 quam
625 2797 830 2870 morbosam
856 2801 1044 2897 sanguinis
1069 2812 1213 2899 partem

129 2904 335 2977 credebant.
411 2903 665 2979 Utilissimum
702 2907 866 3004 profecto
896 2911 1036 2986 medioo
1062 2914 1213 3013 signum

126 3020 197 3102 est,
221 3017 392 3111 quamvis
412 3015 573 3089 multum
589 3017 694 3105 absit,
720 3029 765 3091 ut
781 3021 827 3093 ad
845 3021 938 3096 illud
955 3024 1074 3099 solum
1101 3026 1214 3126 respi-

127 3150 208 3199 cere
224 3122 366 3200 debeat.

176 3261 260 3313 nx1.
278 3236 422 3313 Eadem
436 3235 587 3341 fibrina
604 3241 803 3341 sanguinis,
828 3269 1098 3346 nonnunquam
1117 3249 1221 3327 dum-

125 3351 220 3424 vivit
250 3352 372 3453 lromO,
398 3352 531 3452 saepius
557 3378 645 3428 vero
669 3367 753 3454 post
779 3371 946 3446 mortem,
971 3362 1156 3458 imprimis
1180 3360 1215 3439 ai

127 3461 260 3535 vitium
293 3464 445 3563 aliquod
468 3467 609 3565 organi,
632 3467 881 3568 amplificatio
905 3473 1118 3562 obstructio,
1146 3479 1211 3552 &a

123 3572 296 3662 adfuerit,
325 3577 373 3649 in
401 3580 543 3678 magnis
568 3580 661 3654 vasis
686 3606 800 3682 prope
829 3609 900 3671 eor,
937 3587 1065 3660 autin
1093 3587 1213 3686 ipsius

123 3685 242 3759 sordis
271 3688 432 3777 saeculis,
458 3692 533 3764 coit
557 3693 596 3765 in
613 3717 768 3770 massam
785 3706 963 3784 tenacem,
993 3724 1078 3797 quae
1104 3725 1212 3776 voea-

125 3808 188 3870 tur
202 3791 383 3898 Pelopea
435 3803 579 3878 Similes
605 3824 732 3879 massae
758 3833 908 3906 quoque
933 3810 1033 3884 haud
1063 3836 1145 3887 raro
1169 3814 1212 3899 in

126 3918 231 3983 utero
248 3910 464 4000 formantur,
481 3925 520 3988 et
538 3916 655 3992 Moloe
671 3930 860 3993 vocantur.

135 4084 138 4089 .
173 4045 277 4097 oxu.
302 4023 503 4112 Quantitas
529 4030 710 4103 universae
734 4053 874 4118 massae,
912 4043 951 4106 et
975 4035 1210 4134 singularum

123 4135 281 4232 partium
301 4133 501 4236 surguiuis,
528 4139 629 4214 haud
645 4141 749 4216 facile
765 4142 811 4216 ad
828 4167 1037 4221 mensuram
1065 4149 1212 4226 reduci·

121 4260 193 4324 tar.
243 4247 416 4324 Multum
444 4251 582 4326 nauare
607 4262 741 4352 potest,
763 4255 1000 4335 salvaadhue
1021 4262 1208 4339 sanitate:
