2678 4794
218 232 290 304 370
624 245 872 304 constamus
1056 241 1146 305 car.
1163 246 1311 305 mm.

223 445 336 522 quam
362 446 429 524 per
451 447 563 524 aquas
579 425 673 524 ipsas
698 433 783 501 tuto
799 427 878 501 dari
893 437 1071 525 possunt;
1097 425 1165 500 sed
1180 450 1304 502 revera

226 536 359 611 frustra
374 536 591 637 plerumque
607 538 754 638 aegrotis
771 538 917 613 dantur.

275 671 511 725 mcxxxvur.
529 650 733 739 Postremo,
744 653 913 749 quamvis
926 650 1097 725 debilitas
1106 650 1304 750 aliquando

223 760 316 835 adeo
339 776 476 861 purum
502 771 540 837 et
565 761 721 861 simplex
737 764 875 838 vitium
892 764 950 851 sit,
976 772 1022 837 ut
1037 762 1187 838 nullum
1204 763 1300 841 aliud

223 875 325 973 prius
349 889 414 948 aut
438 874 639 974 simplicius
664 875 812 961 vitium,
837 875 939 950 unde
963 874 1025 948 illa
1048 875 1242 974 penderet,
1265 877 1300 949 in

223 1008 371 1083 corpore
386 985 545 1060 adfuisse
560 987 740 1073 videatur,
766 997 805 1063 et
833 987 885 1061 sic
908 987 1119 1061 roborantia
1143 988 1300 1062 remedia

223 1098 318 1171 inter
334 1098 601 1198 simplicissima
623 1099 709 1198 jure
725 1110 1001 1184 recenseantur;
1026 1108 1152 1173 tamen
1179 1123 1298 1173 revera

222 1207 450 1307 frequentius
464 1210 582 1288 multo
595 1235 670 1286 non
683 1213 842 1311 primum
855 1221 921 1286 aut
937 1211 1155 1310 primarium
1166 1212 1297 1286 vitium

220 1320 358 1409 existit,
383 1323 448 1397 sed
472 1324 519 1398 ab
542 1324 624 1412 alio,
648 1336 687 1397 et
708 1324 837 1423 priore,
862 1333 901 1397 et
917 1321 1065 1397 fortasse
1081 1323 1295 1421 simpliciore

220 1434 385 1530 quodam
409 1436 503 1510 vitio
527 1437 674 1535 pendet.
726 1436 830 1510 Hinc
846 1422 994 1509 tot'fere
1011 1429 1213 1510 debilitatis
1228 1459 1295 1509 mo

168 1563 173 1567 ·
220 1545 413 1635 dicamina,
441 1572 504 1622 seu
533 1549 740 1623 roborantia
766 1548 938 1635 remedia,
963 1557 1057 1648 quot
1076 1548 1194 1622 morbi
1219 1549 1294 1623 sim-

220 1657 385 1756 pliciores
402 1660 556 1759 aliaeque
573 1684 690 1735 causae
715 1659 813 1733 illam
832 1659 1029 1734 effecerint.
1080 1660 1198 1748 Quod
1222 1685 1294 1760 pro

220 1769 317 1847 fecto
332 1772 425 1846 adeo
440 1796 571 1848 verum
598 1780 663 1858 est,
692 1780 737 1844 ut
754 1794 830 1845 non
847 1772 960 1846 modo
986 1768 1151 1846 remedia
1174 1773 1292 1847 astrin-

219 1885 355 1981 gentis,
380 1893 419 1956 et
444 1884 657 1970 nutrientia,
682 1892 721 1955 et
750 1882 989 1971 stimulantia,
1018 1893 1057 1957 et
1085 1884 1293 1960 exercitatio

218 1995 386 2092 corporis,
404 2004 442 2067 et
459 1995 584 2094 frigus,
601 2002 640 2068 et
655 1995 771 2068 animi
787 1996 940 2071 affectus
957 1997 1176 2087 excitantes,
1201 1996 1291 2071 debi-

134 2203 138 2208 ¹
218 2102 315 2177 litati
342 2115 555 2191 occurrant;
581 2106 645 2179 sed
673 2107 862 2182 interdum
891 2111 1004 2184 etiam
1021 2109 1186 2183 remedia
1201 2132 1291 2208 quae-

217 2214 303 2290 dam
333 2241 494 2316 quorum
524 2220 731 2294 communis
760 2229 799 2294 et
827 2222 932 2319 quasi
947 2221 1124 2295 naturalis
1147 2221 1290 2296 effectus

217 2339 283 2418 est,
308 2355 439 2431 corpus
464 2331 666 2431 plurimum
691 2332 885 2407 infirmare.
937 2333 1007 2421 Sic,
1036 2357 1126 2408 cum
1153 2343 1291 2434 propter

217 2443 370 2518 nimiam
396 2447 585 2544 sanguinis
609 2444 885 2533 abundantiam,
920 2456 986 2519 aut
1023 2446 1165 2520 febrem
1191 2446 1289 2521 vehe-

216 2567 394 2646 mentem,
419 2567 540 2631 totum
564 2581 697 2656 eorpus
722 2555 875 2656 languet
899 2567 938 2630 et
962 2557 1189 2647 debilitatur,
1207 2555 1290 2631 male

218 2672 380 2759 omnino,
405 2671 452 2743 ad
478 2671 712 2770 integrandas
736 2669 815 2768 ejus
840 2671 945 2756 vires,
970 2670 1138 2745 medicus
1156 2673 1289 2745 victum

216 2785 454 2870 nutrientem,
464 2794 502 2857 et
512 2785 656 2869 vinum,
671 2791 710 2856 et
722 2783 893 2856 corticem
907 2779 1095 2857 cinchonae
1105 2777 1289 2881 rffdoclr's

215 2902 383 2981 tentaret,
419 2895 555 2968 scilicet
593 2919 676 2993 quae
699 2895 824 2967 omnia
848 2893 1078 2968 debilitatem
1107 2901 1289 2991 augerent.

215 3000 262 3075 In
287 3003 353 3077 tali
377 3014 486 3091 statu,
511 3006 632 3078 victus
657 3005 905 3093 tenuissimus,
935 3017 973 3081 et
989 3008 1141 3106 requies,
1158 3016 1196 3078 et
1213 3026 1290 3076 san·

213 3115 337 3211 guinis
354 3115 541 3203 detractio,
567 3127 607 3188 et
623 3113 702 3189 aliae
727 3116 1007 3207 exinanitiones,
1037 3116 1217 3192 debilitati
1241 3139 1289 3190 re-

212 3228 336 3301 medio
352 3231 481 3302 forent.

263 3363 465 3415 mcxxxnr.
492 3339 559 3413 Ad
576 3360 758 3413 summam
775 3340 901 3440 igitur,
919 3353 964 3416 ut
980 3343 1141 3430 videtur,
1171 3342 1288 3416 idone-

213 3475 279 3524 um
296 3455 436 3551 corpori
465 3452 628 3526 humano
644 3454 811 3552 vigorem
841 3463 879 3527 et
908 3455 1020 3528 robur
1036 3455 1184 3530 Natura
1207 3456 1288 3552 ipsa,

210 3585 277 3660 per
292 3567 391 3637 varia
407 3565 543 3662 quibus
558 3563 652 3639 illud
668 3565 841 3666 fungitur
856 3567 985 3655 officia,
1008 3568 1074 3641 dat
1091 3576 1288 3642 conservat-

209 3698 294 3771 que.
345 3675 531 3751 Homines
560 3688 697 3765 autem,
729 3680 881 3753 Naturae
898 3680 1055 3778 vestigia
1079 3705 1196 3779 quam
1221 3699 1290 3751 are·

70 3827 71 3840 ,
210 3787 351 3862 tissime
366 3789 629 3888 persequendo,
647 3790 765 3863 veluti
781 3815 852 3890 ope
869 3791 1019 3890 plurimi
1045 3801 1085 3865 et
1103 3791 1211 3867 valde
1226 3813 1288 3863 nu·

208 3899 352 3973 trientis
370 3901 452 3989 cibi,
477 3912 516 3976 et
532 3902 666 3977 crebrae
681 3911 720 3975 et
737 3902 868 3976 validae
885 3904 1169 3992 exercitationis,
1198 3903 1286 3977 vires

207 4032 290 4084 suas
318 4011 417 4085 haud
435 4037 566 4110 parum
595 4037 730 4112 augere
756 4024 933 4112 possunt;
959 4016 1063 4113 quod
1080 4027 1207 4090 tamen
1232 4035 1296 4111 pa·

204 4145 290 4205 rum
306 4123 353 4198 ad
369 4147 480 4204 usum
497 4124 685 4201 medicum
702 4125 886 4223 pertinet;
911 4150 998 4203 nam
1018 4127 1115 4203 vires
1141 4129 1194 4204 sio
1208 4147 1332 4228 prre‘
