2678 4794
66 406 153 480 aar.
170 405 332 460 xxxvn.
384 404 604 460 stammam
622 405 911 466 unsaramma.
1065 393 1135 468 507

66 607 288 659 avenaoeum
306 592 371 658 aut
387 582 640 671 hordeaceum,
656 584 850 682 multaque
866 582 1064 659 herbarum
1087 581 1149 656 de-

64 711 169 770 cocta
185 708 224 770 et
240 695 451 771 infusiones.

119 832 339 885 uccccnxv.
359 811 477 884 Potus
487 834 575 884 vero
588 821 719 885 tenues
736 820 774 884 et
791 809 903 884 simul
913 810 1148 908 aliquantum

69 922 311 1011 stimulantes,
338 922 461 1020 qualia
489 933 577 997 sunt
601 947 722 998 serum
751 923 933 1011 vinosum,
958 934 1071 1022 potus
1087 919 1151 995 ille

62 1033 193 1132 punct
210 1035 342 1119 dietus,
367 1035 488 1106 omnis
504 1035 579 1108 fere
594 1034 716 1132 liquor
732 1024 984 1123 fermentatus,
1010 1033 1069 1109 vel
1087 1033 1149 1109 cui

70 1143 278 1244 pauxillum
309 1145 569 1218 medicamenti
596 1147 758 1243 cujusvis
774 1148 1000 1223 stimulantis
1015 1146 1149 1220 admis-

70 1268 154 1330 tum
172 1256 294 1343 fuerit,
320 1259 437 1356 magis
463 1256 585 1333 adhuc
614 1282 726 1355 quam
743 1261 861 1357 priora
879 1261 1149 1356 (uccccaxrv)

71 1365 192 1442 valer‘e
209 1369 336 1444 solent.

123 1504 369 1556 MCCCCLXVI.
409 1483 526 1559 Multi
548 1483 648 1570 sales,
674 1507 749 1558 non
780 1486 893 1559 modo
921 1485 1152 1559 stimulantes

72 1595 138 1691 qui
157 1593 348 1681 habentur,
375 1597 438 1669 sed
455 1598 526 1696 ipsi
543 1598 656 1670 etiam
686 1598 752 1696 qui
781 1600 922 1698 optima
939 1597 1150 1695 retiigeran-

73 1706 125 1778 tia
141 1707 410 1780 meditamenta
428 1709 667 1807 (ntccxxvm)
693 1719 791 1797 sunt,
817 1711 878 1784 hie
895 1708 1046 1808 quoque
1063 1730 1153 1780 enu-
1261 1743 1263 1747 ⁷

73 1819 203 1891 merari
220 1818 378 1903 debent;
404 1820 613 1917 cujusmodi
643 1832 732 1896 sunt
760 1821 909 1897 aeidum
941 1815 1156 1920 vegetabile,

73 1929 192 2003 veluti
208 1929 355 2003 aeidum
371 1940 565 2018 acetosum,
590 1957 720 2008 suoeus
737 1936 819 2008 citri
839 1934 999 2018 medieae,
1029 1931 1155 2004 niteas

74 2049 245 2142 potussce,
262 2044 325 2114 &a
376 2042 545 2115 Effectus
562 2068 650 2117 vero
666 2045 766 2119 acidi
782 2042 999 2144 vegetabilis
1028 2045 1068 2117 in
1098 2067 1158 2116 su·

74 2154 163 2228 dore
179 2152 357 2226 eliciendo
374 2162 462 2226 sunt
479 2154 681 2228 admodum
695 2157 824 2254 exigui
836 2167 874 2230 et
887 2158 1036 2241 incerti;
1062 2155 1158 2253 ejus·

76 2290 151 2365 que
169 2290 255 2338 usus
273 2265 381 2363 plane
399 2264 618 2339 tribuendus
635 2279 690 2339 est
706 2266 872 2363 opinioni
889 2290 1022 2364 parum
1039 2278 1157 2351 certae,

77 2379 142 2452 sed
168 2379 258 2451 olim
285 2377 386 2476 apud
414 2377 575 2451 medicos
592 2386 757 2476 receptae,
783 2378 829 2450 de
862 2379 899 2450 vi
928 2375 1051 2473 aliqua
1080 2398 1159 2447 san-

77 2491 233 2588 guinem
259 2488 426 2562 solvendi
451 2499 490 2563 et
519 2490 748 2576 attenuandi,
774 2513 887 2587 quam
905 2488 957 2562 illi
976 2488 1161 2586 imputare

79 2602 239 2700 placuit;
266 2625 366 2674 nuno
383 2625 470 2675 vero
487 2609 525 2674 et
542 2602 669 2699 opinio
685 2602 755 2674 ista
779 2612 818 2675 et
845 2601 1162 2683 meditamentum

80 2713 192 2788 simul
211 2713 285 2785 fere
301 2711 549 2787 obsoluerant.
601 2711 744 2786 Nitens
758 2720 920 2812 potasse
932 2736 1020 2785 vero
1034 2735 1054 2784 a
1067 2708 1163 2785 mul-

81 2826 128 2900 tis
149 2825 308 2911 medicis,
335 2836 373 2898 et
389 2850 492 2924 uque
509 2823 654 2900 nectitis
670 2824 873 2911 arnmonioe,
890 2827 951 2898 &a
983 2824 1028 2897 ab
1045 2822 1163 2905 omni·

80 2938 151 3011 bns
176 2936 251 3010 sere
279 2937 447 3035 quotidie
480 2938 777 3036 praescribuntur,
816 2948 854 3012 et
880 2935 1045 3036 profecto
1074 2959 1165 3009 non·

80 3049 174 3124 nihil
192 3049 360 3148 prodesse
379 3049 564 3136 videntur,
590 3059 628 3124 et
657 3051 695 3123 in
726 3050 974 3149 refrigerando
1004 3072 1165 3147 corpore,

81 3174 124 3235 et
136 3161 334 3260 aliquando
350 3163 390 3236 in
408 3163 662 3261 promovendo
685 3164 826 3238 sudore.
879 3163 952 3237 Sed
969 3162 1027 3235 his
1044 3163 1166 3247 etiam,

82 3284 120 3347 et
139 3275 326 3359 similibus,
351 3287 544 3374 uteunque
561 3277 630 3350 sub
660 3276 811 3350 nomine
828 3272 1168 3375 diaphorericmam

83 3385 376 3484 refrigerantium
415 3387 668 3474 decantentur,
705 3394 839 3486 parum
871 3386 1067 3460 fidendum
1101 3394 1167 3474 est,

83 3499 154 3571 nisi
173 3498 293 3571 multo
311 3496 446 3595 largius
463 3509 659 3572 sumantur
674 3524 787 3597 quam
808 3497 922 3598 vulgo
939 3497 1068 3573 solent.

135 3632 377 3684 atceecnxvu.
403 3610 566 3685 Poturae
583 3634 664 3684 mro
680 3612 727 3684 ad
743 3613 915 3687 sudorem
944 3611 1169 3687 eliciendum

85 3723 206 3806 datur,
232 3745 354 3818 neque
383 3723 538 3795 omnino
567 3722 743 3796 idoneum
773 3725 979 3799 remedium
999 3724 1170 3808 videtur;

76 3832 273 3913 ,orrenwnia
292 3845 415 3906 autem
435 3832 658 3932 frequenter,
682 3843 721 3908 et
738 3834 827 3910 olim
853 3836 975 3910 multo
1001 3837 1171 3933 frequen·

87 3946 173 4019 tius.
226 3946 320 4019 Haee
345 3955 482 4032 autem,
508 3945 623 4020 solida
651 3945 768 4021 forma
793 3949 824 4021 si
852 3949 964 4023 suerit
989 3948 1171 4036 devorata,

86 4058 259 4154 quamvis
282 4083 412 4156 eorpus
432 4059 589 4134 multum
616 4060 782 4134 stimulet
806 4072 845 4135 et
870 4060 1064 4146 oalesaeiat,
1089 4059 1169 4132 nul·

88 4169 169 4244 lum
188 4194 283 4267 saepe
300 4171 398 4246 elicit
415 4173 597 4259 sudorem,
624 4170 694 4253 nisi
719 4172 862 4249 multus
892 4169 1002 4249 simul
1020 4171 1172 4247 haustus
