2678 4794
133 404 226 462 car.
244 400 341 461 xxv.
437 396 669 463 Mammam
682 398 972 460 annonnrrcn.
1142 390 1216 461 825

132 583 186 660 sic
210 585 354 656 nocent
416 576 609 667 Praeteres,
647 576 812 654 excitmt
834 587 874 655 et
898 576 1113 656 olenciunt
1136 602 1212 655 cor·

131 719 213 796 pus,
237 691 390 767 forsitan
408 689 489 789 jam
512 691 623 766 nimis
639 689 768 769 calens.
817 691 873 769 Et
888 680 1060 795 denique,
1082 699 1215 773 nature

129 830 197 883 sua
211 804 424 892 acescentis,
449 802 656 879 ventriculo
675 803 755 903 jam
779 802 929 882 infirmo
944 828 1040 906 saepe
1067 813 1213 894 nocent,

126 942 274 1017 acorem
291 917 331 990 in
348 940 393 991 eo
408 916 583 1016 gignunt,
601 917 875 994 concoctionem
890 917 1162 1006 alimentorum,
1174 925 1213 993 et

126 1022 416 1116 nutrimentum,
433 1044 472 1104 et
488 1029 725 1106 refectionem
740 1031 910 1131 corporis,
934 1031 1156 1132 impediunt,
1173 1037 1212 1106 et

127 1143 199 1219 hoc
214 1143 301 1218 ideo
316 1143 419 1231 brevi
435 1141 636 1218 infirmant.
799 1137 806 1153 ’

178 1240 347 1333 asam?
371 1255 556 1344 Quaedam
592 1281 641 1331 ex
677 1257 723 1332 iis
746 1267 896 1358 propter
919 1239 1141 1335 tenuitatem
1165 1252 1212 1329 ad

129 1391 274 1444 acorem
297 1369 406 1443 valde
442 1366 619 1467 proclivia
652 1364 862 1458 existentia,
888 1371 1057 1472 quaedam
1086 1376 1213 1445 oontm

129 1488 263 1556 natura
283 1481 400 1581 magis
417 1505 569 1570 meraca,
594 1482 790 1558 excitando
814 1483 946 1583 primo,
972 1492 1097 1582 postea
1113 1480 1212 1557 infin

127 1592 265 1671 mando
280 1593 513 1669 stomachum
530 1604 707 1671 ettotam
725 1620 868 1696 corpus,
888 1597 1035 1697 aegrotis
1051 1595 1211 1671 maxime

124 1717 273 1782 nocent
325 1707 363 1781 Si
380 1730 487 1807 parce
504 1706 709 1785 bibendum
725 1718 791 1799 est,
809 1710 1003 1785 meraciore
1019 1706 1213 1807 Hispaniae

125 1829 167 1893 et
191 1817 397 1894 Lusitaniae
413 1821 500 1921 vina
515 1821 657 1919 optima
672 1831 761 1898 sunt
777 1831 816 1897 et
832 1821 992 1897 maxime
1020 1819 1211 1931 amatorias

123 1931 185 2005 sin
208 1929 357 2030 largius,
391 1933 539 2032 puriora
574 1944 613 2007 et
638 1937 780 2010 saniora
803 1926 936 2011 Galliae
958 1934 1047 2011 vina
1074 1932 1212 2008 tutiora

126 2050 280 2119 suntet
304 2045 411 2143 aegris
435 2055 474 2120 et
497 2045 602 2120 sanis.
653 2047 718 2121 Ex
742 2047 923 2123 cererisiis
947 2071 1045 2136 vero,
1070 2042 1212 2121 Londi-

125 2155 250 2231 nemis
274 2157 337 2231 illa
360 2157 463 2232 sortis
487 2168 601 2257 atque
624 2181 756 2247 amara,
781 2183 868 2257 quae
884 2153 1024 2236 Porter
1048 2166 1211 2240 vocatur,

125 2268 364 2344 salubenima
379 2282 445 2359 est,
470 2280 509 2345 et
525 2269 799 2370 aegrotantibus,
828 2271 873 2344 iis
888 2270 1090 2370 praesertim
1107 2267 1174 2368 qui
1190 2291 1212 2340 a

124 2380 317 2456 stomacho
340 2381 516 2471 laborant,
555 2381 942 2471 accommodatissima,
974 2391 1014 2456 et
1038 2379 1113 2454 fere
1128 2376 1213 2459 ,sola

124 2494 382 2593 permittenda

129 2664 132 2671 ·
179 2625 349 2682 uxxxn.
376 2608 518 2681 Praetcr
533 2630 621 2682 vem
636 2629 764 2681 omnes
787 2605 947 2706 liquores
962 2604 1211 2691 fermentatos,

126 2716 361 2794 meracissimi
378 2719 432 2793 illi
449 2719 584 2806 latices,
609 2720 677 2819 qui
704 2716 864 2819 spiritus
887 2713 1066 2801 destillari
1081 2738 1211 2790 vocan-

125 2839 200 2918 tur,
216 2830 319 2930 apud
334 2832 470 2908 multos
496 2832 536 2905 in
563 2856 635 2926 usu
652 2831 870 2932 quotidiano
893 2841 993 2920 sunt,
1017 2839 1084 2905 aut
1107 2828 1210 2915 meri,

123 2951 191 3019 aut
207 2965 296 3018 cum
312 2969 409 3044 aqua
436 2953 475 3019 et
491 2943 570 3020 aliis
598 2943 707 3020 rebus
731 2943 927 3020 commisti.
978 2942 1036 3019 Hi
1052 2964 1139 3017 sane
1154 2940 1209 3019 in·

125 3054 332 3130 commodis
348 3055 570 3153 quibusdam
588 3056 764 3133 vinorum
791 3054 901 3157 plane
917 3065 1062 3142 carent3
1087 3077 1210 3154 neque

125 3166 225 3240 enim
243 3190 377 3266 corpus
394 3169 579 3257 nutriunt,
606 3191 731 3269 neque
746 3176 920 3246 acescunt
934 3168 975 3244 in
990 3165 1209 3258 ventriculo,

126 3277 192 3353 sed
205 3279 332 3378 potius
347 3304 490 3355 acorem
507 3281 545 3354 in
573 3304 618 3354 eo
646 3280 881 3380 impediunt:
907 3279 1102 3356 commoda
1117 3301 1209 3377 quo·

125 3412 200 3488 que
228 3389 329 3466 haud
358 3393 495 3493 exigua
522 3391 632 3491 plane
658 3392 865 3492 possident;
890 3387 1141 3468 ventriculum
1170 3398 1209 3466 et

124 3511 250 3579 totum
266 3528 399 3605 corpus
426 3505 601 3594 excitant,
627 3512 668 3578 et
691 3506 743 3581 sic
765 3503 1040 3581 concoctionem
1057 3501 1207 3579 alimen-

123 3626 260 3704 tomm,
277 3616 381 3690 aliter
398 3615 653 3691 difficillimam
669 3616 846 3707 fistucam,
867 3641 963 3717 saepe
978 3622 1208 3716 promovent

124 3726 381 3805 Nihilominus
408 3753 499 3806 vero
527 3728 685 3830 plurima
717 3739 756 3805 et
788 3730 944 3830 pessima
975 3725 1210 3805 incommoda

122 3861 321 3942 nunquam
337 3867 413 3916 non
431 3841 581 3932 habent,
596 3851 635 3917 et
650 3844 784 3917 merito
800 3843 969 3919 omnium
982 3866 1105 3918 rerum
1118 3861 1209 3939 quas

124 3950 305 4030 hactenus
321 3954 474 4030 luxuria
489 3954 651 4030 humana
669 3956 934 4055 excogitaverit
955 3951 1210 4055 pemiciosissi-

125 4066 178 4141 mi
194 4066 391 4143 habentur.
444 4068 568 4145 Nimis
580 4067 778 4144 excitando
793 4092 889 4169 saepe
905 4077 1061 4152 nocent;
1079 4062 1210 4163 saepius
1311 4058 1313 4062 ⁴

98 4270 105 4279 ι
124 4179 251 4256 adhuc
268 4191 308 4256 et
324 4184 443 4281 magis
471 4182 716 4258 infirmando:
737 4178 876 4282 generi
903 4202 1067 4257 nervoso.
1085 4170 1212 4271 impri-

127 4293 203 4367 mis·
213 4292 358 4372 inimici
377 4304 476 4384 sunt,
494 4305 534 4373 et
548 4293 766 4386 ventriculo,
783 4306 822 4372 et
832 4293 970 4393 jecori;
996 4287 1097 4365 unde
1112 4283 1212 4361 infir·
1315 4372 1319 4379 .
