2678 4794
143 368 216 443 too
555 393 803 452 consancrus
1046 388 1250 446 caum

150 566 388 658 stimulantia,
413 577 559 645 externa
575 574 709 670 pariter
730 578 770 643 et
797 570 953 643 interna.
1010 567 1116 645 Sive
1147 566 1246 640 enim

151 679 320 756 debilitas
345 684 405 758 issa
433 709 516 760 cum
544 684 740 783 putredine
769 681 963 779 conjuncta
988 680 1139 766 fuerit,
1174 680 1244 752 sive

150 815 238 867 cum
267 797 378 871 nimia
406 797 616 886 mobilitate,
639 807 678 873 ct
701 793 933 879 tremoribus,
957 803 996 864 et
1033 788 1239 866 tendinum

150 904 387 998 subsultibas,
404 908 621 986 certatoria
637 909 747 1008 plane
763 905 926 980 adhiberi
941 927 1022 976 non
1044 904 1205 978 debent

203 1041 347 1098 mucxr.
366 1025 498 1122 Neque
509 1022 569 1096 hic
581 1022 729 1096 silentio
744 1018 927 1118 praeterire
941 1016 995 1090 fas
1016 1026 1083 1090 est
1103 1016 1235 1116 experi-

149 1147 276 1208 menta
293 1136 376 1209 clari
392 1135 562 1221 auctoris,
577 1133 736 1207 infelicia
752 1131 902 1230 quidem
918 1128 991 1215 illa,
1013 1130 1088 1202 sed
1107 1154 1184 1204 non
1198 1153 1232 1202 eo

147 1247 271 1318 minus
289 1246 403 1334 utilia,
427 1271 590 1346 quaeque
606 1247 683 1345 ipse
701 1246 854 1319 honesto
880 1253 918 1315 et
944 1240 1100 1316 liberali
1119 1244 1232 1316 animo

145 1356 266 1453 palam
283 1360 471 1434 indicavit.
523 1361 602 1433 Hic
618 1369 744 1433 auctor
760 1357 799 1431 in
817 1355 1084 1453 experimenta
1116 1356 1165 1429 de
1187 1354 1228 1426 fe·

146 1466 268 1544 brium
287 1473 458 1548 remediis
467 1472 695 1559 incumbens,
711 1493 826 1568 aegros
838 1467 993 1563 aliquot,
1013 1466 1228 1565 posthabitis

147 1581 332 1685 plerisque
343 1587 421 1661 aliis
431 1586 586 1672 auxiliis
604 1581 831 1660 vesicatoriis
840 1581 914 1654 fere
924 1579 1014 1653 solis
1025 1581 1225 1664 commisit;

146 1694 434 1775 febricitantium
449 1724 535 1773 vero
551 1698 620 1771 hoc
632 1697 743 1770 modo
756 1702 995 1768 tractatorum
1017 1693 1137 1790 major
1150 1715 1226 1792 pars

145 1813 274 1906 periit;
301 1835 503 1908 eorumque
519 1810 585 1904 qui
601 1817 799 1890 evaserant,
825 1828 937 1876 nemo
955 1805 1119 1879 multum
1138 1804 1224 1877 boni

143 1920 190 1992 ab
206 1921 268 1992 illo
284 1922 446 1992 remedio
462 1917 633 2013 percepit,
659 1914 824 2012 plerique
841 1913 944 1988 haud
962 1941 1095 2015 parum
1109 1915 1206 1991 mali.

191 2049 355 2098 rmcxu.
382 2027 450 2098 Ad
466 2049 651 2099 summam
669 2026 797 2124 igitur,
822 2027 1048 2104 concludere
1076 2053 1219 2128 aequum

139 2148 243 2224 esset,
270 2137 489 2210 medicinam
520 2136 558 2210 in
585 2139 687 2236 puris
712 2138 872 2212 febribus
903 2139 969 2213 tali
997 2141 1102 2217 haud
1130 2165 1218 2241 aegre

140 2252 336 2325 carituram
361 2274 437 2323 esse
461 2248 611 2338 auxilio,
636 2251 707 2324 nisi
732 2275 954 2350 magnorum
985 2255 1217 2352 quorundam

140 2365 336 2437 nominum
362 2364 557 2438 auctoritas
574 2364 634 2435 isti
651 2365 816 2462 opinioni
839 2365 1108 2445 adversaretur.
1156 2367 1215 2441 Li-

139 2487 219 2550 tem
233 2478 316 2550 ideo
329 2477 500 2550 ulteriore
512 2476 738 2573 experientia
754 2478 1001 2551 dirimendam
1015 2481 1214 2580 relinquere

67 2645 74 2658 .
139 2589 337 2688 praestabit,
355 2613 465 2685 quam
480 2599 616 2662 temere
626 2598 664 2662 et
676 2588 890 2662 festinanter
902 2589 1120 2686 dijudicare.
1159 2593 1213 2665 In·

137 2704 246 2775 terim
266 2726 352 2774 vero
363 2702 473 2797 juvat
489 2702 643 2788 novisse,
674 2702 940 2774 amantissimos
966 2729 1137 2803 quosque
1159 2728 1210 2777 eo

135 2838 219 2886 rum
238 2812 457 2887 cementaria
474 2837 574 2887 nunc
591 2813 711 2887 multo
728 2815 869 2913 parcius
886 2823 925 2888 et
940 2818 1092 2893 cautius
1107 2838 1204 2915 quam

136 2925 224 3001 olim
242 2926 533 3000 febricitantibus
550 2928 749 3023 imponere.

185 3060 366 3110 rrncxnr.
393 3037 679 3110 Administratio
708 3048 747 3109 et
775 3039 1013 3114 incommoda
1043 3037 1201 3116 remedio·

135 3172 219 3222 rum
236 3146 542 3247 cpispasticorum
562 3173 646 3244 quae
663 3152 862 3223 constantis
879 3163 917 3225 et
934 3152 1124 3228 diutumae
1137 3150 1204 3224 exi-

133 3260 333 3335 nanitionis
349 3285 455 3333 causa
471 3258 704 3348 adhibentur,
728 3286 776 3334 ex
788 3263 867 3359 jam
886 3264 996 3340 dictis
1023 3267 1073 3340 de
1088 3287 1205 3340 evacu-

133 3375 281 3447 antibus
299 3372 468 3446 remediis
484 3372 700 3469 generatim,
726 3373 830 3448 facile
850 3376 1013 3477 intelligi
1030 3383 1205 3478 poterunt.

132 3485 318 3558 Memoria
346 3509 433 3557 vero
463 3508 581 3581 usque
609 3494 734 3559 tenere
763 3497 917 3585 oportet,
955 3489 1057 3566 haud
1083 3511 1204 3590 parum

131 3620 226 3695 saepe
242 3595 488 3694 periculosum
506 3620 593 3683 ease,
611 3600 809 3695 praesertim
828 3600 963 3674 adultis
976 3605 1076 3692 (narn
1090 3601 1202 3701 junio

128 3736 169 3784 ra
185 3732 332 3806 corpora
357 3705 421 3779 tali
447 3710 645 3783 mutationi
672 3710 812 3785 facilius
838 3712 913 3785 fere
940 3738 979 3786 se
1010 3733 1201 3790 accommo-

128 3824 244 3919 dant),
256 3818 463 3921 fonticulos
481 3821 539 3894 vel
557 3829 700 3896 satureo
718 3822 932 3921 aliquandiu
958 3824 1118 3901 fluentia
1132 3834 1203 3898 tan·

126 3935 212 4008 dem
226 3931 423 4006 detrahere.
475 3933 574 4006 Talis
588 3934 687 4006 enim
699 3934 913 4020 exinanitio,
931 3935 1205 4034 humorumque

125 4046 303 4120 derivatio
320 4044 522 4143 singularis,
548 4045 815 4119 consuetudine
839 4045 981 4144 aliquot
1008 4052 1204 4132 mensium,

123 4157 183 4233 vel
200 4167 348 4231 rortasse
365 4180 555 4242 annorum,
574 4155 760 4230 nonnullis
773 4158 835 4229 vix
855 4160 979 4233 minus
996 4160 1202 4236 necessariae

121 4269 219 4350 fiunt
234 4293 348 4376 quarn
377 4270 559 4349 naturales
584 4269 743 4374 corporis
759 4272 996 4362 excretiones,
1022 4299 1116 4375 quas
1132 4273 1202 4355 mi,
