2678 4794
185 263 257 338 416
594 283 846 340 cousracros
1045 283 1134 338 car.
1153 280 1282 339 xxm·

183 484 254 559 pro
268 458 591 561 antispasnrodicis
617 486 712 561 sape
738 461 890 537 fuerunt
918 458 1083 534 adhibita
1108 469 1151 536 et
1175 462 1278 537 mul·

183 584 279 647 tum·
297 573 464 660 laudnta3
499 574 616 648 veluti
641 573 900 674 srdpburetuna
929 571 1174 672 hydrargyn'
1205 600 1274 651 ra·

37 732 40 737 -
132 716 136 723 ·
182 683 303 774 mam,
319 710 406 762 cum
421 687 546 761 nativa
560 695 644 759 tum
661 686 810 774 factitia,
820 685 941 762 lichen
958 687 1125 759 cinereus
1142 698 1274 763 terres-

184 799 260 885 tris,
286 800 405 875 viscus
429 823 602 898 quernus,
626 797 781 874 oaidum
804 796 902 872 zinci
929 797 1013 889 (nisi
1051 796 1091 871 hi
1126 797 1273 898 aliquid

182 911 366 986 facultatis
381 912 618 1011 astringentis
643 921 684 985 et
711 910 915 985 roborantis
933 909 1118 1009 possidere
1144 912 1271 987 existi·

165 1036 334 1098 ,mentur
360 1026 494 1115 (mxu,
511 1032 704 1122 nrxavm),
728 1034 768 1097 et
794 1024 845 1098 sic
871 1023 1070 1122 aliquando
1092 1022 1270 1101 adversus

183 1160 342 1234 spasmos
368 1138 515 1234 (mcxv)
549 1137 696 1234 valere),
720 1136 916 1235 multaque
949 1134 1020 1208 alia
1051 1134 1199 1225 similia,
1231 1146 1268 1211 et

181 1248 359 1323 nonnullo
375 1273 521 1348 prorsus
547 1250 705 1325 absurda
719 1259 834 1348 atque
861 1247 1025 1334 ridicula,
1051 1273 1140 1346 quae
1155 1248 1268 1346 majo-

180 1383 265 1435 rum
281 1363 495 1462 superstitio
510 1374 577 1438 aut
592 1363 810 1464 ignorantia,
839 1372 905 1436 aut
920 1361 1170 1435 recentiorum
1186 1384 1266 1435 auo

180 1482 304 1575 torum
322 1498 459 1551 errores
474 1477 710 1564 invexerunt,
740 1496 898 1574 quaeque
914 1465 1148 1548 medicorum
1177 1472 1266 1573 pari·

179 1595 237 1661 ter
251 1599 366 1688 atque
382 1589 512 1690 populi
527 1588 724 1664 credulitas
741 1588 808 1661 diu
826 1587 991 1661 retinuit.

230 1723 424 1779 mccxnvr.
449 1703 632 1792 Quamvis
658 1700 903 1775 certissimum
930 1699 978 1772 sit
1008 1697 1095 1773 talia
1111 1697 1267 1774 medica·

179 1827 307 1889 mento
331 1841 397 1890 sua
421 1827 552 1890 natura
576 1813 668 1887 nihil
692 1810 827 1896 valere,
851 1819 978 1884 tamen
1012 1833 1089 1883 non
1119 1810 1267 1886 defuere

178 1927 358 2024 exempla,
385 1950 508 2022 neque
523 1949 640 2023 pauca
655 1947 779 2021 neque
796 1921 910 1996 dubia
940 1922 1061 2020 (siqua
1086 1922 1266 2023 scriptori·

178 2035 247 2108 bus
263 2036 414 2109 medicis
431 2035 548 2133 fides),
573 2035 639 2110 ubi
670 2035 875 2134 plurimum
894 2033 1051 2108 valuisse
1066 2035 1148 2110 visa
1173 2034 1265 2110 siut:

176 2144 282 2242 cujus
310 2147 364 2219 rei
391 2147 486 2221 ratio
516 2146 596 2222 haec
624 2148 744 2221 forsan
773 2156 849 2232 est;
883 2146 986 2245 quod
1012 2146 1126 2222 multi
1153 2147 1266 2222 morbi

175 2281 409 2357 spasmorum
424 2261 568 2360 generis
585 2284 681 2360 saepe
691 2283 758 2334 sua
769 2267 900 2358 sponte
912 2258 1100 2346 desinunt,
1118 2258 1265 2335 fortasse

175 2389 382 2470 nunquam,
411 2373 472 2449 vel
487 2374 617 2448 saltem
633 2381 718 2473 post
734 2373 843 2472 longa
860 2370 1062 2459 intervalla,
1090 2372 1264 2456 rediturir

176 2483 230 2558 ita
245 2496 291 2559 ut
307 2486 486 2586 quicquid
503 2486 765 2562 medicamenti
782 2484 949 2584 proxime
972 2495 1060 2558 ante
1077 2485 1265 2561 decessum

177 2598 298 2671 morbi
326 2598 457 2674 fuisset
485 2599 717 2690 devoratum,
747 2599 794 2672 ab
817 2614 937 2698 aegro,'
952 2597 1109 2696 ejusque
1133 2599 1265 2684 amicis,

176 2707 328 2783 forsitan
357 2712 470 2785 etiam
499 2737 521 2786 a
549 2713 694 2787 medico
710 2712 836 2785 minus
861 2718 971 2785 cauto
986 2720 1103 2808 atque
1131 2732 1263 2811 sagace,

175 2843 244 2916 pro
272 2823 439 2897 remedio
464 2823 543 2920 ejus
570 2825 775 2899 haberetur.
826 2823 1020 2908 Praeterea,
1048 2822 1165 2898 multa
1179 2824 1263 2896 isto

175 2953 262 3003 rum
279 2931 634 3010 medicamentorum
652 2959 728 3008 una
743 2957 831 3008 curn
848 2934 929 3008 aliis
947 2944 986 3008 et
1004 2932 1261 3009 efficacioribus

176 3043 357 3129 remediis,
375 3044 494 3119 veluti
510 3045 809 3144 astringentibus,
825 3057 893 3120 aut
909 3046 1172 3133 roborantibus,
1196 3053 1263 3119 aut

175 3154 285 3228 variis
301 3154 627 3244 exinanitionibus,
651 3181 748 3256 saepe
763 3157 918 3235 fuerunt
947 3160 1123 3247 adhibita,
1144 3169 1184 3233 et
1200 3181 1264 3258 per

175 3290 331 3343 errorem
349 3270 496 3369 aegrotis
513 3270 599 3343 satis
616 3271 833 3359 naturalem,
860 3273 924 3347 sed
943 3272 1094 3347 medicis
1111 3271 1264 3347 minime

175 3379 362 3471 decorum,
387 3393 426 3457 et
450 3405 536 3456 sane
565 3383 631 3456 vix
655 3384 953 3473 condonandum,
989 3410 1057 3485 pro
1082 3385 1190 3459 bonis
1215 3381 1260 3456 ef·

174 3490 331 3568 festibus
355 3494 513 3583 laudma,
538 3495 676 3594 quibus
704 3496 798 3571 nihil
829 3498 985 3572 omnino
1010 3496 1262 3573 contulissent.

174 3601 301 3679 Multa
326 3605 478 3679 demum
504 3631 552 3681 ex
578 3609 622 3681 iis
647 3610 714 3707 qui
740 3634 787 3684 ne
816 3611 1017 3684 minimum
1044 3609 1200 3708 quidem
1224 3610 1260 3682 in

174 3739 325 3814 corpora
347 3723 611 3816 aegrotantium
639 3721 759 3797 valere
791 3724 1010 3822 potuissent,
1046 3723 1088 3795 in
1124 3723 1261 3796 arrimos

173 3851 302 3909 eorum
328 3831 531 3929 plurimum
560 3861 657 3936 saepe
672 3834 894 3921 valuerunt3
919 3846 958 3908 et
974 3847 1165 3932 quantum
1191 3829 1261 3907 ani·

174 3943 227 4014 mi
253 3944 293 4016 in
321 3964 453 4043 corpus
478 3948 679 4046 imperium
707 3949 766 4035 sit,
800 3972 888 4021 cum
912 3947 951 4020 in
977 3936 1158 4021 faciendis
1183 3958 1260 4020 tum

173 4056 326 4152 quoque
350 4057 390 4137 in
420 4056 592 4134 tollendis
625 4061 772 4146 morbis,
797 4083 873 4134 non
908 4058 967 4134 hic
996 4069 1054 4134 est
1079 4057 1183 4134 locus
1211 4056 1259 4130 di·

172 4167 289 4245 cendi.
340 4167 487 4246 Multos
516 4183 615 4249 certe
644 4172 718 4249 sola
733 4172 826 4249 fides
843 4196 909 4250 sua
934 4171 1088 4272 penitus
1113 4169 1259 4247 sanant.
