2678 4794
129 451 220 506 car.
238 449 343 505 xxx.
421 447 937 507 unn1crurrrnnonnmcn.
1141 440 1215 518 379,

127 637 216 702 turn
241 636 422 726 praestare,
459 635 497 699 et
521 649 596 699 non
621 627 734 701 modo
758 652 842 719 non
860 628 1047 704 stimulare
1071 653 1213 729 corpus,

127 762 327 814 sensumve
343 751 538 813 motumve
553 738 706 827 efficere,
736 741 801 814 sed
817 738 966 816 sensum
983 765 1131 815 omnem
1149 743 1213 816 ob-

126 852 286 926 tundere
302 860 415 948 atque
432 850 563 948 sopire,
588 861 810 951 motumque
834 855 1042 952 reprimere,
1065 879 1212 952 corpus-

129 988 201 1062 que
218 964 374 1038 demum
390 966 443 1036 ita
458 964 611 1052 afficere,
624 974 668 1039 ut
685 966 833 1064 segnius
849 967 887 1039 in
902 967 1105 1064 posterum(
1119 968 1213 1039 dum

128 1075 273 1151 illorum
300 1075 456 1150 effectus
481 1075 604 1176 durat)
629 1079 725 1152 veris
742 1078 1018 1155 stimulantibus
1042 1078 1213 1152 remediis

128 1189 321 1264 excitetur.

180 1322 337 1376 ncnvn.
364 1300 547 1387 Quamvis
571 1325 660 1375 vero
684 1301 742 1376 hae
758 1327 813 1378 res
830 1303 922 1377 adeo
938 1312 1046 1377 certae
1075 1304 1149 1378 sint
1165 1310 1212 1377 ut

125 1411 224 1488 nihil
247 1413 375 1512 magis,
400 1421 526 1485 tamen
543 1414 635 1486 ratio
653 1437 778 1487 earum
797 1415 903 1489 valde
921 1415 1073 1488 obscura
1088 1426 1126 1489 et
1143 1414 1212 1488 dif-

126 1524 233 1600 ficilis
250 1536 314 1600 est.
365 1525 564 1623 Imprimis,
581 1527 669 1625 quia
685 1526 804 1600 multa
820 1527 1096 1613 medicamenta,
1117 1527 1211 1599 aliae-

125 1661 202 1736 qne
218 1661 285 1724 res,
301 1645 444 1711 naturae
460 1639 490 1711 si
508 1662 582 1711 non
599 1663 745 1737 prorsus
761 1639 927 1737 ejusdem
945 1640 1076 1715 saltem
1100 1637 1211 1712 simil-

125 1747 235 1839 limae,
265 1750 463 1824 contrarios
492 1752 641 1848 penitus
667 1749 821 1826 effectus
839 1752 998 1838 habent3
1025 1752 1116 1825 dum
1142 1749 1213 1822 alia

126 1861 221 1937 bene
246 1862 377 1949 multa,
405 1863 575 1961 quamvis
603 1865 857 1938 diversissimae
886 1875 1037 1950 naturae,
1064 1861 1213 1936 eosdem

124 1973 186 2049 vel
216 1975 421 2048 simillimos
451 1973 578 2049 saltem
611 1975 766 2050 effectus
794 1985 978 2073 praestant.
1042 1974 1213 2048 Maxima

125 2096 251 2162 autem
282 2086 479 2161 difficultas
508 2097 621 2186 atque
650 2087 851 2160 obscuritas
880 2088 992 2184 hujus
1009 2087 1061 2160 rei
1085 2087 1124 2159 in
1142 2086 1213 2161 hoc

125 2199 303 2286 consistit,
333 2199 435 2298 quod
461 2198 682 2297 magnitudo
699 2198 852 2270 effectus
877 2197 1007 2271 talium
1033 2199 1211 2272 remedio-

124 2334 210 2387 rum
227 2312 383 2385 minime
409 2310 607 2409 respondet
636 2308 887 2406 magnitudini
917 2333 1057 2393 causae3
1086 2310 1140 2382 ita
1167 2320 1212 2383 ut

124 2423 221 2498 hanc
237 2423 465 2498 intendendo
483 2448 556 2497 non
576 2447 719 2520 semper
735 2420 907 2495 effectum
927 2446 994 2518 pro
1010 2430 1087 2493 rata
1110 2429 1212 2517 parte

124 2560 261 2634 augere
277 2536 467 2634 possimus.
518 2536 613 2609 Tam
631 2534 741 2633 longe
756 2533 862 2606 aliter
891 2535 992 2607 enim
1009 2556 1065 2605 res
1094 2555 1132 2605 se
1149 2530 1211 2604 ha-

125 2647 202 2733 bet,
233 2656 277 2721 ut
305 2673 399 2746 saepe
416 2649 558 2745 primus
588 2656 626 2720 et
655 2648 760 2744 quasi
777 2645 953 2719 naturalis
983 2643 1133 2718 remedii
1152 2642 1209 2716 vel

123 2757 437 2834 stimulantis'vel
457 2759 616 2834 sedantis
639 2759 802 2846 effectus,
833 2759 863 2832 si
880 2759 949 2833 boc
965 2758 1131 2832 multum
1155 2757 1210 2830 in-

123 2871 324 2958 tendimus,
341 2871 445 2945 brevi
462 2871 614 2959 desinat,
644 2883 682 2946 et
700 2872 849 2946 tandem
868 2871 985 2945 veluti
1013 2871 1052 2943 in
1070 2877 1210 2944 contra·

123 2983 222 3057 rium
241 2994 424 3069 transeat;
451 2986 543 3081 quin
560 2996 597 3058 et
616 2985 820 3059 secundum
836 2985 952 3058 varias
979 2983 1147 3082 corporis,
1172 2992 1210 3055 et

125 3096 330 3193 praesertim
344 3096 503 3194 generis
519 3096 669 3172 neruosi
684 3097 925 3183 conditiones,
943 3121 1027 3193 quae
1043 3095 1212 3194 plurimae

123 3214 161 3280 et
177 3207 379 3280 admodum
411 3207 565 3282 diversa
594 3211 774 3296 existunt,
804 3233 890 3282 cum
921 3208 960 3280 in
979 3207 1129 3280 diversis
1146 3206 1211 3279 ho-

122 3318 299 3406 minibus,
327 3333 410 3393 tum
441 3344 592 3419 quoque
619 3321 658 3395 in
685 3322 817 3394 iisdem
834 3321 944 3394 variis
970 3316 1209 3416 temporibus

122 3431 220 3504 actio
250 3431 384 3504 horum
414 3434 662 3506 remediorum
692 3458 787 3531 saepe
813 3444 879 3507 aut
903 3431 1115 3529 impeditur,
1144 3439 1210 3502 aut

121 3543 263 3615 mirum
292 3543 331 3615 in
349 3544 505 3618 modum
537 3544 730 3634 turbatur,
758 3546 810 3617 ita
839 3556 884 3618 ut
912 3543 1064 3618 effectus
1093 3543 1139 3616 ab
1166 3543 1210 3615 iis

121 3652 223 3728 haud
240 3678 321 3728 raro
337 3656 579 3730 observentur
607 3681 629 3728 a
646 3655 770 3742 solitis,
801 3667 838 3730 et
856 3680 941 3752 quae
957 3655 1040 3728 ideo
1057 3655 1209 3730 credun·

120 3776 183 3840 tur
199 3768 384 3841 naturales
401 3778 440 3842 et
458 3769 605 3867 proprii,
622 3769 776 3842 omnino
792 3767 937 3841 diversi.

171 3901 349 3954 menum.
368 3881 473 3954 Hinc
489 3882 533 3954 iis
551 3882 616 3979 qui
634 3881 755 3954 verbis
771 3904 938 3979 pugnare
954 3892 1079 3955 mnant
1109 3904 1208 3978 egre-

120 3989 182 4088 gia
197 3993 340 4065 occasio
356 3992 581 4091 disputandi,
609 4004 658 4081 et,
684 4003 729 4067 ut
745 4005 890 4080 vocant,
916 3994 1209 4093 philosophandi,

120 4101 383 4201 plurimasque,
401 4117 439 4180 et
457 4107 722 4193 subtilissimas,
740 4117 779 4180 et
795 4106 841 4178 ab
858 4107 959 4178 omni
977 4131 1046 4179 usu
1064 4106 1208 4178 medico

121 4212 359 4290 alienissimas
387 4218 568 4293 doctrinas
594 4219 810 4307 aedificandi,
849 4219 895 4292 de
921 4218 1060 4292 viribus
1089 4229 1126 4289 et
1152 4239 1208 4286 ac-

122 4325 222 4402 tione
239 4328 489 4406 remediorum
507 4331 781 4409 stimulantium
798 4340 837 4408 et
866 4329 1086 4418 sedentium,
1115 4351 1206 4426 quo·
