2678 4794
127 368 213 426 can.
231 367 370 422 xxxva
421 365 642 445 nanterum
661 369 951 427 annonnmcar.
1132 356 1205 432 499

125 532 211 632 τοὶς
236 553 459 645 quapropter
482 555 538 620 sat
564 545 682 620 suerit
701 550 885 645 praecipua
912 571 1038 622 eorum
1067 569 1202 646 genera

124 682 362 733 enumerasse.
414 657 510 731 Haec
521 658 618 731 inter
627 659 809 758 imprimis
820 664 1087 757 (mccccxnvr)
1099 658 1202 731 venit

124 795 219 869 aqua
236 795 336 869 pura,
354 778 392 844 et
408 771 530 843 omnis
547 769 621 843 fere
638 783 759 869 potus,
786 775 956 871 quamvis
973 773 1202 854 mitissimus,

124 882 240 957 velati
257 907 380 956 serum
397 882 510 968 lactis,
535 882 666 956 multae
688 884 889 958 infusiones
905 885 1100 958 herbarum
1117 881 1201 956 alia·

102 1018 286 1092 xrumque
315 994 480 1091 frugum,
506 993 710 1091 multaeque
737 1021 845 1095 aquae
873 996 1107 1071 medicinales
1136 1017 1203 1067 sua

124 1118 256 1181 natura
271 1107 426 1178 minime
441 1129 548 1180 acres.
600 1105 720 1180 Potus
738 1132 826 1182 vero
851 1110 919 1207 qui
947 1107 1090 1206 aliquid
1115 1108 1204 1181 acri·

123 1219 260 1292 moniae
276 1219 315 1290 in
333 1243 371 1291 se
387 1217 524 1292 habent
541 1218 723 1317 prioribus
734 1219 844 1317 plane
859 1221 1074 1295 efficaciores
1092 1226 1199 1301 sunt;

126 1330 251 1428 quales
268 1341 356 1404 sunt
373 1332 545 1405 cerevisia
561 1331 683 1406 tenuis
713 1343 752 1403 et
781 1332 880 1418 acris,
905 1345 943 1405 et
971 1332 1090 1406 omnis
1116 1351 1203 1403 sane

126 1442 299 1516 cerevisia
315 1444 496 1518 vetustior
511 1452 550 1517 et
560 1443 638 1540 jam
651 1443 698 1515 ad
711 1466 853 1516 acorem
871 1467 1037 1542 vergens,
1053 1453 1092 1516 et
1107 1440 1203 1516 mul-

125 1564 165 1629 ta
194 1557 281 1628 vina
308 1580 443 1655 aspera,
468 1556 587 1631 veluti
614 1555 851 1643 Rhenanam,
876 1566 915 1630 et
943 1564 1054 1655 potus
1082 1565 1205 1628 noster

119 1667 263 1766 portel,
288 1678 327 1741 et
344 1669 485 1742 similia

176 1802 350 1855 nccccn.
377 1781 518 1857 Salium
533 1807 646 1858 omne
662 1807 780 1883 genus
797 1783 844 1859 ad
860 1784 1028 1860 ciendam
1057 1782 1204 1857 urinam

126 1893 294 1966 nonnihil
312 1894 433 1981 valet;
457 1920 506 1969 ex
523 1896 643 1972 acidis
665 1922 764 1986 vero,
790 1896 1004 1998 vegetabile,
1029 1895 1147 1971 veluti
1164 1915 1205 1965 a·

126 2002 250 2079 aidum
275 2013 468 2092 acetosum,
492 2019 558 2080 aut
585 2032 713 2083 succus
742 2011 824 2083 citri
856 2011 1016 2097 medicae,
1041 2005 1207 2082 maxime

128 2116 167 2189 in
188 2141 258 2190 usu
274 2126 341 2203 est,
358 2127 396 2191 et
412 2117 547 2192 fossilis
561 2143 642 2192 raro
654 2121 930 2218 precipiantur,
947 2121 1118 2218 quamvis
1130 2138 1207 2190 non

127 2227 286 2303 dubium
304 2230 351 2303 sit
368 2253 488 2303 unum
507 2228 636 2303 saltem
653 2252 701 2302 ex
718 2232 772 2316 iis,
797 2231 981 2307 nitrosum
998 2231 1144 2313 scilicet,
1162 2229 1209 2299 si·

128 2340 208 2414 mili
226 2343 264 2415 vi
281 2340 436 2439 pollere:
463 2341 610 2414 acidum
636 2364 786 2438 quoque
814 2340 1039 2415 cocanicum
1066 2364 1089 2412 a
1116 2360 1209 2411 non·

127 2451 239 2526 nullis
256 2453 419 2528 multum
437 2452 629 2528 laudatum
648 2462 725 2536 est:
750 2463 789 2525 et
803 2450 1071 2551 super-tartha
1079 2457 1209 2549 potus-

126 2588 180 2638 aae
195 2587 271 2637 non
288 2565 475 2638 immerito
498 2564 793 2662 frequentissime
819 2563 1023 2637 adhibetur.
1074 2562 1138 2635 Ex
1155 2557 1210 2634 al»

127 2673 273 2761 caliois,
297 2683 450 2773 potasse
468 2685 506 2748 et
522 2674 613 2750 sodo
642 2699 710 2774 pro
735 2675 931 2750 diareticis
959 2676 1091 2774 saepius
1119 2697 1210 2772 prae·

128 2788 350 2872 scribuntur,
376 2801 415 2862 et
432 2789 632 2886 praesertim
655 2786 756 2874 sodo,
781 2786 886 2884 cujus
903 2789 998 2861 vires
1015 2787 1115 2861 haud
1131 2786 1209 2859 exi·

128 2925 214 2998 guae
243 2901 390 2974 creditae
419 2910 518 2987 sunt,
556 2901 621 2974 sed
654 2924 785 3000 parum
815 2910 924 2974 certae
952 2899 1210 2999 reperiuntur;
1279 2894 1281 2901 ’

130 3012 324 3101 amazonia,
342 3022 474 3112 utpote
491 3012 591 3111 quod
608 3037 741 3111 corpus
757 3012 867 3086 nimis
884 3013 1033 3098 excitet,
1050 3022 1089 3085 et
1101 3011 1209 3085 sudo-

131 3148 208 3197 rem
227 3124 356 3199 elicere
372 3126 496 3214 soleat,
520 3126 567 3201 ad
592 3125 814 3200 movendam
831 3125 977 3199 urinam
994 3149 1075 3199 raro
1090 3125 1210 3198 datur.

130 3235 194 3310 Ex
211 3237 359 3312 neutris
376 3239 529 3312 demum
546 3238 691 3324 salibus,
707 3238 880 3335 quamvis
896 3260 1024 3311 omnes
1041 3233 1211 3310 nonnihil

131 3349 286 3436 valeant,
303 3351 419 3424 acetis
427 3360 592 3449 potussae
609 3359 648 3424 et
663 3349 789 3425 aitrus
798 3358 964 3449 potassoe
979 3349 1131 3422 sonasse
1145 3371 1210 3446 op·

129 3458 223 3535 tima
239 3471 350 3545 sunt;
375 3462 519 3536 rnurias
535 3461 727 3537 ammonite
742 3484 841 3549 vero,
863 3472 901 3535 et
916 3459 1074 3561 mirleus
1082 3468 1213 3560 potus-

128 3595 182 3645 soe
205 3596 289 3647 cnm
312 3571 505 3672 auditore,
530 3585 569 3648 et
597 3597 698 3670 aqna
727 3574 872 3649 nectitis
897 3573 1099 3660 amramitas,
1126 3597 1211 3648 suos

130 3681 337 3757 laudatores
355 3684 500 3758 habent.
552 3684 644 3759 Huc
653 3708 806 3783 quoque
816 3685 940 3758 referii
952 3686 1090 3760 debent
1106 3709 1212 3791 aquae

130 3793 205 3868 illae
218 3795 454 3871 medicinales
465 3820 549 3894 quae
559 3796 698 3894 aliquid
716 3796 798 3870 salis
815 3796 992 3873 neutrius
1007 3798 1209 3872 continent.

180 3928 372 3982 sacceum.
399 3908 440 3981 M
449 3907 537 3983 ultae
559 3908 682 3982 herboe
706 3931 804 3982 acres
820 3909 912 3982 varii
941 3910 1086 4007 generis
1114 3907 1212 3981 inter

128 4017 317 4094 diaeretica
334 4031 433 4094 recte
449 4030 735 4106 enumerantur;
760 4018 880 4096 veluti
897 4021 1032 4120 sinapis
1049 4018 1139 4103 alba,
1155 4043 1210 4091 ra-

129 4129 275 4226 phanus
303 4132 521 4220 rusticanus,
547 4133 675 4208 allium
704 4133 875 4216 sativum,
901 4131 999 4206 scilla
1016 4130 1210 4214 maritima,

130 4240 269 4316 daucus
286 4254 416 4330 carota,
434 4246 612 4343 spartium
637 4244 855 4370 cooperiunt,
876 4241 1050 4342 polygala
1067 4246 1210 4338 Senegtt

613 4377 629 4429 1
646 4378 659 4427 r
677 4366 700 4430 2
