2678 4794
119 378 196 449 aaa
282 361 284 365 ’
353 389 376 399 ··
529 377 782 443 cousruerus
838 408 840 413 -
929 370 1223 435 mr.mv11t

125 567 263 650 citaut3
288 574 327 638 et.
354 564 425 638 hoc
449 560 600 636 consilio
616 532 792 640 adhibita,
817 557 1136 637 sternutamenta,
1161 547 1218 624 vel

123 675 312 778 ptarmica
329 676 595 750 medicamenta
612 676 800 744 vocantur.

178 810 297 863 Μυκη.
324 788 460 863 Fertur
488 786 588 861 varia
616 779 779 855 remedia
805 773 1032 849 emollientia
1063 774 1214 848 naribus

127 899 277 974 admota
294 899 404 974 talem
421 896 711 974 exinanitionem
729 889 893 972 efficere3
918 887 983 960 sed
1001 885 1132 961 multo
1147 887 1210 961 fre·

128 1012 304 1110 quentiua
328 1021 385 1088 est
410 1022 448 1087 et
476 1009 669 1094 efficacius,
694 1003 826 1078 idonea
842 999 1086 1087 stimulantia,
1113 1023 1210 1074 nuuc

130 1120 279 1211 leniora,
304 1148 405 1199 nunc
420 1125 567 1209 acriora,
592 1126 704 1219 prout
732 1139 789 1189 res
811 1111 1066 1212 postulaverit,
1092 1112 1138 1187 iis
1153 1111 1209 1186 ad·

129 1232 265 1310 hibere.
320 1236 437 1311 Variis
468 1254 619 1334 quoque
647 1229 782 1314 formis,
807 1224 924 1299 veluti
951 1248 1051 1321 aqua
1079 1223 1204 1311 diluta,

130 1346 251 1420 autin
268 1346 439 1447 pulveres
451 1347 607 1432 redacta,
623 1342 683 1417 vel
696 1340 848 1414 demum
866 1336 982 1410 solida
996 1347 1039 1411 et
1055 1337 1205 1436 integra,

128 1457 279 1538 naribus
305 1461 397 1556 indi,
422 1459 556 1554 autin
583 1481 643 1533 eas
671 1452 794 1553 recipi,
818 1460 983 1550 possunt,
1008 1449 1205 1529 ueletiam

130 1565 248 1646 forma
264 1597 446 1672 vaporum
461 1596 549 1655 cum
565 1569 697 1670 spiritu
714 1563 820 1643 trabi

181 1703 316 1760 runvn.
344 1684 574 1768 souchetum,
611 1680 703 1755 varii
732 1676 831 1763 sales,
857 1674 1065 1773 multaeque
1091 1675 1207 1750 herba

130 1814 239 1882 ames,
264 1794 383 1871 veluti
398 1819 542 1870 asarum
565 1813 790 1889 europaeum,
815 1787 983 1862 betonica
1007 1786 1207 1874 officinalis,

130 1899 339 1980 lavaniola
347 1907 463 2006 spica,
479 1904 682 2001 origanum
691 1902 919 2001 nmtjoraac,
935 1900 1095 1975 mentha
1111 1900 1205 2000 pule·

128 2013 247 2110 gium,
272 2027 356 2090 ruta
377 2013 601 2115 graveolens,
626 2012 818 2090 nicotiana
845 2011 1027 2101 taboram,
1053 2012 1205 2088 hellebo-

128 2146 192 2197 rus
208 2125 324 2225 niger,
350 2125 551 2227 euphorbia
577 2125 820 2213 officinarum,
848 2128 911 2200 &o
937 2125 1039 2199 inter
1055 2123 1206 2201 errlrirta

129 2234 177 2310 ab
192 2238 403 2315 auctoribus
429 2238 581 2314 medicis
606 2246 878 2314 enumerantur.
929 2235 996 2311 Ex
1025 2237 1086 2312 his
1115 2262 1207 2324 vero,

129 2349 330 2448 posteriora
345 2351 432 2440 duo,
455 2359 606 2450 propter
622 2375 804 2425 summam
830 2373 936 2426 suam
959 2348 1206 2437 acrimoniam,

129 2485 211 2541 raro
226 2462 459 2550 adhibentur,
484 2474 523 2541 et
540 2462 704 2562 profecto
731 2486 807 2539 non
833 2471 973 2548 temere
1001 2460 1207 2539 adhibenda

130 2584 240 2665 suut;
265 2586 304 2655 et
320 2575 512 2655 mediano
528 2572 699 2653 tabacum
727 2574 897 2673 omnium
923 2573 1039 2673 hujus
1068 2574 1207 2675 generis

128 2687 378 2773 remediorum
412 2688 647 2773 usitatissima
678 2697 745 2778 est,
779 2688 897 2786 magis
931 2710 1020 2763 sane
1052 2686 1207 2773 luxuria

128 2819 366 2899 enumquam
384 2825 452 2901 pm
466 2801 639 2881 remedio.

178 2933 331 3001 unuin.
356 2914 524 2993 Effectus
540 2938 681 3004 eorum,
706 2937 752 2991 et
772 2911 979 3014 jamdictis
1005 2913 1050 2988 de
1074 2932 1201 2989 crocu.

127 3023 277 3109 antibus
305 3027 478 3107 remediis
501 3028 716 3125 generatim,
741 3024 911 3109 talliae
940 3023 1201 3123 intelligentur.

49 3228 52 3233 ,
127 3133 349 3220 Exinanitio
364 3136 516 3235 quidam
533 3138 612 3238 ipsa
627 3164 742 3240 quam
759 3137 926 3225 efficiunt
942 3138 1057 3221 nimis
1072 3136 1206 3236 exigua

128 3257 194 3337 est.
219 3272 332 3348 quam
350 3260 394 3329 ut
409 3251 618 3350 generalem
635 3275 788 3331 massam
805 3250 1011 3337 humorum
1028 3261 1069 3339 et
1084 3260 1204 3329 totum

128 3385 260 3467 corpur
275 3362 429 3449 afficiar
456 3364 520 3451 sed
536 3373 657 3465 Pflrtet
673 3365 810 3443 urina
827 3371 864 3438 et
881 3359 1204 3461 conjunctashaud

125 3495 257 3570 parum
275 3473 418 3560 afficere
435 3486 568 3575 potant,

176 3605 294 3669 nnu-
315 3585 493 3695 Emhina
505 3588 638 3697 igitur.
657 3613 763 3677 nares
776 3588 969 3688 imprimis.
985 3599 1127 3688 postea.
1144 3609 1203 3687 per

126 3718 344 3784 mosenum
362 3698 473 3787 illum
487 3701 693 3800 generalem
711 3701 759 3783 de
774 3725 851 3801 quo
868 3701 1001 3799 sapius
1024 3700 1107 3799 jam
1135 3699 1206 3783 dir·

23 3889 26 3895 ,
124 3817 291 3897 tumeat,
318 3820 441 3888 totum
470 3837 602 3914 corpus
626 3814 810 3900 exultanti
837 3812 1016 3912 majorem
1042 3812 1204 3899 sectatio·

124 3940 209 4003 nem
229 3931 268 4008 rt
282 3920 432 4011 fluxum
447 3927 549 4012 'muri
565 3928 721 4014 uarium
738 3926 1148 4027 aliarumquequieum
1164 3947 1205 3999 eo

123 4044 374 4119 meatuum
389 4035 613 4145 ‚humanm
637 4038 766 4138 quales.
788 4050 877 4123 sum
906 4039 1122 4139 lachryme,
1144 4062 1204 4141 per

123 4160 233 4270 itum
258 4146 452 4248 stomun
482 4150 673 4239 efficienti
695 4151 997 4237 distributorem
1016 4151 1204 4254 aarum

122 4248 911 4365 manuam-namtarum·me
927 4266 1010 4367 aas
1026 4267 1077 4353 ad
1092 4285 1205 4354 aaa.
