2678 4794
149 373 232 428 CAP.
248 372 271 426 1.
421 370 642 426 MEDICINAE
660 371 948 430 Tunonn'flcm.
1173 367 1217 436 18

148 549 254 625 celare
287 547 415 647 possit,
454 572 587 647 neque,
625 558 669 623 ut
704 574 783 622 rem
821 548 1006 648 intelligat
1043 552 1217 646 medicus,

145 663 274 749 multis,
299 687 388 761 quae
412 685 510 760 srepe
533 660 736 735 admodum
760 662 915 761 ingratae
939 671 1039 750 sunt,
1063 687 1157 762 opus
1174 669 1221 742 sit

140 774 499 874 interrogationibus.

184 910 330 962 xxxvi.
360 887 487 962 Canen
512 885 751 960 multifariam
777 885 912 987 dicitur
936 887 1037 985 apud
1058 888 1219 965 medicos

136 1026 220 1076 cum
238 1001 287 1074 de
303 1000 441 1073 morbis
457 1001 661 1083 disserunt;
693 1007 731 1072 et
749 1021 857 1072 sensu
873 998 1037 1096 profecto
1053 999 1219 1098 aliquan.

137 1125 218 1187 tum
244 1112 391 1186 diverso
427 1112 474 1186 ab
510 1136 555 1186 eo
579 1136 656 1209 quo
693 1109 764 1183 hoc
787 1109 1012 1185 vocabulum
1047 1114 1217 1212 usurpari

137 1224 238 1312 solet,
260 1224 319 1299 vel
336 1227 376 1298 in
394 1225 539 1324 scriptis
552 1222 868 1322 philosophorum,
893 1221 955 1294 vel
970 1222 1008 1295 in
1026 1227 1219 1300 communi

139 1337 332 1411 hominum
356 1360 533 1412 sermone.
586 1334 727 1421 Varios,
753 1334 879 1433 igitur,
905 1333 1065 1409 medicos
1089 1360 1217 1414 sensus

143 1448 308 1522 vooebuu
322 1473 454 1536 canace,
471 1446 531 1523 vel
542 1447 797 1523 usitatissimos
808 1446 948 1533 saltem,
965 1438 1216 1549 unumquem.

138 1584 211 1659 que
227 1561 417 1635 medicinae
434 1561 559 1635 studio
575 1558 854 1634 incumbentem
871 1560 961 1633 scire
976 1571 1133 1659 oportet.

181 1695 347 1747 xxxvn.
390 1673 646 1772 Distinguunt
696 1672 880 1771 imprimis
921 1673 1054 1748 medici
1095 1675 1215 1750 morbi

132 1810 253 1861 musas
269 1787 308 1859 in
319 1786 537 1886 pronianum
553 1793 589 1861 ct
617 1793 778 1860 remotas
790 1813 802 1869 ,·
827 1792 987 1859 renzotns
1011 1785 1148 1860 itemm
1173 1784 1214 1861 in

125 1897 449 2000 proedrlrpcncatea
485 1909 523 1973 et
551 1897 798 1975 mansionales
821 1898 883 1972 vel
920 1896 1127 1976 excitantes
1152 1899 1212 1977 vei

124 2012 315 2110 poteratur
330 2019 510 2087 nocentes.
863 2055 866 2063 =

176 2147 361 2200 xxxvrrr.
388 2123 507 2199 Causa
528 2123 715 2224 proxima,
740 2134 785 2198 ut
809 2122 994 2198 definiunt
1019 2125 1211 2223 scriptores

130 2237 272 2325 medici,
298 2245 354 2310 est
379 2236 442 2310 illa
466 2261 551 2336 quae
567 2261 714 2337 presens
743 2236 916 2311 morbum
940 2236 1038 2325 facit,
1068 2237 1212 2313 sublata

132 2348 239 2437 tollit,
254 2358 399 2424 mutata
416 2360 548 2423 mutat.

182 2483 328 2536 xxxix.
354 2460 475 2534 Causa
491 2458 781 2560 praediapnnens
805 2470 860 2533 est
886 2460 949 2533 illa
972 2483 1059 2556 quae
1079 2483 1210 2558 corpus

135 2579 278 2646 tantum
303 2573 431 2647 morbo
454 2581 710 2672 opportunum
735 2571 880 2655 reddit3
919 2570 1055 2645 scilicet
1080 2580 1124 2645 ut
1147 2572 1209 2645 ad·

131 2696 230 2759 mota
244 2709 350 2760 causa
367 2685 552 2760 excitante
568 2687 608 2759 in
624 2683 798 2759 morbum
814 2682 964 2757 incidat.

174 2821 242 2874 xu.
266 2799 388 2872 Causa
403 2798 556 2873 demum
573 2793 814 2874 occanbnnlis
829 2794 890 2870 vel
906 2794 1077 2871 accitana
1094 2807 1150 2871 est
1166 2820 1209 2871 ea

127 2933 209 3006 quae
233 2912 274 2984 in
298 2934 449 3010 corpore
465 2909 544 3008 jam
561 2910 714 3010 proclivi
732 2910 828 2984 facto
845 2911 1015 3009 (xxxrx)
1033 2911 1207 2985 morbum

127 3023 273 3099 excitat.
766 3058 769 3066 ·

116 3165 119 3168 ’
173 3157 258 3211 xm.
284 3135 521 3237 Corrigenda,
551 3136 677 3234 igitur,
695 3143 751 3209 est
767 3135 924 3234 corporis
942 3135 1106 3209 conditio
1122 3160 1207 3234 quae

128 3250 251 3323 morbo
286 3247 492 3324 obnoxium
528 3247 634 3334 facit3
677 3248 860 3322 evitandae
896 3271 1014 3320 causae
1054 3257 1207 3321 remotae

127 3384 206 3458 quae
239 3361 416 3436 morbum
450 3362 634 3447 excitant;
676 3359 843 3435 tolicnda'
875 3359 1044 3457 proxima
1085 3358 1205 3432 morbi

125 3495 251 3560 causa;.
273 3484 313 3547 et
337 3474 543 3574 mitiganda
575 3472 723 3573 singula
757 3470 923 3570 ejusdem
960 3470 1095 3546 indicia
1119 3495 1206 3570 quae

125 3588 285 3661 maxime
300 3585 457 3662 molesta
490 3595 587 3661 sunt.
640 3587 700 3661 Sic
719 3584 839 3660 morbi
864 3592 1126 3684 praecaventur,
1152 3608 1204 3658 sa·

125 3708 269 3787 uantm,
285 3698 467 3774 levantur.

168 3833 272 3888 xum.
299 3811 420 3887 Causa
444 3812 628 3898 remotior,
653 3837 739 3911 quae
757 3807 1028 3909 proclivitatem
1053 3819 1202 3884 tantum

123 3921 167 3996 ad
182 3925 331 3998 morbos
347 3923 445 4012 facit,
470 3926 608 4024 inipso
624 3947 773 4022 corpore
803 3946 947 4022 semper
962 3921 1088 4010 haeret,
1117 3919 1203 3994 licet

124 4057 214 4135 aaepe
239 4037 468 4112 extrinsecus
494 4039 654 4137 primam
683 4036 864 4136 originem
894 4033 1065 4110 duxerit:
1095 4054 1202 4106 causa

124 4169 208 4222 vero
235 4149 402 4224 excitans
428 4149 490 4224 vel
515 4151 617 4224 intus
634 4147 694 4224 vel
721 4149 949 4223 extrinsecus
977 4169 1054 4220 esse
1069 4150 1202 4242 potest.

123 4256 372 4340 concurrente
400 4271 559 4363 utraque
582 4261 628 4340 fit
644 4262 806 4351 morbus,
835 4282 951 4359 quern
979 4265 1110 4333 neura
1127 4249 1203 4326 sota
