2678 4794
80 372 167 437 tar.
185 382 318 438 xxxn.
386 378 607 438 uramenta
625 381 914 438 rnnonnrrca.
1089 373 1164 448 sat

81 584 168 633 nam
184 560 251 635 vix
267 559 438 636 credibile
449 572 506 635 est
521 585 543 633 a
560 554 634 634 sola
650 558 713 633 illa
725 559 763 633 vi
777 560 913 657 septioa
922 583 1037 658 quam
1047 563 1158 638 multi

81 673 280 770 opinantur
294 672 468 748 omnibus
484 673 619 747 salibus
631 693 738 772 parde
750 671 924 746 adhibitis
936 675 1160 774 contingere,

82 783 253 859 salutares
271 810 398 860 eorum
416 784 764 860 viresattenuantes
781 783 951 883 pendere.

128 916 338 972 mccxcvru.
365 896 506 970 Omnes
524 906 697 994 praeterea
714 897 804 971 sales
821 898 883 971 isti
901 899 975 973 vim
994 899 1157 998 aliquam

78 1007 331 1082 stimulantem
354 1008 492 1082 habent
510 1008 758 1105 (artaxarem),
784 1008 978 1107 multaque
994 1010 1064 1084 alia
1083 1035 1159 1085 me-

77 1120 286 1195 dioamenta
302 1144 388 1194 vere
405 1120 644 1206 stimulantis,
672 1122 769 1195 inter
797 1121 1018 1197 resolventia
1040 1123 1158 1223 vulgo

76 1244 384 1317 annumerantnr;
401 1231 518 1306 veluti
530 1232 627 1306 scilla
639 1232 969 1320 maritimaallium
981 1237 1157 1324 sativum,

72 1344 156 1419 aiot
182 1345 381 1444 perfoliata‚
407 1345 542 1443 sinapis
569 1344 661 1432 alba,
686 1341 835 1443 daphne
859 1349 1065 1434 mamma,
1090 1347 1157 1447 hp.
1288 1389 1292 1398 .

66 1455 308 1556 drurgpros,
348 1454 608 1557 suphuratam
641 1455 849 1542 antimonii,
891 1467 929 1530 et
962 1459 1158 1534 innumera

71 1567 149 1642 fere
178 1569 446 1643 medicamenta
461 1593 507 1642 ex
526 1568 584 1642 his
599 1579 733 1667 parata.
784 1569 839 1643 Et
856 1569 942 1643 satis
958 1571 1157 1647 verisimile

71 1679 222 1754 videtur
238 1681 326 1768 lraee,
351 1682 487 1779 pariter
501 1692 615 1779 atque
631 1679 720 1755 salas
737 1680 818 1756 illos
829 1681 905 1779 jam
926 1684 1152 1782 (nccxcvu)

70 1803 315 1880 enumeratos,
341 1794 379 1866 in
396 1794 505 1866 variis
521 1793 660 1867 morbis
686 1794 753 1891 qui
779 1794 1007 1892 spissitudini
1025 1795 1155 1870 humo·

71 1927 156 1977 rum
173 1905 349 2004 imputari
366 1903 541 1992 solebant,
566 1928 632 2004 per
657 1904 777 1978 solum
803 1929 913 1978 suum
944 1907 1154 1994 stimulum,

70 2016 337 2115 potiusquam
365 2040 431 2114 per
458 2018 556 2090 vires
584 2017 749 2114 septiens,
773 2026 841 2090 aut
868 2016 1062 2106 solventes,
1087 2032 1153 2094 aut

70 2125 150 2200 ullo
166 2128 277 2201 modo
293 2137 537 2215 attenuantes,
560 2150 656 2225 saepe
672 2129 860 2226 profuisse.
912 2130 1153 2221 stimulantia

68 2240 168 2312 enirn
187 2241 456 2314 medicamenta
472 2247 621 2312 motum
639 2238 828 2337 sanguinis
844 2241 954 2314 variis
970 2242 1017 2315 de
1034 2244 1152 2317 causis

67 2361 202 2450 prater
217 2364 385 2427 naturam
404 2352 644 2450 languentem
661 2351 814 2423 incitare
829 2362 943 2448 atque
959 2352 1152 2426 intendere

66 2473 254 2562 poterunt,
280 2475 318 2538 et
335 2463 445 2537 simul
464 2464 579 2537 varias
604 2461 820 2537 sacrationes
844 2472 883 2535 et
912 2460 1150 2549 exustiones,

65 2574 216 2650 fortasse
241 2576 464 2663 deficientes,
501 2586 540 2649 et
566 2574 632 2649 vix
658 2595 734 2647 non
759 2573 974 2660 obstructas,
1012 2597 1148 2673 augere

65 2686 127 2761 vel
144 2689 346 2763 restituere.

117 2821 314 2877 mccxcrx.
332 2800 438 2875 Hinc
453 2824 562 2899 porro
578 2797 750 2874 facillime
766 2797 1005 2897 intelligetur,
1035 2822 1147 2874 omne

64 2935 184 3011 genus
196 2913 549 2988 medicamentorum
560 2908 848 2997 attenuandam,
862 2911 988 2984 saltem
1002 2911 1146 2987 diluen·
1260 2969 1263 2977 .

65 3025 119 3098 tia
143 3035 183 3100 et
207 3026 445 3114 stimulantis,
469 3048 566 3124 saepe
592 3023 786 3099 utilissima
814 3023 941 3097 futura
969 3025 1009 3097 in
1036 3027 1145 3098 variis

64 3137 211 3224 morbis,
236 3141 407 3236 quamvis
424 3138 526 3213 nulla
541 3137 637 3211 adsit
655 3136 823 3211 morbosa
840 3135 1039 3210 humorum
1057 3138 1146 3236 spis·

63 3248 210 3337 situd0;
236 3250 354 3325 veluti
370 3253 409 3324 in
427 3251 600 3337 febribus,
625 3260 708 3324 tum
726 3251 839 3348 puris,
864 3259 947 3323 turn
974 3273 1060 3346 quae
1088 3250 1143 3322 in-

61 3359 332 3437 flammationes
348 3372 415 3436 aut
430 3362 643 3460 eruptiones
652 3384 762 3460 super
771 3371 895 3435 cutem
907 3361 1144 3449 maritantur,

61 3485 129 3548 aut
145 3475 184 3547 in
203 3475 332 3550 multis
345 3472 666 3560 obstructionibus,
694 3474 906 3571 morbisque
921 3471 989 3571 qui
1007 3496 1054 3546 ex
1072 3470 1161 3568 illis

58 3588 309 3684 proveniunt3
334 3584 394 3659 vel
411 3587 575 3671 demum,
600 3609 833 3684 quaeeunque
860 3584 980 3659 morbi
1009 3596 1142 3660 natura

58 3697 184 3787 fuerit,
208 3699 315 3774 utilia
332 3721 408 3772 esse
424 3708 581 3798 possunt
596 3699 642 3771 ad
659 3707 807 3771 motum
825 3698 1015 3796 sanguinis
1030 3721 1140 3796 expe·

58 3809 254 3900 diendum‚
278 3821 318 3887 et
344 3811 460 3887 varias
489 3811 718 3884 excretiones
745 3810 1023 3908 promovendas.
1086 3809 1142 3883 Et

58 3921 171 3998 multi
189 3935 287 3999 oerte
302 3926 471 4001 existunt
488 3923 606 3997 morbi
631 3932 765 4022 praeter
790 3921 989 3997 humorum
1021 3920 1141 4019 spissi·

58 4045 189 4124 tatem,
213 4038 252 4110 in
269 4037 407 4137 quibus
424 4036 588 4137 proderit
610 4033 787 4109 alimenta
813 4044 852 4108 et
877 4034 1031 4134 quidem
1060 4053 1140 4106 san·

56 4150 215 4247 guinem
233 4151 352 4248 ipsum
371 4150 524 4238 diluere,
549 4148 607 4223 vel
625 4170 713 4224 vasa
736 4147 872 4222 blando
887 4159 925 4221 et
943 4146 1047 4221 tenui
1070 4143 1138 4219 liu·

54 4283 159 4338 more
175 4262 290 4364 probe
306 4262 474 4364 implere,
488 4265 551 4338 vel
566 4282 700 4366 eorpus
714 4260 936 4364 redigerem,
960 4257 1138 4357 idemque
