2678 4794
108 336 206 397 car.
221 334 332 393 xxm
406 337 620 397 naorcma
638 341 918 404 annoaaurcr.
1116 339 1190 415 257

108 1208 201 1287 cnr.
229 1209 487 1286 XXII.-De
506 1213 672 1313 eorporis·
687 1216 922 1307 nutrimento,
952 1220 1183 1312 incremento,

155 1328 271 1410 meo,
298 1322 561 1412 imminutione,
591 1334 626 1401 et
650 1337 764 1403 morto
776 1359 788 1413 ς
817 1331 1021 1432 morbisque
1037 1335 1103 1434 qui
1119 1357 1181 1410 ua-

156 1431 240 1510 riae
253 1442 378 1513 aleten
394 1437 562 1513 comitari
577 1447 613 1514 et
628 1438 796 1541 effugere
811 1441 937 1520 solem.

541 1832 720 1843 nun—*—

108 2213 385 2273 mccxxxvnr.
416 2151 511 2273 Eu
528 2200 629 2276 aliud
646 2201 799 2276 Naturae
814 2223 998 2289 areanum,
1023 2201 1102 2300 ipsa
1116 2220 1178 2300 ge·

107 2310 290 2384 nuatione
305 2310 372 2385 vix
389 2312 512 2387 minus
530 2313 704 2402 mirabile,
728 2338 849 2411 neque
865 2337 909 2385 eo
926 2312 1057 2385 melius
1073 2311 1179 2388 intel·

107 2416 240 2497 nomn
266 2424 369 2521 quod
385 2427 502 2523 magis
518 2436 643 2523 aperte
668 2425 865 2524 perficitur.
916 2423 1042 2496 Infans
1070 2423 1181 2495 nlmi-

107 2553 360 2634 rumpamus,
376 2536 518 2622 debilis,
542 2538 656 2609 animi
672 2537 807 2635 pariter
823 2559 864 2608 ac
879 2534 1038 2632 eorporis
1062 2533 1180 2631 impo-

107 2653 193 2735 tem,
209 2645 387 2746 paulatim
406 2648 544 2733 erescit,
573 2657 611 2720 et
628 2647 909 2746 pulcherrimam
926 2656 966 2718 et
981 2644 1179 2743 perfectam

107 2753 257 2832 sumam
273 2760 498 2858 adipiseitur,
514 2759 684 2833 omnium
701 2759 853 2833 tandem
869 2757 981 2830 animi
1006 2757 1179 2856 eorporis-

107 2892 176 2967 que
190 2870 407 2945 facultatum
425 2896 574 2970 oompos
591 2872 708 2946 iactus
726 2873 838 2970 (xrv).

148 3002 393 3057 ncccxxxrx.
419 2984 666 3082 Aliquamdiu
683 3007 814 3083 eorpus
838 2981 1044 3057 humanum
1062 2983 1176 3080 viget,

106 3092 229 3181 lotura,
252 3097 417 3182 sanitate,
442 3097 581 3170 viribus
606 3095 933 3195 perfectissimum
969 3093 1177 3170 labentibus

106 3226 193 3277 rero
207 3208 317 3294 annis,
333 3207 433 3282 lenta
445 3209 550 3281 ruina
560 3208 743 3284 delabitur
756 3211 867 3306 (x11);
890 3206 958 3283 flos
970 3207 1032 3281 ille
1042 3207 1177 3304 juven·

106 3325 151 3390 tae
165 3317 272 3414 perit,
286 3330 324 3394 et
340 3322 396 3395 vis
413 3321 538 3407 animi,
558 3331 596 3394 et
612 3322 718 3418 vigor
732 3321 901 3418 eorporis.
951 3318 1176 3392 Robustissi-

106 3446 208 3503 rrum
234 3454 422 3531 quemque
459 3432 585 3506 invida
616 3441 703 3505 aetae
731 3433 880 3519 minuit,
917 3428 1176 3504 immedicabili

106 3540 235 3628 norbo,
259 3544 327 3641 qui
355 3569 483 3618 omnes
512 3543 682 3617 mortales
711 3544 840 3617 eodem
856 3543 965 3641 cogit.
1016 3542 1070 3616 Et
1094 3566 1176 3640 pro·

106 3648 202 3741 hoto,
229 3656 343 3730 tantis
360 3667 513 3755 tamque
529 3656 715 3730 continuis
731 3655 835 3729 malie
852 3665 1018 3729 senectus
1042 3654 1175 3752 premi·

106 3770 167 3851 tur,
184 3773 231 3841 ut
247 3790 345 3842 mors
361 3770 450 3867 ipsa,
467 3779 525 3842 tot
542 3789 792 3843 aerumnarum
809 3767 906 3856 finis,
924 3776 1059 3865 optata,
1076 3767 1105 3839 si
1123 3790 1174 3839 sa·

106 3886 227 3970 parent
243 3878 423 3967 homines,
441 3881 613 3956 omnibus
630 3879 782 3953 veniret.

146 4007 317 4065 ncccxn.
346 3991 562 4090 Philosophi
586 4002 625 4065 et
649 3989 781 4068 medici
805 3991 926 4064 eonati
951 3997 1039 4063 sunt
1066 3987 1175 4061 ratio·

106 4113 184 4173 nem
200 4102 352 4176 reddere
364 4103 492 4180 harum
505 4128 643 4193 rerum,
658 4113 697 4178 et
709 4101 890 4201 explicare
900 4098 1088 4200 quomodo
1100 4120 1175 4171 our·

106 4224 171 4303 pur
194 4237 306 4290 suum
322 4217 595 4294 nutrimentum
612 4214 775 4315 accipiat,
804 4238 870 4291 cur
885 4222 986 4289 certo
1008 4219 1175 4305 tempore

621 4349 649 4402 n
