2678 4794
129 296 217 353 cnr.
234 294 355 351 xxxr.
425 293 646 351 uanrcrxxr
664 291 953 355 rnaonarrcar.
1129 290 1202 368 429

131 473 322 562 tinuanda,
343 462 385 547 ‘et
399 496 465 571 per
480 471 669 547 intervalla
686 482 833 548 tantum
859 475 979 552 morbi
1005 476 1209 568 sumendag

131 588 305 686 quoniam
334 594 488 683 urgente
512 586 643 659 morbo
670 587 764 659 nihil
792 587 927 676 valent,
961 600 1000 664 et
1029 591 1208 665 contraria

130 723 275 798 prorsus
292 697 462 784 remedia,
479 697 594 772 veluti
612 697 847 785 emollientia,
864 711 902 774 et
918 700 1152 792 infirmantia,
1170 711 1209 777 et

130 810 307 909 imprimis
324 809 602 897 exinanitiones,
627 819 718 885 tuno
742 834 839 910 saepe
857 823 1021 910 prosunt.
1071 815 1208 912 Neque

129 920 286 996 dubium
303 932 369 1008 est,
387 934 579 1019 uteunque
596 921 731 997 mirum
750 923 930 1012 videatur,
946 926 1105 1000 remedia
1122 950 1208 1025 quoe

128 1033 301 1109 adversus
317 1043 513 1131 praesentes
525 1043 591 1107 aut
602 1034 780 1110 instantes
795 1061 959 1136 spasmos
979 1040 1136 1112 maxime
1145 1064 1207 1114 va-

129 1143 218 1233 lent,
234 1145 407 1219 adversus
422 1145 565 1219 futuros
578 1146 640 1219 sed
658 1149 868 1223 remotiores
886 1173 960 1223 non
973 1150 1108 1249 pariter
1123 1174 1206 1250 pro-

129 1256 256 1347 desse;
284 1281 441 1354 quaeque
462 1256 599 1330 futuris
615 1259 757 1356 optime
780 1273 985 1349 oecununt,
1010 1272 1208 1365 praesentes

127 1370 285 1443 minime
301 1369 461 1444 solvere:
497 1369 602 1467 cujus
628 1371 680 1443 rei
705 1369 797 1445 ratio
813 1395 860 1444 ex
878 1374 1006 1448 notitia
1022 1374 1208 1449 variarum

127 1505 320 1554 eausamm
338 1505 421 1579 quae
435 1504 600 1580 spasmos
618 1483 992 1584 (ceramussense)
1020 1486 1206 1561 inducunt

127 1593 288 1692 petenda
308 1604 373 1667 est.
863 1663 866 1670 .

180 1726 405 1780 mccxxxrx.
430 1704 497 1778 Ad
526 1704 667 1805 reliqua
696 1730 787 1782 vero
817 1707 1083 1783 medicamenta
1107 1708 1208 1807 quod

128 1816 263 1917 attinet
280 1841 361 1915 quse
377 1816 771 1917 aotopasmodicornm
783 1844 920 1893 nomen
938 1819 1086 1895 sibimet
1101 1830 1208 1896 nacta

130 1931 215 2015 sint,
240 1929 407 2027 quamvis
423 1952 545 2028 neque
562 1931 721 2017 sedante,
747 1955 869 2031 neque
895 1931 1120 2020 stimulante,
1145 1930 1218 2007 ire·

131 2064 205 2145 que
220 2041 410 2115 roborante
426 2039 598 2115 facultate
624 2044 662 2114 in
680 2068 830 2142 corpore
845 2042 981 2143 pollere
997 2044 1207 2134 videantur,

129 2151 320 2227 fatendum
337 2163 393 2227 est
409 2177 537 2226 eorum
554 2153 919 2244 administrationem,
944 2180 1019 2230 non
1036 2181 1139 2231 secus
1164 2180 1207 2231 ao

129 2265 234 2353 vires,
262 2291 390 2364 parum
419 2266 540 2340 adhuc
566 2265 734 2364 intelligi.
785 2267 921 2340 Fertur
948 2268 1127 2341 nonnulla
1156 2291 1205 2342 ex

129 2379 183 2465 iis,
209 2377 326 2453 veluti
350 2377 541 2466 mosellum,
566 2388 781 2465 castoreum,
806 2378 974 2476 protinus
997 2387 1042 2451 ut
1058 2388 1208 2475 sumpta

127 2489 275 2577 fuerint,
298 2515 462 2590 spasmos
481 2490 560 2588 jam
588 2498 794 2587 praesentes,
818 2489 880 2564 vel
896 2489 1004 2587 plane
1019 2489 1207 2577 instantes,

129 2625 246 2677 arcere
261 2616 375 2702 atque
401 2602 600 2701 depellere;
636 2602 728 2674 dum
758 2602 837 2688 alia,
862 2601 980 2675 veluti
1011 2598 1209 2674 valeriano

129 2714 329 2803 officinalis,
347 2714 500 2790 otidum
516 2713 623 2800 zinci,
640 2738 772 2812 parum
789 2724 955 2814 prosunt,
971 2713 1042 2786 nisi
1060 2713 1125 2786 diu
1142 2735 1208 2811 per

128 2826 317 2901 intervalla
334 2828 452 2902 morbi
469 2836 644 2926 usurpata
661 2825 821 2913 fuerint;
846 2837 885 2901 et
908 2823 1085 2899 nonnulla
1109 2823 1205 2899 mul-

128 2948 211 3013 tum
223 2939 368 3038 jactata,
386 2940 504 3017 veluti
520 2940 651 3028 lichen,
670 2964 753 3038 quae
778 2937 1069 3039 hydrophobiam
1086 2961 1207 3012 arcere

127 3049 347 3141 ferebantur,
364 3053 564 3128 fatentibus
580 3053 667 3151 ipsis
685 3052 893 3127 auctoribus
910 3052 1030 3150 quiea
1043 3050 1207 3125 maxime

127 3160 336 3252 laudabant,
371 3166 544 3240 adversus
571 3165 740 3240 morbum
771 3164 878 3239 illum
898 3163 976 3261 jam
1005 3163 1204 3237 formatum

127 3276 220 3349 nibil
256 3277 461 3352 valuerunt.
524 3278 676 3353 Horum
705 3278 821 3377 igitur
853 3275 1206 3350 medicamentorum

126 3387 491 3478 administrationem,
525 3390 704 3464 haetenus
732 3389 840 3465 valde
873 3389 1064 3463 obscuram
1094 3396 1207 3484 atque

125 3500 316 3588 incertam,
341 3513 486 3601 oportet
502 3500 645 3600 plenior
660 3502 887 3601 experientia
904 3500 1041 3574 doceat.

175 3634 382 3689 Mccnxxx.
408 3615 472 3688 Ex
488 3613 680 3688 effectibus
696 3639 805 3712 porro
821 3611 1063 3688 remediorum
1081 3611 1206 3686 sedan-

124 3724 219 3800 tium
238 3728 277 3800 in
289 3727 529 3825 temperando
542 3727 729 3825 sanguinis
747 3736 865 3813 motu,
882 3750 977 3826 saepe
989 3724 1095 3801 utilia
1107 3723 1206 3798 fiunt

125 3837 339 3938 ubicunque
356 3841 494 3913 nimius
524 3837 603 3937 ejus
627 3840 790 3936 impetus
814 3838 1008 3925 acciderit;
1033 3837 1206 3932 variaque

123 3972 254 4024 eorum
272 3977 406 4050 genera
422 3951 491 4027 boc
507 3950 659 4025 consilio
675 3975 696 4024 a
718 3948 871 4024 medicis
887 3948 1050 4025 adbiberi
1067 3945 1205 4033 solent;

123 4066 326 4160 praesertim
369 4090 452 4164 quae
493 4072 672 4139 vocantur
712 4062 964 4162 refrigerantia
1005 4060 1208 4151 (Momm,

125 4184 367 4277 mccxxxrx):
410 4176 683 4255 narentanorum
710 4198 800 4254 vero
828 4200 917 4253 usus
945 4175 984 4248 in
1013 4172 1076 4247 tali
1106 4177 1205 4244 statu
