2694 4792
138 360 230 418 car.
246 361 284 413 v.
416 355 636 415 nanterum
654 358 940 415 annonarios.
1158 351 1205 418 55

137 560 231 624 acer,
259 558 369 636 quem
398 535 446 610 sd
473 548 607 613 certam
636 537 793 635 corporis
821 545 962 635 partem
1000 534 1206 624 referimus;

138 648 251 747 idque
267 647 388 721 minus
404 659 579 736 accurate,
604 649 633 722 si
649 673 731 746 pars
746 649 890 722 interna
906 646 1028 734 dolet;
1054 649 1119 722 sed
1135 674 1208 722 ma-

135 760 192 858 gis
207 769 383 847 accurate,
400 760 431 833 si
447 760 604 858 corporis
633 758 838 858 superficies
854 758 1021 832 afficitur.
1071 759 1207 857 Neque

135 883 257 945 tamen
274 895 382 945 causa
409 871 542 947 doloris
569 894 710 969 semper
738 872 778 943 in
793 885 896 968 parte
911 870 1058 944 dolente
1084 870 1206 944 haeret.

133 981 307 1058 Nascitur
322 1008 344 1058 a
360 1008 492 1083 magna
506 985 546 1056 vi
563 985 658 1082 parti
673 983 845 1058 sentienti
870 982 978 1071 illata,
1005 983 1082 1056 sive
1106 982 1207 1056 intus

131 1095 211 1168 sive
238 1096 463 1170 extrinsecus
500 1095 560 1169 illa
589 1096 645 1169 vis
681 1094 802 1168 fuerit.
868 1094 1059 1192 Quicquid
1092 1093 1208 1192 igitur

132 1206 281 1304 pungit,
306 1217 412 1293 secat,
437 1206 578 1293 lacerat,
602 1205 790 1292 distendit,
815 1206 1030 1303 comprimit,
1052 1215 1206 1279 contun-

132 1316 206 1405 dit,
230 1319 400 1415 percutit,
425 1317 532 1404 rodit,
557 1319 646 1404 urit,
670 1316 732 1389 vel
749 1314 824 1389 ullo
840 1315 949 1388 modo
973 1315 1207 1389 vehementer

133 1427 300 1501 stimulat
315 1439 380 1503 aut
396 1429 524 1515 irritat,
541 1427 700 1502 dolorem
718 1449 837 1501 meare
853 1435 983 1524 potest.

185 1562 355 1613 chxrx.
373 1539 478 1614 Hinc
494 1549 550 1615 tot
565 1539 701 1615 morbis
712 1538 1062 1636 frequentissimum,
1078 1533 1205 1613 moles-

134 1650 317 1725 tissimum
342 1653 515 1726 comitem
539 1677 578 1727 se
596 1652 747 1751 jungit3
772 1675 868 1750 saepe
896 1653 976 1749 ipso
1000 1652 1129 1725 morbo
1152 1653 1205 1726 in-

132 1761 420 1838 tolerabiliorem.
471 1763 644 1839 Modicus
672 1762 777 1867 dolor
805 1769 945 1862 partem
963 1760 1142 1848 affectam,
1167 1775 1205 1836 et

130 1873 307 1971 paulatim
330 1886 452 1950 totum
478 1900 619 1975 corpus,
645 1877 792 1963 excitat,
817 1873 992 1970 majorem
1020 1873 1206 1971 sanguinis

130 1993 171 2058 et
186 1987 242 2060 vis
257 2011 420 2062 nervosae
434 1985 582 2062 fluxum
599 1987 646 2061 ad
670 1997 810 2086 partem
828 1986 925 2073 facit,
951 1996 989 2059 et
1017 1984 1063 2058 ad
1080 1996 1204 2060 motus

130 2099 347 2173 necessarios
362 2109 401 2174 et
415 2098 577 2174 salubres
601 2123 696 2196 saepe
719 2096 895 2184 stimulat,
920 2096 1051 2186 fidelis,
1075 2122 1203 2195 quam-

131 2208 188 2281 vis
203 2209 368 2308 ingratus
384 2212 555 2284 monitor.
606 2210 710 2295 Hinc
725 2209 823 2283 inter
833 2208 1000 2304 praesidia
1011 2209 1099 2283 vitae
1113 2233 1203 2282 non-

131 2340 326 2415 nunquam
342 2320 602 2392 numerandus.

183 2448 338 2500 ccxxx.
363 2427 631 2501 Vehementior
658 2437 787 2501 autem
802 2426 905 2501 dolor
920 2428 1073 2501 nimiam
1090 2430 1204 2501 irrita·

132 2536 274 2610 tionem
286 2538 382 2623 lacit,
399 2536 737 2624 inflammationem,
754 2536 908 2634 ejusque
919 2538 1204 2635 consequentias,

132 2644 282 2735 febrem,
308 2657 346 2722 et
362 2649 487 2722 omnia
502 2647 599 2722 mals
614 2673 699 2747 quae
714 2675 735 2722 a
751 2649 867 2722 nimio
883 2649 1082 2723 humorum
1099 2659 1205 2725 motu
1304 2743 1306 2746 Ι

129 2756 343 2854 profluunt;
369 2768 491 2843 totum
508 2784 627 2859 genus
644 2784 841 2835 nervosum
856 2760 1041 2850 convellit,
1070 2772 1108 2836 et
1123 2785 1204 2861 per·

128 2869 312 2968 vigilium,
337 2870 602 2959 convulsiones,
627 2871 808 2960 delirium,
826 2873 1063 2962 debilitatem,
1087 2874 1203 2948 animi

128 2978 372 3057 defectionem
389 2983 543 3058 inducit.

178 3115 350 3169 cuxxxr.
376 3093 585 3168 Immunem
601 3093 763 3170 dolorem
781 3120 903 3194 neque
919 3099 1063 3173 animus
1079 3121 1201 3195 neque

128 3225 262 3301 corpus
278 3205 343 3279 diu
359 3204 452 3279 ferre
466 3216 607 3304 potest:
633 3217 672 3281 et
687 3207 850 3306 profecto
876 3218 993 3284 certos
1018 3209 1110 3282 fines
1125 3210 1201 3282 Na-

128 3323 214 3389 tura
230 3315 363 3413 posuit,
388 3340 481 3413 quos
496 3314 594 3390 adtrs
621 3316 784 3393 dolorem
808 3320 951 3393 intendi
976 3316 1051 3393 'non
1068 3320 1200 3418 permi-

127 3426 225 3511 serit,
243 3427 335 3524 quin
351 3425 533 3515 delirium,
559 3439 629 3502 aut
641 3429 840 3517 convulsio,
865 3439 931 3503 aut
946 3431 1060 3504 animi
1083 3429 1200 3506 delec-

128 3538 194 3625 tio,
223 3536 283 3611 vel
300 3538 454 3613 demum
470 3539 548 3638 ipsa
562 3562 661 3613 mors
676 3541 851 3615 miserum
868 3541 1046 3641 supplicio
1061 3542 1199 3640 eripiat.

134 3700 137 3705 -
177 3671 364 3724 ccxxxn.
389 3649 608 3725 Diuturnus
623 3651 736 3740 dolor,
760 3654 931 3750 quamvis
946 3654 1080 3742 mitior,
1104 3676 1200 3752 saepe

127 3760 240 3858 partis
264 3760 404 3835 affectae
439 3760 676 3851 debilitatem,
714 3772 908 3862 torporem,
945 3762 1126 3864 paralysin
1160 3775 1199 3839 et

128 3872 353 3969 rigiditatem
369 3872 524 3949 induor.

147 3992 154 4003 '
177 4005 383 4059 cuxxxur.
407 3984 558 4060 Doloris
579 3986 771 4062 tolerantia
793 3988 931 4087 pendet
946 3988 1106 4065 multum
1123 4012 1145 4060 a
1160 3986 1200 4059 vi

128 4093 243 4166 animi
267 4118 381 4193 quam
404 4121 501 4196 aeger
524 4098 706 4195 possidet:
735 4109 784 4188 et,
818 4110 930 4200 prout
953 4101 1031 4199 ipse
1059 4096 1198 4181 tulerit,

128 4201 226 4279 mala
248 4229 333 4304 quae
355 4231 377 4281 a
400 4207 525 4285 dolore
558 4222 758 4288 nascuntur
783 4212 951 4314 graviora
973 4211 1034 4288 vel
1060 4206 1196 4284 leviora
