2694 4792
535 335 787 418 curaremus
982 347 1071 405 car.
1087 344 1223 402 mn

235 1339 331 1453 cri».
346 1369 641 1451 aurun-ne
656 1363 826 1446 remeato
841 1360 1120 1442 evonenus.

150 2100 296 2160 mxvn
320 2032 553 2170 Quonmnr
588 2079 735 2179 duplice
768 2079 879 2154 modo
910 2077 1031 2152 vitiari
1072 2086 1228 2177 possunt

149 2201 271 2294 partes
288 2190 413 2287 solidae
434 2190 589 2265 humani
606 2193 778 2292 eorporis,
803 2201 842 2265 et
858 2189 919 2264 vel
934 2189 1044 2264 nimis
1060 2189 1165 2263 durae
1189 2199 1229 2263 et

149 2305 289 2406 rigidae,
306 2302 366 2377 vel
383 2303 494 2377 nimis
511 2303 639 2379 molles
656 2313 695 2378 et
710 2303 879 2390 flaccidae,
904 2302 982 2376 fieri
1000 2303 1156 2399 (amr)
1173 2325 1227 2375 re-

149 2416 282 2493 mediis
297 2414 571 2491 emollientibus
588 2415 724 2513 pariter
751 2440 793 2491 ao
821 2414 1109 2516 astringentibus
1133 2438 1228 2511 opus

149 2538 216 2618 est,
233 2537 278 2604 ut
292 2527 376 2616 illae,
392 2537 523 2627 praeter
538 2541 710 2603 naturam
725 2527 857 2628 rigidae
873 2538 912 2601 et
929 2527 1030 2601 durae
1045 2525 1162 2613 faotae,
1179 2525 1227 2598 ad

143 2640 296 2741 justam,
320 2651 360 2716 et
375 2642 539 2716 sanitatis
555 2641 698 2743 legibus
714 2649 1006 2727 consentaneam,
1034 2636 1229 2712 mollitiem

154 2756 290 2829 iterum
306 2753 536 2828 reduoantur.

201 2885 365 2938 mnxvrr.
391 2864 470 2939 Res
482 2866 656 2963 quasdam
674 2865 738 2940 tali
751 2867 789 2939 vi
806 2865 844 2937 in
856 2864 1008 2938 materia
1019 2862 1081 2937 illa
1095 2884 1141 2936 ex
1154 2884 1226 2957 qua

153 2999 305 3074 corpora
332 2976 545 3052 animalium
576 2978 920 3069 oonstant(r,rxv1,
948 2986 986 3050 et
1003 2982 1125 3073 seqq.),
1143 2971 1227 3070 jam

150 3097 308 3173 mortua,
335 3095 373 3160 et
402 3112 424 3160 a
452 3112 602 3187 corpore
626 3097 798 3186 separata,
822 3088 968 3188 pollere,
992 3085 1228 3162 notissimum

150 3207 217 3274 est.
267 3197 460 3274 Nonnulla
475 3200 588 3274 etiam
604 3199 766 3274 remedia
794 3201 834 3273 in
861 3224 1010 3300 oorpore
1026 3199 1115 3273 vivo
1139 3219 1228 3271 eun·

151 3310 236 3386 dem
254 3310 429 3386 effectum
442 3310 584 3399 habere,
601 3311 719 3386 multa
731 3322 770 3386 et
785 3314 983 3387 uertissima
999 3302 1243 3409 experimen·

150 3430 190 3497 ta
205 3433 244 3498 et
261 3424 530 3498 observationes
547 3423 633 3498 satis
650 3425 960 3500 demonstrarunt.

200 3556 382 3610 Mnxvrrr.
408 3535 538 3609 Minor
551 3559 639 3610 vero
654 3536 789 3610 horum
806 3536 1094 3610 medicaminum
1112 3535 1230 3635 eopia,

149 3645 272 3720 minor
289 3645 418 3720 saltem
436 3670 562 3721 eorum
581 3649 746 3735 varietas,
772 3673 880 3748 quam
897 3647 1231 3746 astringentium,a

152 3755 296 3832 Natura
311 3758 544 3858 suppeditata
572 3768 638 3836 est
689 3760 807 3836 Haud
823 3783 939 3860 pauca
966 3782 1052 3832 sane
1068 3758 1231 3834 remedia

149 3893 235 3969 quae
249 3893 317 3968 pro
346 3869 618 3948 emollientibus
642 3880 870 3971 usurpantur
893 3881 1006 3969 atque
1021 3869 1231 3961 laudantur,

149 4004 199 4055 ex
231 3981 340 4057 variis
373 3980 541 4082 frugibus
567 3996 680 4082 atque
707 3983 929 4059 animalibus
957 3984 1229 4058 desumuntur:

78 4130 84 4145 ·
148 4093 275 4169 omnia
290 4117 379 4170 vero
402 4095 449 4169 ad
466 4094 542 4170 duo
558 4120 693 4198 genera
715 4095 821 4171 facile
846 4097 1075 4183 referuntur;
1110 4093 1232 4170 oleosa

148 4204 299 4301 miliat,
314 4215 355 4284 et
366 4231 525 4302 muuosa,
540 4233 604 4287 seu
616 4207 899 4311 mucilaginosa,
912 4219 959 4285 ut
971 4206 1089 4287 solent
1100 4206 1232 4284 vocari.
