2678 4794
80 405 169 462 erm
184 404 235 461 rr.
356 400 581 460 nnmerum
598 405 888 489 rnnonnmcm.
1107 399 1154 482 39

465 891 745 903 -Ἠ

77 1168 160 1258 Cir.
176 1180 374 1258 IV.—De
401 1181 514 1258 senso
528 1284 531 1289 Ι
542 1183 767 1283 generatim,
792 1185 942 1284 ejusque
966 1186 1158 1264 varietati·

165 1293 246 1382 om,
263 1292 413 1379 usibus,
430 1292 693 1395 voluptatibus,
710 1293 881 1372 nmlesiiis
896 1307 932 1373 ct
947 1298 1057 1376 vitiis.

78 1957 247 2012 cxxvm.
280 1888 452 2012 Snusos
475 1938 578 2014 nulla
593 1939 809 2014 definitione
835 1949 931 2038 eget,
958 1962 1082 2039 neque
1105 1963 1160 2014 re·

78 2071 152 2122 vem
177 2047 293 2126 facile
323 2049 468 2124 definiri
497 2064 638 2150 potest;
666 2044 821 2151 ‘quippe
849 2078 925 2151 quo
958 2053 1051 2127 nihil
1084 2053 1160 2130 fere

77 2161 274 2261 simplicius
292 2163 353 2249 sit,
382 2173 448 2236 aut
465 2158 596 2239 melius
612 2165 854 2240 intellectum.
905 2166 1077 2240 Describi
1107 2178 1159 2241 ta·

78 2293 167 2361 men,
183 2277 254 2349 vix
272 2284 401 2349 autem
414 2275 602 2374 explanari
615 2277 717 2364 solet,
735 2276 950 2373 hujusmodi
964 2279 1161 2353 verborum

80 2386 241 2474 circuitu,
272 2387 387 2485 longo
403 2397 442 2460 et
464 2412 598 2485 parum
621 2397 800 2474 accurato,
829 2400 868 2460 et
894 2389 1048 2484 quidem
1074 2391 1161 2462 satis

81 2495 206 2595 inepto
219 2498 452 2590 ;—Mutatio,
460 2498 567 2596 cujus
585 2499 721 2572 conscii
751 2521 880 2571 sumus
896 2499 936 2569 in
962 2508 1062 2571 statu
1086 2501 1161 2572 ani-

80 2610 143 2695 mi,
159 2612 366 2685 mutatione
382 2610 504 2709 aliqua
520 2612 560 2683 in
579 2619 679 2683 statu
696 2609 856 2707 corporis
873 2607 1013 2683 effecta„

126 2744 269 2797 cxx1x
309 2722 518 2820 Utcunque
543 2747 632 2796 vero
667 2721 827 2821 simplex
856 2721 977 2822 primo
1011 2732 1162 2820 aspectu

80 2856 200 2908 sensus
216 2835 399 2921 videatur,
426 2834 651 2934 philosophi,
675 2859 754 2908 rem
780 2837 982 2912 accuratius
999 2860 1163 2934 perscru-

79 2947 153 3033 tali,
169 2945 359 3045 duplicem
376 2946 456 3045 ejus
472 2958 644 3022 naturam
661 2972 700 3021 se
716 2947 899 3023 detexisse
916 2948 1162 3036 crediderunt,

78 3067 113 3130 et
127 3058 212 3133 ideo
229 3069 386 3133 monent
401 3059 515 3157 probe
536 3084 613 3134 esse
629 3059 939 3160 distinguendum
956 3062 1054 3135 inter
1069 3061 1161 3137 duas

79 3191 132 3243 res
147 3171 191 3245 ad
219 3194 370 3245 sensum
398 3173 635 3270 pertinentes,
665 3195 752 3270 quae
768 3170 884 3271 vulgo
901 3170 972 3245 sub
997 3196 1075 3247 uno
1102 3199 1162 3248 eo·

79 3281 236 3382 demque
250 3285 405 3358 nomine
431 3283 698 3383 comprehendi
715 3283 854 3368 solent;
880 3284 1053 3382 quamvis
1081 3308 1162 3382 pro-

79 3393 170 3470 fecto
183 3420 298 3471 nemo
315 3421 423 3472 sanus
450 3397 586 3471 existat
615 3407 694 3470 tam
712 3394 885 3494 stupidus
902 3394 968 3492 qui
985 3417 1041 3467 res
1067 3386 1163 3494 ipsas
1228 3470 1232 3475 .

80 3508 304 3595 confuderit3
340 3520 379 3583 et
408 3533 495 3584 sane
520 3533 712 3607 perperam
739 3506 894 3582 omnino
918 3505 1029 3582 talem
1047 3507 1163 3608 vulgo
1276 3586 1279 3591 Α

80 3617 269 3695 hominum
288 3646 448 3695 errorem
465 3621 679 3720 objecerunt
695 3619 914 3718 philosophi.

123 3757 253 3808 cxxx.
296 3733 445 3807 Harum
480 3756 604 3806 rerum
640 3731 752 3805 altera
782 3731 956 3821 (mutatio
985 3733 1165 3807 nimirum

85 3867 160 3940 quae
177 3847 218 3918 in
235 3844 352 3918 animi
368 3854 466 3918 statu
484 3843 660 3942 efficitur)
678 3844 726 3916 ad
742 3844 912 3918 animum
930 3843 1049 3918 solum
1067 3867 1166 3942 spec-

87 3966 142 4043 tat,
159 3971 198 4032 et
214 3957 305 4032 huic
321 3958 469 4057 propria
480 3966 547 4044 est,
575 3981 641 4031 sua
657 3964 789 4030 notura
804 3956 921 4055 fugax
938 3968 977 4028 et
993 3957 1167 4054 peritura,

89 4077 122 4140 et
144 4068 255 4144 mmul
280 4069 559 4168 simplicissima,
583 4066 770 4168 nullisque
785 4077 852 4143 aut
877 4066 1087 4141 delinienda
1102 4070 1168 4134 aut
1302 4087 1305 4091 ·

90 4178 319 4258 describenda
334 4183 466 4271 verbis,
492 4184 545 4257 rei
570 4192 734 4257 externae
749 4207 835 4281 quae
852 4202 1002 4254 sensum
1031 4171 1170 4247 excitat

95 4288 339 4384 dissimillima,
365 4296 411 4370 ab
435 4295 538 4370 omni
555 4319 727 4394 corporea
749 4292 963 4370 conditione
978 4296 1092 4385 atque
1110 4303 1170 4355 na·
