2678 4794
132 469 206 537 358
536 480 787 538 consracrus
964 462 1051 536 cnr‘.
1068 479 1219 538 xxvna

133 659 235 757 quod
262 659 308 733 ad
325 659 607 748 vehementiam,
633 660 711 735 sive
736 667 916 745 naturam,
941 665 1024 733 tum
1043 660 1148 758 quod
1164 658 1215 733 ad

134 781 292 870 tempus,
309 796 373 846 seu
389 772 713 860 continuationem,
730 795 853 845 earum
864 771 1007 857 attinet,
1024 781 1070 844 ut
1086 794 1212 871 neque

134 884 296 958 multum
325 884 495 959 sudorem
524 885 679 972 eliciant,
705 908 828 982 neque
844 906 1014 982 magnam
1034 881 1211 982 defatiga-

135 996 273 1070 tionem
302 996 518 1095 relinquant.
569 998 762 1086 Quantum
790 995 887 1068 eninr
905 1018 1054 1093 cunque
1078 995 1212 1069 idonea

133 1108 345 1181 exercitatio
373 1109 513 1207 corpori
542 1110 666 1208 prosit,
692 1119 730 1182 et
747 1107 930 1182 musculos
954 1107 1112 1194 roboret,
1136 1129 1210 1180 oer-

134 1219 317 1292 tissimum
335 1230 402 1308 est,
430 1221 584 1294 nimiam
600 1220 701 1295 haud
728 1242 858 1320 parum
875 1242 1003 1292 nocere
1028 1218 1141 1292 etiam
1158 1241 1210 1292 sa-

132 1329 292 1406 nissimis
308 1341 348 1406 et
363 1333 632 1420 robustissimis,
648 1332 712 1407 sed
724 1331 843 1406 multo
855 1331 972 1429 magis
983 1333 1210 1429 aegrisatque

131 1440 309 1532 infirmis;
339 1468 498 1546 quorum
516 1469 664 1546 corpora
680 1443 858 1530 exhaurit,
887 1443 1056 1540 viresque
1073 1443 1210 1517 mirum

132 1554 173 1627 in
190 1557 345 1632 modum
361 1556 546 1645 convellit,
574 1557 761 1631 interdum
788 1557 898 1630 etiam
927 1578 1043 1629 novos
1068 1565 1109 1629 et
1131 1577 1210 1654 gra·

133 1690 198 1742 ves
216 1670 358 1744 morbos
384 1670 537 1744 inducit.
589 1667 746 1766 Signum
775 1667 993 1765 plerumque
1021 1666 1110 1741 satis
1138 1690 1210 1742 cer·

133 1788 219 1855 turn
246 1783 315 1856 erit
330 1781 612 1856 valetudinarios
640 1791 754 1852 semet
771 1791 954 1877 quantum
981 1779 1026 1852 iis
1043 1778 1210 1878 profutu-

133 1916 216 1965 rum
244 1895 292 1966 sit
316 1893 529 1978 exercuisse,
555 1913 641 1965 cum
664 1889 840 1965 lassitudo
855 1889 977 1988 aliqua
992 1891 1148 1991 obrepit,
1173 1902 1211 1966 et

132 2024 265 2098 corpus
281 2000 435 2089 mlescit,
459 2011 498 2077 et
514 2002 613 2076 lions
638 2002 770 2077 sudore
786 2001 921 2090 madet,
938 2013 977 2077 et
993 2003 1106 2077 sudor
1121 2003 1210 2079 levis

130 2135 198 2212 per
225 2121 343 2187 totam
372 2126 497 2189 cutem
524 2113 705 2214 profluere
730 2114 869 2213 incipit
922 2113 1058 2189 Sistere
1084 2126 1209 2192 autem

131 2235 288 2323 oportet,
313 2235 352 2300 et
367 2226 551 2328 paulisper
567 2229 762 2327 quiescere,
791 2228 881 2302 citra
897 2226 1087 2325 copiosum
1105 2228 1208 2304 sudo·

132 2361 212 2411 rem
229 2347 294 2413 aut
306 2339 618 2441 defatigationem,
635 2365 721 2439 quae
733 2338 926 2427 musculos,
938 2349 977 2412 et
990 2364 1078 2416 sane
1088 2352 1209 2417 toturn

130 2474 274 2551 corpus,
290 2453 382 2527 adeo
398 2452 567 2529 debilitat
584 2454 751 2550 (cccxc).
802 2452 897 2527 Hoec
916 2463 1100 2553 praecepta
1123 2454 1210 2529 iuci-

131 2563 319 2661 pientibus
335 2566 499 2640 maxime
514 2565 737 2642 observanda
754 2577 860 2652 sunt;
890 2588 977 2640 nam
1004 2565 1210 2642 festinando

131 2672 242 2762 lente,
271 2676 448 2765 homines,
481 2688 674 2777 utcunque
705 2679 843 2752 infirmi
875 2688 914 2752 et
942 2677 1208 2767 valetudinarii,

131 2807 228 2881 saepe
243 2809 288 2858 eo
304 2811 423 2886 usque
439 2791 629 2886 pervenire
648 2800 812 2888 possunt,
843 2800 886 2865 ut
902 2791 950 2864 ad
967 2790 1208 2865 vehementis-

130 2893 240 2968 simas
257 2900 534 2973 exercitationes
551 2901 664 2999 probe
679 2900 836 2988 valeant,
862 2904 953 2977 etin
972 2901 1141 3003 palestra,
1166 2910 1205 2975 et

130 3005 201 3080 sub
229 3004 305 3080 sole
332 3009 484 3097 fervido,
510 3034 549 3085 se
577 3021 771 3086 exerceant
787 3023 824 3087 et
854 3014 999 3103 sudent,
1022 3037 1088 3088 nec
1103 3012 1207 3113 quio·

129 3141 245 3215 quarn
263 3117 348 3192 mali
365 3143 386 3193 a
403 3129 510 3194 tanto
525 3119 647 3195 labore
663 3125 842 3212 sentiant;
867 3127 968 3225 quod
984 3137 1110 3201 tamen
1130 3147 1208 3201 non

130 3231 305 3305 omnibus
318 3255 394 3306 esse
412 3231 644 3321 tentandum,
662 3236 748 3310 satis
764 3239 1000 3337 perspicuum
1016 3249 1085 3314 est

181 3365 330 3417 nrcxrn.
349 3341 526 3440 Denique
542 3345 661 3420 omnis
677 3350 892 3424 exercitatio
913 3360 1026 3448 atque
1041 3351 1206 3450 gestatio,

129 3450 199 3523 sub
216 3453 327 3551 pleno
342 3453 449 3541 Jove,
462 3464 501 3530 et
517 3455 556 3528 in
573 3462 655 3532 abre
671 3484 776 3559 puro,
793 3470 839 3535 et:
847 3462 951 3548 sicco,
967 3471 1007 3537 et
1022 3461 1206 3562 frigidulo,

128 3559 207 3634 lieri
226 3562 345 3638 debet.
396 3566 524 3641 Bonus
541 3570 641 3644 enirn
652 3577 713 3646 air
730 3572 934 3664 (nxxxrrr,
951 3584 990 3648 et
1007 3582 1125 3674 seqq.)
1134 3576 1207 3674 ipre

125 3673 224 3746 inter
247 3674 494 3752 efficacissima
518 3681 724 3758 roborantia
747 3685 908 3759 remedia
929 3684 1017 3782 jure
1041 3686 1204 3762 habetur.

127 3784 252 3859 Siccus
268 3810 419 3886 quoque
443 3800 481 3864 et
498 3791 695 3891 frigidulus
710 3800 772 3869 air
795 3795 953 3894 corporis
969 3798 1066 3871 vires
1095 3806 1203 3898 auget

124 3904 237 3993 atque
261 3911 460 3990 conservat,
490 3913 529 3976 et
556 3904 725 3979 sudorem
751 3908 848 3981 inter
871 3909 1120 3984 exercendum
1154 3931 1202 3985 rc·

123 4008 260 4107 primit
326 4008 431 4084 Nihil
457 4036 546 4089 vero
570 4015 701 4103 obstat,
738 4019 973 4116 quominus,
999 4021 1199 4148 repandum

123 4120 335 4220 aegrotantis
370 4123 464 4247 vipes
502 4136 541 4201 et
564 4129 882 4219 constitutionem,
919 4141 958 4207 et
983 4133 1199 4234 morbique

117 4239 289 4310 tentatur
313 4242 492 4323 naturam,
519 4239 733 4316 exercitatio
756 4241 827 4319 sub
850 4241 926 4319 sole
941 4245 1115 4346 quamvis
1137 4245 1197 4319 fer·
