2678 4794
107 314 224 375 xxvl.
289 316 505 374 usmetun
522 316 804 381 announmcn.
1008 306 1081 383 887

107 502 231 588 rte,''et
257 520 392 596 organa
416 497 541 570 omnia
564 520 613 570 ex
629 495 674 570 iis
690 494 856 583 formata,
882 495 930 570 ab
953 496 1083 570 astrin-

107 610 181 687 lbus
203 609 372 683 remediis
401 609 622 683 afficiuntur.
672 606 771 707 Vasa
798 608 981 709 imprimis
997 632 1084 707 quae

107 722 222 798 tinem
241 721 395 809 vehunt,
420 745 506 796 eum
536 720 678 794 arteriae
694 729 779 795 tum
796 744 949 821 quoque
965 744 1085 811 venae,

121 856 251 910 eorum
268 834 382 932 probe
397 833 651 930 experiuntur,
676 841 715 906 et
731 830 907 919 multum,
934 842 1086 931 etsaepe

107 970 140 1037 o,
173 946 501 1044 constringuntur:
540 945 632 1044 quin
657 953 696 1020 et
719 943 839 1021 solida
872 942 960 1020 viva
986 944 1084 1043 (cnr)

107 1080 139 1133 er
152 1056 200 1131 ab
215 1058 260 1131 iis
276 1056 502 1143 afficiuntur,
519 1065 558 1130 et
574 1045 724 1156 propter
739 1080 882 1132 nexum
900 1057 1084 1154 insignem

107 1178 194 1245 nter
216 1169 321 1243 dotes
345 1193 474 1243 eorum
501 1170 664 1269 proprias
690 1169 853 1261 (sensum
880 1160 1017 1243 scilicet
1046 1178 1084 1241 et

107 1280 276 1380 litatem),
287 1290 326 1355 et
338 1280 443 1353 dotes
452 1279 692 1366 molossicas,
706 1306 797 1380 quas
806 1296 892 1356 cum
906 1279 987 1354 aliis
1000 1279 1084 1354 soli·

107 1392 239 1469 rrtibus
248 1417 464 1467 communes
476 1393 612 1466 habent
623 1394 1083 1490 (ccccxxurmccnxxrx)

107 1502 209 1594 cedit,
226 1505 318 1580 dum
332 1506 390 1579 hae
404 1514 607 1592 mutantur,
620 1514 660 1578 et
673 1504 785 1604 major
800 1505 954 1581 firmitas
970 1516 1085 1603 atque

107 1616 172 1693 itas
198 1617 369 1692 omnibus
398 1618 557 1716 corporis
586 1618 752 1717 portibus
780 1618 932 1705 accedit,
957 1637 1084 1691 sensus

107 1754 117 1805 r
145 1729 326 1805 mobilitas
352 1755 418 1828 pro
443 1739 520 1803 rata
546 1731 620 1805 fere
645 1741 750 1829 parte
774 1733 1009 1818 minuuntur,
1046 1739 1085 1801 et

107 1842 295 1942 rquidam
313 1843 515 1917 inducitur.

107 1976 158 2031 nt.
185 1955 290 2031 Hine
315 1954 488 2028 facillime
513 1954 745 2056 intelligetur
761 1955 1006 2031 remediorum
1031 1974 1086 2026 as·

107 2066 250 2143 entium
275 2092 364 2142 usus
385 2069 425 2140 in
443 2067 616 2141 omnibus
639 2068 715 2142 fere
739 2070 875 2143 morbis
892 2069 930 2142 in
948 2064 1085 2166 quibus

107 2178 187 2254 nihi
215 2177 358 2266 solent;
396 2190 435 2253 et
460 2179 572 2253 simul
600 2182 839 2280 perspicuum
864 2183 945 2267 erit,
978 2205 1021 2254 ea
1045 2179 1086 2251 in
1216 2258 1220 2271 ι

107 2291 138 2366 is
153 2293 303 2392 egregie
320 2315 397 2364 esse
413 2290 615 2389 profutura.

107 2426 174 2479 ,ιι
199 2403 386 2501 Imprimis
403 2405 529 2501 igitur,
555 2403 593 2475 in
612 2401 764 2476 laxitate
779 2402 940 2501 portium
958 2399 1087 2475 solida·

128 2514 206 2591 sive
221 2516 403 2590 universae
419 2514 578 2612 corporis
594 2514 832 2613 compaginis,
857 2514 934 2587 sive
950 2513 990 2585 in
1008 2511 1088 2585 loco

107 2649 162 2701 un
175 2627 361 2729 singulari,
385 2627 582 2700 necessaria
598 2625 706 2714 fiunt,
731 2628 907 2726 autperti
924 2623 1089 2701 maxime

107 2748 150 2813 tae
171 2740 339 2838 proxime
368 2741 529 2827 admota,
554 2740 673 2814 veluti
700 2740 815 2815 oculis
839 2749 924 2839 post
946 2736 1089 2812 inflam-

107 2874 217 2940 mem,
254 2862 320 2927 aut
350 2852 516 2927 farrubus
545 2861 585 2927 et
611 2853 758 2952 gutturi
783 2862 867 2951 post
891 2852 1087 2948 anginam3

107 2988 128 3039 n
145 2966 392 3040 ventriculum
419 2975 574 3064 recepta,
600 2976 666 3043 eut
684 2967 752 3040 toti
770 2965 911 3064 corpori
928 2964 1086 3050 admota,

107 3076 125 3151 i
139 3076 181 3151 in
197 3077 417 3177 hydropicis,
444 3077 504 3152 vel
515 3078 593 3176 jorn
613 3101 662 3151 ex
678 3076 759 3163 boc,
774 3088 840 3151 aut
856 3075 935 3151 aliis
951 3075 1088 3150 morbis

107 3186 353 3278 rleseeutibtzs,
381 3189 438 3264 vel
463 3192 503 3264 in
521 3192 565 3264 iis
582 3214 743 3289 quorum
773 3213 923 3288 corpora
946 3188 1088 3262 malum

109 3324 230 3401 genus
248 3301 401 3401 oliaeque
417 3326 535 3377 eausae
558 3303 670 3377 nimis
695 3301 867 3376 laxarunt
890 3311 1005 3399 atque
1021 3297 1089 3371 sol·

107 3426 154 3490 ut.

107 3546 196 3599 ,xn-
222 3525 415 3613 Praeterea,
442 3549 489 3598 ex
507 3524 698 3600 effectibus
715 3550 809 3623 quos
835 3523 986 3599 invasis
1011 3543 1090 3596 sau·

107 3660 162 3711 em
180 3637 402 3712 vehentibus
428 3638 566 3735 (nux)
591 3637 739 3724 babent,
764 3636 970 3735 plurimum
996 3658 1091 3733 saepe

107 3757 168 3823 rnt
198 3750 236 3822 in
261 3749 536 3848 compescendis
561 3750 750 3848 sanguinis
776 3747 977 3848 profluviis,
1003 3770 1091 3822 cum

107 3870 143 3935 te
158 3861 421 3949 accidentibus,
440 3871 524 3934 tum
541 3884 693 3960 quoque
709 3861 749 3933 vi
764 3871 916 3934 externa
931 3870 998 3933 aut
1014 3868 1093 3934 arte

107 3973 181 4048 etis.
246 3975 333 4047 Pari
360 3975 511 4072 insuper
539 3975 690 4060 ratione,
715 3972 897 4072 profluvia
920 3971 1094 4071 quoedam'

106 4085 226 4161 veluti
229 4087 394 4189 fluorem
407 4086 542 4176 album,
558 4087 619 4163 cui
632 4083 803 4161 mulieres
814 4086 907 4159 adeo
922 4083 1093 4157 obnoxie

127 4199 374 4297 (necessum,
391 4211 430 4278 et
446 4209 563 4304 seqq.)
588 4198 654 4279 'cut
669 4196 819 4279 fluxum
836 4199 949 4274 istum
967 4216 1093 4270 muco·

523 4335 554 4392 Y
