2678 4794
614 324 657 399 ix

147 525 234 603 Haec
249 545 364 598 causa
380 517 456 594 fuit
470 539 537 593 cur
560 541 616 594 res
644 540 770 595 omnes
786 520 1033 599 Anotomiccs
1049 528 1173 605 sedulo

100 639 321 722 evitaverim,
348 646 529 731 tanquam
546 658 568 707 a
584 633 771 732 proposito
800 635 875 707 mei
904 635 1016 709 officii
1033 637 1174 729 alienas,

98 763 134 826 et
149 777 240 850 quas
256 749 381 825 omnis
398 747 585 821 studiosus
613 746 700 821 alibi
728 747 897 821 didicisse
925 748 1066 823 debuit.
1117 752 1177 826 Ob

98 865 248 939 eandem
266 886 428 949 causam,
446 861 614 958 quaedam
625 860 671 934 ad
683 858 945 959 Potdologiorn
956 863 1178 959 pertinentia

101 978 228 1061 omisi3
253 975 345 1049 vitia
363 973 425 1046 illa
441 972 578 1047 scilicet
595 997 678 1073 quae
702 998 723 1046 a
748 972 830 1046 laesa
854 973 1014 1072 partium
1042 962 1179 1050 'fabrica

99 1091 251 1162 omnino
278 1086 454 1185 pendent,
488 1086 649 1176 (morbos
674 1082 875 1160 solidorum
901 1086 1177 1175 continentium,

103 1213 139 1274 et
155 1199 299 1274 morbos
320 1196 521 1272 solidorum
548 1197 876 1273 instrunmntorios
893 1198 1050 1273 Illustris
1069 1200 1177 1275 Gau

104 1311 186 1405 bii),
210 1335 296 1409 qnae
312 1309 502 1408 chirurgia,
528 1333 604 1384 non
621 1308 804 1397 medicina
828 1320 1011 1398 sanantur,
1035 1321 1074 1385 et
1090 1336 1176 1410 quae

106 1449 190 1498 oum
206 1420 407 1496 Anatomia
425 1430 463 1494 et
478 1421 673 1520 Chirurgia
690 1446 757 1496 suo
773 1421 853 1496 loco
869 1421 978 1521 plene
994 1423 1176 1521 explican-

102 1546 170 1611 tur.
222 1533 403 1622 Quaedam
433 1533 595 1632 denique
611 1534 657 1607 ad
680 1533 927 1634 Therapeiam
955 1536 1177 1633 pertinentia

101 1648 265 1723 similiter
281 1647 487 1746 praeterivi3
513 1646 574 1720 illa
600 1648 776 1722 nimirum
803 1646 1050 1722 remediorum
1067 1671 1176 1746 gene·

99 1787 146 1848 ra,
170 1761 324 1859 illasque
342 1759 515 1832 medendi
537 1762 707 1846 rationes,
731 1785 816 1859 quae
833 1760 872 1833 in
889 1759 1074 1858 chirurgia
1090 1759 1175 1849 sola,

98 1885 135 1948 et
151 1872 559 1958 minimeinmedicina,
577 1871 697 1946 locum
713 1872 859 1947 babent.
910 1873 1013 1947 Usus
1028 1883 1176 1945 tantum
1288 1880 1293 1890 '

98 1988 256 2084 partium
274 2008 436 2084 quarum
454 1983 624 2059 fabricam
643 1986 797 2059 studiosi
820 1996 928 2061 antea
953 1985 1175 2072 didicissent,

98 2111 134 2171 et
150 2098 360 2172 functiones
376 2097 454 2170 vivi
478 2099 647 2196 eorporis,
673 2101 892 2198 morbosque
918 2101 984 2198 qui
1013 2097 1175 2197 singulas

97 2209 173 2283 illas
202 2211 413 2284 functiones
442 2209 657 2308 impediant,
682 2222 720 2285 et
737 2213 916 2311 principia
931 2211 1112 2310 generalia
1129 2211 1176 2284 de

98 2323 341 2397 remediomm
358 2321 497 2395 viribus
514 2333 627 2420 atque
644 2324 836 2399 effectibus
861 2328 900 2398 in
930 2325 1064 2399 talibus
1080 2347 1176 2396 mor·

100 2432 157 2505 bis
172 2434 348 2521 sanandis,
373 2433 513 2518 docere,
540 2458 669 2507 meum
686 2459 762 2508 esse
778 2436 921 2531 putavi.

88 2575 116 2602 x
150 2545 277 2618 Aliam
307 2570 465 2645 quoque,
501 2555 545 2619 ut
575 2544 726 2641 quidam
758 2545 902 2630 volunt,
927 2542 1177 2643 Physiologr'oe

98 2669 250 2756 partem,
275 2683 384 2758 quam
403 2658 548 2733 silentio
565 2658 719 2732 omnino
742 2657 957 2756 praeteriisse
974 2657 1073 2730 nefas
1090 2655 1177 2729 fuis-

98 2782 162 2858 set,
180 2797 293 2870 quam
307 2772 490 2846 levissime
503 2773 631 2871 tetigi3
656 2769 923 2870 Metcplrysico
940 2795 1075 2870 nempe
1090 2792 1177 2868 quae

99 2896 286 2972 vocantur,
309 2909 373 2959 seu
392 2885 439 2958 de
454 2883 706 2958 functionibus
724 2884 860 2957 mentis
877 2884 1056 2970 humanae,
1082 2882 1176 2980 ejus·

100 3019 272 3092 querum
290 3020 441 3094 corpore
457 3020 557 3069 nexu
572 2995 797 3092 conjecturas
811 3023 820 3080 ;
846 3019 932 3069 nam
945 3007 1079 3095 praeter
1092 3018 1176 3068 oon·

96 3107 253 3203 jecturas
269 3107 364 3182 nihil
392 3133 501 3206 super
517 3107 585 3181 hac
600 3131 641 3180 re
657 3106 846 3183 habemus.
897 3107 1089 3205 Quicquid
1113 3130 1176 3178 au-

103 3230 175 3292 tem
192 3222 282 3307 veri,
308 3232 376 3294 aut
404 3219 621 3305 verisimilis,
647 3219 828 3317 quicquid
856 3217 1000 3317 pulchri
1028 3227 1094 3291 aut
1122 3217 1177 3290 in·

100 3332 247 3429 geniosi,
264 3334 348 3406 istae
366 3332 585 3429 conjecturae
601 3331 770 3416 habeant,
795 3329 848 3401 fas
865 3330 912 3401 sit
928 3329 1057 3415 dicere,
1083 3329 1177 3427 opti·

101 3465 175 3517 mas
190 3469 360 3542 quasque
376 3469 503 3518 earum
516 3443 609 3516 nihil
621 3443 798 3517 hactenus
810 3439 857 3513 ad
870 3465 979 3514 usum
990 3441 1177 3515 medicum

101 3556 306 3630 contulisse.

148 3667 343 3742 Noluerim
375 3667 550 3766 equidem
579 3668 734 3754 credere,
759 3666 942 3741 Naturam
973 3675 1049 3740 tam
1078 3676 1178 3741 arcto

100 3778 218 3854 limite
234 3780 433 3879 ingenium
455 3779 662 3854 humanum
689 3781 964 3878 compescuisse,
990 3789 1034 3853 ut
1050 3779 1097 3852 ad
1114 3780 1178 3852 has

100 3916 249 3990 quoque
266 3893 434 3991 regiones
445 3892 544 3967 viam
563 3892 631 3966 sibi
644 3917 836 3991 nunquam
850 3892 1051 3991 patefaciat.
1103 3893 1178 3963 Ve-

100 4027 178 4078 reor
194 4016 321 4079 autem
340 4005 464 4078 nevel
481 4005 642 4079 infausto
659 4006 784 4078 omine
801 4007 860 4078 vel
885 4004 982 4078 malo
998 4004 1092 4078 duce
1109 4003 1178 4072 iter

101 4119 326 4194 tentaverint
341 4120 410 4218 qui
436 4117 612 4195 hactenus
639 4119 793 4218 ingressi
820 4128 918 4208 sunt,
942 4118 1003 4193 vel
1032 4126 1177 4207 tempus
