2678 4794
102 420 191 476 CAP.
208 418 232 472 1.
384 414 608 474 memorem
625 412 915 480 unomen.
1134 421 1180 489 21

98 623 155 673 ars
183 596 367 696 attingere
390 594 573 696 potuisset
596 597 702 689 mals,
740 601 819 676 sine
842 626 915 702 ope
937 611 1092 679 extenta
1115 618 1182 685 sua

97 720 221 812 sponte
237 720 482 786 evanescunt.
577 772 582 780 .

139 845 288 899 rxvrn.
308 820 452 898 Merito
468 825 585 924 igitur
600 823 657 901 his
667 826 809 903 viribus
819 829 961 906 Medici
973 825 1179 924 oonffdunt,

92 962 224 1038 easque
240 945 425 1029 sonantur
440 935 660 1037 languentes
673 942 843 1030 excitare,
861 953 928 1017 aut
944 945 974 1018 si
991 946 1101 1044 plane
1117 947 1180 1020 de·

93 1050 254 1137 fecerint,
293 1059 380 1124 tum
417 1049 541 1125 solitas
577 1075 704 1128 earum
743 1056 903 1131 actiones
928 1067 1006 1132 arte
1029 1059 1179 1135 imitari.

93 1163 179 1237 Non
205 1174 336 1238 tamen
364 1163 409 1238 iis
438 1162 522 1238 solis
539 1188 684 1266 semper
699 1166 892 1244 fidendum
922 1179 997 1257 est,
1036 1174 1179 1275 quippe

97 1301 179 1373 quae
192 1277 233 1350 in
249 1275 475 1374 quibusdam
492 1278 630 1352 morbis
646 1279 761 1356 nullae
776 1281 864 1371 sint,
888 1283 926 1355 in
945 1282 1073 1358 multis
1090 1298 1187 1360 vero'

101 1388 235 1473 nimiae,
261 1398 299 1461 et
312 1389 406 1463 adeo
422 1388 674 1483 vehementes,
705 1402 749 1467 ut
766 1393 840 1469 siut
857 1416 971 1493 quarn
988 1395 1067 1495 ipse
1082 1422 1179 1473 mor·

102 1498 169 1572 bus
185 1499 298 1598 magis
313 1502 537 1577 metuenda.
552 1517 554 1521 ’

143 1634 254 1686 nxrx.
280 1612 459 1689 Leviores
482 1616 603 1691 morbi
627 1617 783 1693 Naturae
805 1618 946 1694 viribus
971 1623 1057 1695 satis
1092 1632 1179 1698 tuto

95 1724 377 1824 relinquuntur;
403 1726 466 1801 sed
482 1750 594 1804 nemo
611 1754 730 1818 sanus,
756 1730 974 1830 hydropem,
1003 1731 1178 1809 vellosos

95 1859 298 1925 venereum,
328 1838 388 1913 vel
404 1840 551 1915 visceris
567 1841 729 1940 cujusvis
746 1841 1091 1933 inflammationem,
1117 1848 1180 1921 iis·

94 1944 176 2025 dem
194 1951 442 2026 oommiserit:
473 1951 609 2029 seilicet
625 1979 711 2053 quae
738 1957 777 2029 iu
807 1955 880 2029 illis
897 1958 1033 2031 morbis
1062 1959 1177 2035 nullae

94 2063 187 2148 sint;
215 2063 257 2136 in
274 2061 475 2138 bisantem
493 2065 836 2156 vehementissime,
865 2094 998 2144 verum
1027 2070 1175 2172 ineptae,

94 2187 130 2249 et
145 2175 256 2250 valde
270 2175 496 2275 periculosae,
525 2190 564 2251 et
579 2203 826 2279 gangraenam,
853 2182 912 2257 vel
943 2186 1177 2283 suppuratio-

95 2311 179 2363 nem
195 2288 272 2363 fere
289 2289 390 2363 baud
408 2290 531 2365 minus
548 2291 748 2380 exitialem,
766 2293 962 2368 effecturus.

144 2423 241 2475 Lxx.
278 2402 320 2476 A
346 2401 497 2501 duplice
522 2426 642 2476 errore
666 2406 784 2503 igitur
808 2429 936 2478 cavere
960 2417 1107 2504 oportet
1118 2436 1178 2492 ;-

100 2536 222 2613 neque
237 2515 327 2590 vires
346 2515 499 2590 Naturae
517 2538 697 2615 spernere,
727 2538 850 2613 neque
874 2517 985 2589 nimis
1009 2518 1179 2615 religiose

98 2626 221 2702 solere.
263 2628 428 2702 Tantum
447 2629 546 2702 enim
564 2628 667 2702 abest
684 2637 730 2702 ut
746 2650 890 2727 semper
905 2626 1005 2702 illius
1022 2630 1180 2728 vestigia
1228 2660 1232 2667 ·

94 2765 260 2838 premere
282 2741 488 2829 oonveniat,
518 2752 564 2816 ut
588 2765 685 2841 saepe
709 2764 856 2816 neeesse
880 2741 929 2815 sit
952 2743 1180 2817 eontrarium

94 2854 336 2952 prorsusiter
359 2862 495 2942 tenere,
520 2864 723 2954 contraque
746 2854 827 2952 ejus
851 2864 1005 2929 oonatus
1029 2878 1177 2930 summa

93 2990 162 3066 ope
177 2967 263 3041 niti.

140 3101 258 3154 ιω.
283 3077 421 3179 Neque
445 3077 586 3154 Medici
623 3078 788 3154 officium
818 3089 895 3155 tam
930 3090 1031 3155 arcto
1055 3080 1177 3156 limite

95 3190 253 3266 oobiberi
278 3186 357 3290 ipsa
381 3192 525 3267 Natura
549 3193 677 3266 dooet:
709 3195 876 3291 suggerit
904 3194 1005 3267 enim
1022 3192 1178 3292 prodiga

95 3302 288 3379 innumera
311 3304 483 3391 remedia,
509 3329 595 3403 quae
610 3305 784 3378 maximis
800 3304 940 3377 viribus
963 3305 1003 3377 in
1027 3328 1179 3403 corpore
1205 3310 1208 3321 ‘

93 3414 258 3491 humano
295 3416 450 3517 pollent,
488 3426 528 3490 et
553 3418 669 3491 varias
702 3427 743 3490 et
779 3415 1031 3490 saluberrimas
1057 3428 1179 3491 muta-

94 3529 211 3604 tiones
228 3531 269 3603 in
285 3553 332 3604 eo
347 3531 491 3604 efficere
507 3529 641 3604 valent.
692 3528 780 3604 Hoc
796 3529 910 3603 modo
935 3532 1047 3604 etiam
1064 3529 1179 3627 pluri·

93 3664 163 3716 rnae
178 3643 397 3717 morborum
413 3667 532 3718 oeusae
547 3668 569 3716 a
585 3642 715 3717 solerte
731 3641 876 3716 medioo
900 3644 940 3715 in
958 3642 1179 3741 praestantis·

94 3753 182 3828 sima
191 3755 332 3830 auxilia
341 3756 507 3830 converti
516 3763 676 3857 queant;
695 3753 841 3842 seilicet,
853 3754 1035 3853 quiequid
1044 3776 1178 3852 eorpus
1231 3788 1235 3795 ·

96 3866 336 3943 vehementer
351 3869 475 3958 afficit,
491 3868 613 3943 eidem
624 3891 726 3942 nuno
736 3869 816 3941 neci
830 3869 934 3959 (orn,
949 3875 1066 3967 amr),
1079 3884 1181 3939 nune

97 3978 232 4054 iterum
249 3980 427 4067 remedio,
452 4005 529 4055 esse
545 3991 678 4081 potest.
1178 3986 1193 4007 ·“

146 4114 276 4167 nxxn.
303 4092 445 4166 Medici
470 4118 559 4167 vero
584 4104 650 4179 est,
676 4092 823 4191 cognita
848 4105 979 4166 natura
1003 4100 1042 4165 et
1075 4104 1183 4159 musa

99 4204 231 4293 morbi,
253 4203 423 4301 judicare
439 4205 534 4303 quid
551 4204 768 4280 mutationis
784 4204 1002 4301 requiratur,
1028 4208 1073 4272 ut
1088 4214 1187 4265 mor-

99 4313 171 4389 bus
196 4317 236 4391 in
263 4315 459 4392 sanitatem
478 4326 658 4394 mutetur.
709 4316 807 4392 Here
823 4314 975 4411 quidem
999 4319 1054 4384 est
1070 4300 1189 4437 rnedi-
