2678 4794
54 375 143 429 car.
160 370 282 425 xvm.
332 363 553 421 sinnrcrrnn
571 364 857 420 nrrnonnmcn.
1056 357 1130 424 185
1173 425 1174 429 Ν

53 573 180 651 neque
195 549 287 623 bene
302 543 556 642 concoquitur,
573 544 603 615 si
619 542 855 617 condimenta
878 540 983 617 solita
1000 557 1131 644 negata

51 662 199 739 fuerint
302 666 308 677 '

96 792 277 851 ncxxtn.
304 770 444 843 Parum
461 766 705 841 concoctionis
722 767 782 842 vel
802 768 1026 856 mutationis,
1043 792 1131 868 proe-

51 894 105 964 ter
120 884 344 961 solutionem
362 881 525 979 partium
550 878 759 967 solidarum,
783 881 994 979 requiritur,
1025 894 1070 955 ut
1085 882 1134 956 ci-

52 1000 118 1075 bus
133 994 304 1071 animalis
321 992 550 1066 nutrimento
565 993 706 1091 corpori
722 992 885 1067 humano
902 994 969 1068 sit:
994 995 1134 1094 quippe

53 1112 117 1211 qui
133 1132 265 1211 parum
282 1105 437 1180 omnino
452 1103 598 1177 differat
613 1129 636 1176 a
651 1114 783 1180 natura
799 1107 958 1204 corporis
969 1106 1133 1180 humani.

55 1222 146 1319 Oleq
159 1244 259 1308 vero,
277 1228 355 1293 tam
377 1215 591 1291 animalium
608 1240 722 1314 quam
745 1215 907 1315 frugum,
929 1242 1017 1315 quae
1039 1219 1134 1293 mul-

56 1344 142 1409 tum
166 1331 280 1419 olunt,
307 1330 455 1429 longius
483 1329 623 1404 distant
649 1353 673 1401 a
696 1339 826 1403 natura
851 1330 1052 1404 humorum
1068 1342 1135 1407 aut

57 1444 224 1521 onmium
239 1443 390 1518 humani
407 1442 576 1541 corporis.
627 1440 841 1515 Remotiora
870 1441 992 1517 adhuc
1007 1443 1135 1518 viden-

58 1566 123 1632 tur
137 1580 213 1631 esse
238 1554 361 1655 fruges
388 1553 595 1653 glutinosae,
620 1554 680 1629 vel
696 1579 782 1652 quae
810 1554 963 1628 farinam
979 1567 1045 1630 aut
1062 1580 1135 1630 sac·

56 1669 206 1745 charum
223 1670 399 1768 praebent,
416 1676 455 1741 et
472 1667 625 1741 demum
641 1668 789 1753 radices,
807 1676 846 1741 et
861 1667 969 1753 olera,
999 1668 1136 1765 quibus

56 1792 178 1856 tamen
203 1803 316 1855 omne
343 1778 479 1853 animal
507 1781 682 1865 nutritur,
707 1778 766 1853 vel
782 1780 903 1877 ipsum
930 1778 1057 1852 herbas
1073 1780 1136 1852 de·

55 1891 287 1993 poscens,ch
303 1890 382 1965 aliis
399 1892 537 1978 vivens,
553 1916 639 1989 quae
654 1915 713 1965 eas
730 1891 962 1990 depaverant.

102 2026 272 2081 ncxx1v.
298 2003 435 2078 Cibum
451 2001 555 2078 labiis
570 2004 842 2102 prehendimus,
860 2004 926 2090 his,
943 2014 981 2077 et
998 2004 1135 2091 buccis,

57 2126 93 2191 et
106 2115 245 2216 lingua,
271 2117 311 2189 in
328 2140 390 2190 ore
405 2115 600 2202 volvimus,
626 2116 799 2190 dentibus
816 2117 1027 2205 dividimus,
1050 2140 1136 2190 con-

58 2230 259 2316 tundimus,
276 2227 512 2302 conficimus:
542 2226 718 2303 affluente
734 2252 822 2302 vero
840 2229 997 2327 plurima
1013 2229 1135 2315 saliva,

59 2350 229 2429 amuco,
255 2350 294 2414 et
319 2340 398 2414 aliis
415 2340 486 2413 oris
510 2339 738 2426 humoribus,
763 2365 851 2413 cum
867 2340 916 2412 ob
940 2338 1136 2413 stimulum

59 2460 94 2527 et
102 2438 274 2553 saporem
286 2452 369 2540 cibi,
385 2462 467 2527 tum
480 2476 633 2550 quoque
648 2451 697 2524 ob
709 2463 856 2525 motum
869 2452 1029 2549 partium
1045 2452 1136 2524 dum

60 2566 253 2652 manditur,
293 2564 395 2663 cibus
420 2566 460 2636 in
486 2587 640 2637 massam
666 2562 827 2648 mollem,
865 2563 940 2635 fere
973 2562 1136 2648 fluidam,

60 2676 249 2777 utigitur,
261 2699 375 2774 quam
381 2666 583 2776 pbory'ugi
594 2676 784 2762 tradimus,
794 2700 917 2773 neque
928 2675 1086 2774 amplius
1096 2677 1136 2749 in

60 2810 134 2863 cam
151 2797 374 2888 potestatem
391 2787 589 2875 habemus;
615 2812 738 2888 neque
762 2789 924 2887 profecto
939 2812 1033 2888 opus
1057 2797 1134 2861 est:

60 2894 165 2998 liujus
182 2902 284 2975 enim
302 2901 550 2975 contractione
579 2903 618 2975 in
636 2901 763 3001 gulam
781 2901 992 3000 impellitur,
1022 2926 1136 2999 quam

60 3010 194 3101 dilatat,
221 3024 259 3087 et
286 3013 334 3086 ad
357 3016 644 3089 contractionem
669 3016 751 3103 ciet,
777 3040 852 3113 qua
876 3015 1026 3088 demum
1052 3037 1137 3087 eon-

61 3126 234 3199 tractione
249 3150 272 3199 a
288 3125 495 3226 phoryagc
519 3128 728 3226 incipiente,
753 3140 791 3201 et
816 3127 861 3200 nd
887 3125 1137 3200 ventriculum

61 3247 267 3334 propagata,
291 3238 395 3311 cibus
420 3239 467 3311 ad
492 3239 737 3314 ventriculum
771 3241 950 3338 pervenit,
985 3240 1036 3312 ibi
1061 3262 1138 3336 quo

61 3370 152 3446 opus
169 3348 216 3423 sit
233 3358 379 3449 tempus
398 3350 628 3425 detinendus.
664 3352 800 3450 Neque
816 3374 900 3426 sane
911 3360 1056 3424 tantum
1070 3375 1138 3423 suo

63 3458 228 3554 pondere,
245 3474 430 3560 quantum
448 3473 555 3537 motu
573 3475 612 3538 et
629 3467 875 3539 contractione
892 3463 1004 3562 ipsius
1029 3462 1136 3561 gulae,

63 3568 245 3647 descendit
261 3574 388 3649 cibus:
418 3576 538 3650 multa
555 3577 655 3649 enim
672 3576 841 3651 animalia
866 3600 1010 3650 sursum
1028 3577 1137 3649 devo

64 3695 145 3772 ant,
162 3685 268 3783 quod
284 3697 324 3761 et
339 3685 450 3761 homo
466 3690 544 3788 ipse
560 3689 677 3761 facere
694 3699 825 3787 potest.

106 3816 258 3872 ncxxv.
286 3798 402 3875 Cibus
419 3812 542 3875 autem
559 3824 635 3874 non
661 3801 784 3874 statim
810 3825 876 3899 per
892 3801 1138 3876 ventriculum

65 3911 205 3996 transit;
231 3910 423 3987 detinetur
449 3914 501 3987 ibi
517 3912 755 4011 aliquamdiu,
781 3926 966 3989 contracto
991 3915 1140 4001 scilicet,

65 4026 98 4090 et
118 4021 291 4095 nonnihil
316 4024 427 4098 simul
451 4025 594 4099 elevato
611 4022 759 4125 pylum,
785 4050 871 4100 cum
894 4054 915 4099 a
939 4027 1039 4100 tibris
1056 4050 1141 4117 qua·

67 4126 177 4224 ipsum
203 4135 431 4223 circundant,
457 4148 537 4211 tum
566 4162 717 4237 quoque
742 4164 763 4211 a
790 4139 1025 4237 longioribus,
1055 4160 1139 4233 qua*

68 4252 201 4332 partem
227 4246 423 4326 ventriculi
448 4251 671 4348 superiorem
688 4254 785 4327 inter
800 4251 965 4326 curulium
983 4262 1021 4325 et
1031 4244 1106 4348 pp!
1126 4293 1140 4310 ·
