2678 4794
125 353 224 411 cnr.
239 349 348 421 m.
421 346 642 406 nnmerum
668 350 955 409 ruronarrcm.
1139 335 1211 417 267

131 540 178 606 et
206 529 385 616 renixum,
420 527 591 628 interque
614 527 760 617 arterias
784 536 824 600 et
851 550 973 614 venas,
1007 526 1213 626 aequilibrio

131 642 305 728 stabilito,
343 663 475 739 eorpus
498 639 724 739 aliquamdiu
748 639 1023 738 neque-crescit
1056 639 1214 740 amplius

129 778 256 854 neque
272 753 467 828 minuitur.
505 753 640 827 Postea
651 750 853 826 veroaliud
865 751 1132 835 minusvemm
1143 774 1213 826 nu·

128 868 354 943 trimentum
385 864 551 965 acquirit,
580 863 740 963 plurimo
768 862 904 938 seilicet
920 875 1058 938 secreto
1074 875 1114 939 et
1140 863 1212 938 col-

127 980 227 1054 lecto
243 978 353 1077 adipe
370 976 440 1051 strb
455 988 551 1064 cute,
580 985 619 1050 et
644 977 684 1050 in
701 976 907 1062 abdomine,
933 984 972 1048 et
1000 974 1098 1049 inter
1112 999 1213 1051 mus-

130 1089 243 1180 culos,
272 1089 380 1188 cujus
406 1090 499 1163 ratio
527 1113 594 1165 suo
623 1087 703 1162 loeo
721 1087 801 1187 jam
827 1087 970 1161 reddita
995 1098 1052 1162 est
1077 1088 1144 1178 (οι,
1172 1098 1212 1162 et

185 1335 432 1388 ueceuxvrrr.
460 1312 649 1388 Paulatim
664 1335 754 1386 vero
778 1335 910 1410 corpus
933 1312 1121 1387 marcescit
1144 1312 1213 1387 ite-

133 1448 233 1510 rum
249 1448 322 1499 non
333 1427 445 1500 modo
454 1435 645 1524 resumpto
654 1425 775 1522 adipe,
786 1424 849 1498 sed
862 1423 1034 1499 omnibus
1047 1423 1121 1498 fere
1132 1448 1213 1524 par-

133 1535 236 1610 tibus
252 1536 344 1612 male
358 1537 518 1613 nutritis.
568 1538 778 1637 Iligescunt
805 1535 923 1610 indies
939 1536 1117 1611 nimimm
1133 1561 1213 1612 om·

129 1670 197 1722 nes
213 1658 333 1748 partes
360 1648 494 1738 solidae,
521 1658 560 1724 et
576 1649 740 1722 maxime
755 1649 905 1735 arteriae,
930 1661 969 1722 et
986 1648 1044 1725 hae
1057 1670 1213 1747 quoque

128 1760 300 1835 arctiores
316 1760 423 1848 fiunt,
452 1770 491 1835 et
520 1760 689 1860 plurimae
704 1761 864 1835 minores
893 1760 1042 1859 penitus
1066 1760 1212 1834 conclu-

128 1870 288 1961 duntur,
303 1883 343 1947 et
359 1873 509 1947 renixus
525 1872 665 1974 ubique
682 1874 840 1973 corporis
856 1871 973 1969 major
989 1881 1055 1957 est,
1078 1880 1117 1944 et
1133 1894 1212 1945 san·

129 1983 256 2081 guinis
269 1996 395 2060 motus
411 1983 629 2084 languidior,
647 1997 685 2060 et
697 1987 929 2085 aliquatenus
945 1983 1159 2083 impeditus,
1173 1996 1211 2058 et

130 2116 195 2169 cor
209 2107 248 2170 et
263 2098 413 2185 arteriae,
430 2099 555 2172 minus
570 2098 760 2172 irritabilis
776 2097 879 2186 sacta,
896 2096 1032 2172 lentius
1047 2105 1087 2170 et
1110 2095 1211 2170 debi-

128 2204 201 2282 lius
218 2232 371 2308 quoque
397 2210 547 2296 micant,
574 2219 613 2284 et
639 2208 723 2308 plus
739 2233 848 2306 aequo
876 2209 1064 2306 sanguinis
1093 2208 1132 2281 in
1150 2233 1211 2282 ve-

129 2320 185 2393 nis
201 2321 424 2420 congeritur,
452 2322 576 2395 minus
604 2322 644 2394 in
673 2320 823 2407 arteriis,
851 2328 890 2393 et
914 2317 1085 2418 plurimae
1107 2319 1211 2395 fune·

132 2431 250 2506 tiones
266 2432 533 2531 impediuntur,
551 2441 589 2506 et
605 2432 700 2505 vires
716 2455 844 2506 omnes
860 2430 1049 2516 deficiunt,
1078 2439 1118 2504 et
1133 2440 1212 2504 tota

132 2543 302 2618 machina
319 2544 366 2618 ab
382 2545 485 2618 omni
501 2555 604 2643 parte
621 2542 805 2617 dilabitur.

178 2677 399 2732 ncceuxrx.
424 2658 512 2731 Non
530 2666 586 2731 est
597 2655 725 2754 igitur
741 2654 999 2748 dubitandum,
1024 2653 1117 2753 quin
1133 2654 1211 2729 vita

131 2766 206 2866 ipsa
223 2769 334 2842 citius
351 2765 409 2840 vel
428 2769 542 2843 serius
559 2767 687 2841 mortis
704 2791 811 2842 causa
826 2767 930 2841 foret.
990 2766 1107 2840 Pauci
1123 2790 1211 2841 vero

129 2877 196 2953 hac
211 2879 370 2954 naturali
399 2889 437 2954 et
453 2878 656 2955 inevitabili
676 2892 792 2954 morte
808 2879 911 2954 senili
940 2879 1208 2955 absumuntur:

131 2989 316 3066 innumeri
342 2992 443 3065 enim
480 2993 547 3091 qui
572 2992 660 3069 vitae
684 2992 853 3067 semitam
877 2990 1047 3066 obsident
1081 2993 1210 3081 morbi,

131 3104 333 3177 maximam
350 3104 471 3202 gentis
487 3103 659 3179 humanae
675 3115 815 3203 partem
833 3127 976 3203 semper
997 3116 1211 3204 rapuerunt,

133 3212 188 3286 ita
202 3224 247 3286 ut
263 3217 324 3288 vix
343 3216 509 3291 decimus
537 3218 695 3315 quisque
712 3217 955 3315 septuaginta,
981 3218 1048 3289 vix
1064 3216 1211 3290 millesi-

133 3346 220 3398 mus
236 3328 392 3426 quisqne
409 3329 610 3427 nonaginta
626 3353 739 3402 annos
756 3327 1016 3427 compleverit;
1042 3335 1145 3400 etex
1167 3327 1211 3399 iis

134 3437 200 3535 qui
217 3439 361 3514 senium
379 3441 584 3539 attigerint,
608 3439 718 3540 longe
734 3441 898 3514 maxima
913 3463 995 3538 pars
1019 3461 1095 3511 non
1111 3462 1211 3512 mera

132 3560 332 3638 senectute,
350 3552 415 3626 sed
431 3553 550 3640 variis,
575 3552 712 3650 quibus
728 3564 817 3626 aetas
833 3551 895 3626 illa
909 3562 1117 3650 opportuna
1140 3550 1211 3626 sae·

132 3670 166 3734 ta
182 3672 253 3752 est,
270 3664 409 3738 morbis
425 3665 611 3762 absumpti
627 3663 789 3740 suerunt.

176 3796 382 3850 nccenxx.
409 3777 632 3875 Languente
648 3776 798 3866 tandem
815 3784 964 3874 propter
985 3775 1211 3874 rigiditatem

134 3888 302 3961 omnium
321 3890 482 3986 partium
501 3888 709 3975 solidarum,
735 3897 774 3962 et
790 3896 975 3986 torporem
992 3897 1031 3962 et
1047 3885 1211 3961 debilita-

135 4005 208 4072 tem
234 3999 375 4074 virium
400 4002 645 4087 moventium,
675 3999 862 4099 sanguinis
886 4010 1005 4090 motu,
1029 3997 1212 4094 cordeque

136 4128 206 4185 non
223 4112 385 4210 amplius
402 4114 447 4186 ad
465 4114 655 4212 proprium
685 4135 822 4186 munus
838 4110 995 4198 valente,
1024 4106 1211 4206 sanguinis

138 4232 257 4300 motus
274 4225 314 4298 in
331 4225 495 4322 partibus
523 4227 681 4330 corporis
697 4225 871 4307 extremis
887 4223 1009 4325 primo
1037 4219 1141 4319 perit.
1169 4214 1210 4288 in
