2678 4794
662 288 728 359 xvi

157 508 233 583 que
249 483 483 559 acerbissimis
507 482 681 556 aerumnis
709 506 820 580 opem
846 482 974 570 ferant,
1000 495 1038 559 et
1054 488 1231 564 conditio-

156 619 244 671 nem
264 597 466 681 homiuum,
491 618 674 693 nusquam
704 598 779 669 suis
808 598 1049 672 incommodis
1067 625 1230 688 vacuam,

149 709 420 807 jucundiorem,
455 720 521 781 aut
550 706 830 782 tolerabiliorem
864 710 1028 784 reddant.
1091 712 1230 786 Omnes

156 822 290 896 scilicet
306 819 352 892 ab
369 821 470 891 omni
495 844 577 894 aevo
604 821 770 895 homines
787 846 898 897 suum
915 836 1158 897 exercuerunt
1174 827 1229 896 in-

155 933 304 1033 genium
322 941 361 1004 et
377 931 606 1020 industriam,
620 943 665 1008 ut
677 933 886 1032 voluptates
903 936 971 1009 sibi
988 936 1229 1034 acquirerent,

154 1058 194 1120 et
208 1042 348 1117 dolores
365 1045 501 1141 quibus
525 1046 677 1120 obnoxii
703 1056 825 1120 essent
850 1047 1021 1123 tollerent
1046 1060 1113 1122 aut
1140 1049 1229 1121 leni-

153 1165 245 1229 rent.
296 1156 419 1229 Variae
436 1158 681 1255 profectores,
706 1160 746 1233 in
764 1161 873 1247 variis
889 1161 1100 1259 regionibus
1116 1170 1230 1258 atquc

153 1267 391 1365 temporibus,
416 1295 544 1345 eorum
561 1275 755 1347 conamina
779 1274 830 1347 ita
854 1273 1011 1372 dirigere
1027 1275 1228 1372 potuerint,

152 1387 196 1453 ut
213 1381 272 1454 vel
289 1405 458 1481 prospera
487 1385 547 1457 vel
576 1384 651 1458 fere
677 1386 800 1458 inania
815 1387 1007 1459 evaserint.
1056 1385 1145 1459 Non
1175 1393 1229 1457 est

152 1492 269 1591 igitur
284 1494 545 1583 dubitandum,
562 1505 676 1569 artem
697 1496 876 1570 medicam
894 1496 1034 1593 ubique
1051 1505 1228 1568 terrarum

150 1629 261 1678 suum
280 1606 448 1680 habuisse
464 1607 658 1682 exordium
677 1610 774 1681 inter
802 1607 970 1682 homines
999 1616 1161 1680 recentes
1189 1616 1228 1680 et

150 1716 270 1805 rudes,
295 1729 437 1794 naturae
453 1744 588 1806 rerum,
604 1731 643 1793 et
659 1720 766 1793 bonae
781 1719 1076 1804 ratiocinationis,
1094 1719 1230 1816 pariter

149 1832 310 1916 nescios;
347 1857 439 1930 quos
471 1832 556 1906 ideo
588 1843 773 1931 oporteret
805 1832 852 1905 ad
885 1830 1130 1905 observandos
1162 1841 1228 1904 aut

150 1943 357 2016 tractandos
376 1945 529 2032 morbos,
554 1967 757 2041 eorumque
782 1951 952 2017 naturam
979 1952 1018 2016 et
1043 1942 1229 2040 originem

149 2053 398 2151 explorandas,
425 2058 579 2130 cumino
594 2057 792 2154 imparatos
809 2055 1004 2128 accessisse.
1279 2050 1284 2063 “

198 2167 267 2240 Ad
291 2168 534 2243 observandos
563 2168 727 2267 profecto
757 2166 900 2240 morbos
929 2166 1031 2239 omni
1061 2174 1229 2262 tempore

149 2278 342 2354 manifesta
359 2281 573 2354 necessitate
589 2291 776 2380 coguntur
790 2277 980 2363 homines;
1006 2276 1146 2376 quippe
1162 2276 1229 2373 qui

148 2393 408 2489 aegrotantium
426 2418 531 2492 aeque
547 2415 751 2524 eoppmque
767 2391 970 2466 amicorum
982 2391 1229 2464 attentionem

150 2526 299 2578 summo
314 2506 384 2579 sibi
393 2504 482 2603 jure
508 2506 706 2580 vindicent.
756 2505 825 2579 Ad
850 2527 974 2578 causas
1004 2526 1164 2600 quoque,
1190 2510 1227 2573 et

148 2616 341 2713 originem,
366 2629 405 2690 et
422 2628 602 2701 naturam,
628 2617 841 2687 morborum
864 2611 1147 2708 investigandas,
1172 2612 1228 2682 in-

149 2727 287 2801 stinctu
305 2725 468 2822 quodam
485 2723 669 2822 peculiari,
694 2743 817 2818 neque
841 2744 927 2793 sane
952 2718 1089 2807 inutili,
1115 2720 1227 2794 etiam

148 2858 264 2934 quam
292 2836 456 2908 maxime
482 2833 614 2907 inculti
646 2832 910 2930 perducuntur.
971 2831 1096 2904 Docet
1125 2833 1228 2907 enim

148 2970 275 3022 sensus
303 2947 521 3034 communis,
547 2944 687 3020 nullam
718 2944 933 3031 novitatem,
958 2953 1025 3017 aut
1051 2944 1229 3019 mutatio·

148 3080 247 3147 nem,
272 3069 338 3135 aut
354 3084 375 3133 a
392 3058 499 3134 solito
515 3069 656 3134 naturae
672 3082 780 3132 cursu
809 3067 849 3131 et
877 3057 1005 3131 ordine
1033 3056 1226 3132 aberratio-

149 3193 248 3259 nem,
272 3172 362 3255 fieri.
389 3173 467 3246 sine
483 3196 590 3247 causa
605 3169 738 3268 aliqua,
763 3168 824 3242 vel
851 3168 995 3244 occulta
1023 3167 1083 3242 vel
1111 3170 1228 3242 mani-

149 3282 250 3358 festa.
300 3286 367 3361 Ad
396 3286 461 3359 has
490 3309 577 3358 vero
610 3282 833 3381 detegendas
859 3306 993 3368 causas,
1031 3280 1160 3355 multis
1188 3288 1227 3354 et

149 3396 325 3470 accuratis
341 3393 665 3483 observationibus,
690 3407 729 3468 et
744 3405 852 3472 cauta
875 3394 1076 3470 admodum
1105 3403 1144 3466 et
1172 3416 1227 3466 so-

149 3505 228 3582 bria
243 3533 337 3606 opus
354 3519 409 3583 est
426 3509 710 3583 ratiocinatione.

199 3618 424 3694 Gravissime
440 3630 565 3695 autem
582 3628 795 3694 erraverunt
811 3627 984 3702 auctores,
1002 3616 1068 3714 qui
1079 3614 1226 3688 sibimet

149 3733 394 3831 persuaserint
410 3729 577 3806 homines
605 3731 715 3805 rudes
744 3740 857 3828 atque
885 3729 1051 3802 indoctos
1079 3725 1126 3799 ad
1153 3724 1226 3800 tale

149 3843 341 3943 inceptum
359 3843 489 3931 valere,
514 3853 673 3942 tutoque
697 3842 889 3916 fidendum
915 3864 993 3913 esse
1018 3860 1143 3911 eorum
1161 3835 1224 3960 ol&
1260 3881 1261 3884 =

151 3956 415 4031 servationibus
444 3965 483 4029 et
509 3953 763 4054 opinionibus:
789 3952 967 4025 nimirum
984 3972 1078 4047 quos
1104 3946 1225 4020 crede-

150 4079 244 4156 rent,
269 4070 439 4169 quamvis
455 4068 554 4140 omni
572 4092 643 4165 ope
659 4076 697 4140 et
713 4064 852 4139 auxilio
864 4062 1040 4136 doctrinar
1057 4070 1094 4132 et
1112 4058 1225 4132 scien·

152 4180 216 4255 tiae
229 4182 270 4257 in
286 4181 355 4258 lroc
371 4204 479 4283 opere
496 4187 669 4267 carerent,
694 4186 820 4253 tamen
846 4173 983 4253 nullius
999 4172 1097 4248 falsae
1114 4172 1225 4246 scien-
