2678 4794
132 296 229 360 ΟΠ.
245 300 272 356 1.
422 294 646 358 tanmem
664 298 956 363 THEORE’I'ICAE·
1176 299 1225 376 17

134 479 276 582 quovis
295 476 441 580 siiquid
457 473 672 557 detrimenti
696 483 885 582 omspefit
950 484 1048 560 Sunt
1074 478 1225 564 forsitan

136 617 263 694 neque
288 591 404 668 simul
430 595 509 668 nati
525 617 648 694 neque
664 597 854 695 congeniti
871 596 1002 684 morbi,
1027 621 1122 697 quos
1137 622 1225 676 eum

134 708 255 809 prims
269 707 430 782 nutricis
446 705 540 782 laete
554 705 675 782 infans
691 710 833 783 suxisse
850 708 1008 784 videtur.

71 858 98 891 a
183 842 237 895 m.
267 819 399 908 Porro,
430 831 519 895 sunt
546 821 748 920 quinarios
765 821 884 896 etatis
899 820 1036 922 grsdus
1059 835 1222 924 sequun-

131 941 206 1022 tur,
222 942 264 1008 et
280 957 395 1009 suum
409 932 573 1034 quisque
585 931 706 1009 solum
722 935 969 1022 oomitontun
993 957 1141 1036 nempe,
1154 938 1224 1036 qui

131 1069 182 1121 er
208 1047 255 1121 iis
288 1070 383 1147 quss
415 1068 559 1146 oorpus,
592 1048 702 1122 variis
732 1046 914 1136 aetstibus,
948 1049 1220 1124 mutationibus

132 1159 248 1248 subit,
276 1159 461 1259 originem
490 1158 646 1239 dbount.
698 1159 804 1235 Hine
819 1161 911 1235 van'i
935 1160 1133 1250 infantum,
1156 1162 1219 1261 ju-

132 1295 289 1360 venum,
304 1295 447 1359 senum,
464 1271 597 1347 morbi.

187 1406 262 1459 nu.
291 1384 391 1472 Quin
408 1395 448 1460 et
473 1394 633 1485 uterque
649 1408 769 1474 sexus,
794 1386 999 1484 praesertim
1015 1385 1218 1477 muliebris,

136 1520 224 1572 suos
243 1496 386 1574 morbos
412 1497 535 1586 habet,
560 1523 647 1573 cum
672 1524 693 1573 a
716 1495 877 1598 generali
902 1499 1062 1599 corporis
1086 1499 1218 1575 habitu

132 1611 400 1709 provenientes,
418 1625 501 1685 tum
519 1634 672 1710 quoque
686 1636 709 1685 s
723 1610 859 1685 sobrios
874 1609 1033 1710 speciali,
1049 1622 1089 1686 et
1104 1622 1217 1701 stotu,

130 1732 168 1797 et
192 1748 276 1812 usu,
301 1748 390 1824 quae
404 1723 633 1824 generationi
658 1724 867 1798 inserviunt
889 1725 1066 1823 partium.
1118 1725 1217 1808 Sunt

130 1835 245 1939 igitur
258 1844 300 1911 et
316 1836 484 1910 virorum
509 1845 548 1910 et
563 1837 802 1912 foeminurum
826 1836 969 1922 morbi;
999 1845 1088 1911 sunt
1103 1835 1216 1936 virgi-

130 1970 232 2035 num,
257 1947 508 2049 gravidarum,
533 1950 834 2048 parturientium,
850 1947 1082 2038 laetantium,
1107 1959 1215 2023 vetu-

131 2058 256 2137 brum.

176 2196 265 2250 mn.
302 2172 456 2249 Coelum
482 2174 616 2274 ipsum,
646 2173 717 2248 sub
744 2199 823 2274 quo
853 2172 1000 2274 degunt
1031 2172 1212 2263 homines,

131 2309 399 2386 nonnunquam
415 2312 532 2386 egros
560 2286 656 2361 fucit
709 2288 927 2385 Unicuique
950 2287 1129 2360 nimirum
1157 2309 1213 2360 re·

132 2399 234 2499 gioni
261 2425 371 2475 suum
400 2400 498 2477 inest
522 2400 683 2474 vitium:
710 2400 787 2473 sive
817 2397 967 2471 oslidior
990 2396 1106 2494 justo,
1134 2397 1214 2471 sive

133 2509 299 2610 frigidior
312 2511 431 2600 buerit,
458 2513 536 2604 sive
551 2513 662 2598 varia,
688 2510 894 2607 multisque
915 2517 955 2581 et
971 2507 1103 2581 subitis
1118 2518 1213 2581 tem

132 2626 282 2722 pestotis
298 2625 565 2702 mutationibus
582 2622 753 2699 obnoxia.
829 2712 832 2716 .
879 2649 882 2657 ’
1243 2646 1246 2651 ·

176 2760 259 2812 mr.
276 2739 357 2813 Aer
366 2763 518 2838 quoque
530 2738 621 2837 ipse,
633 2737 701 2837 qui
718 2758 834 2834 purus
847 2753 986 2808 sucrum
1002 2731 1093 2806 vitae
1107 2728 1212 2805 flum-

132 2872 224 2924 mom
241 2849 319 2936 siit,
348 2853 518 2951 impurus
537 2836 665 2937 faetus,
693 2847 849 2924 eundem
866 2843 928 2921 vel
944 2844 1072 2920 statim
1087 2845 1210 2921 extin-

132 2987 239 3061 guere
254 2972 390 3062 potest,
406 2963 468 3037 vel
483 2962 613 3041 muitis
629 2960 827 3062 vaporibus
843 2968 1011 3047 onustus,
1026 2968 1094 3033 sut
1108 2958 1210 3032 noei-

131 3074 182 3148 ris
196 3075 420 3174 quibusdam
438 3074 597 3151 effluviis
621 3084 828 3173 corruptus,
852 3074 1047 3171 ingentem
1063 3068 1210 3146 morbo·

132 3209 211 3261 rum
226 3187 416 3263 eohortem
433 3188 618 3264 inducere.
1158 3180 1161 3187 ⁶
1247 3242 1253 3251 -

173 3321 237 3375 nv.
274 3301 362 3376 Cibi
390 3301 504 3376 etiam
529 3309 724 3401 ¹potusque
755 3299 893 3401 quibus
926 3301 1072 3375 utimur
1112 3313 1209 3393 sepe

129 3418 423 3515 corrumpuntur,
444 3414 628 3512 rebusque
645 3411 835 3488 interdum
850 3411 1098 3511 inquinantur
1113 3406 1209 3482 soni-

129 3526 188 3600 uti
216 3537 256 3601 et
271 3528 362 3603 vitae
390 3526 658 3627 infestissimis:
684 3523 798 3600 iidem
815 3544 915 3611 vero,
943 3520 1116 3624 quamvis
1139 3542 1207 3599 sus

129 3650 250 3716 natura
264 3640 414 3741 optimi,
440 3638 557 3714 nimis
584 3637 689 3737 copis
704 3635 859 3739 sumpti,
884 3637 998 3712 serius
1014 3633 1075 3710 vei
1090 3652 1208 3731 ocyus

129 3754 258 3854 mpori
275 3753 476 3830 nocebunt.

168 3889 247 3943 mu.
274 3866 466 3958 Existunt
489 3888 599 3966 porro
622 3885 766 3939 veneno
788 3862 830 3937 vi
854 3863 947 3936 adeo
960 3856 1097 3936 *lethali
1112 3879 1207 3957 prae·

127 3974 192 4053 diu
213 3992 260 4056 ut
284 3976 534 4058 vel'minime
557 3977 778 4077 quantitate,
802 3974 1044 4073 sensibusque
1071 3964 1139 4046 vix
1163 3991 1207 4041 oe

124 4111 165 4166 ne
179 4094 241 4172 six
257 4096 423 4200 quidem
439 4091 657 4194 detegendo,
681 4091 723 4167 in
739 4110 871 4193 eorpus
887 4097 1047 4186 resepto,
1070 4079 1205 4159 ditissi-

663 4222 689 4282 B
