2678 4794
127 422 213 481 cnr.
231 420 408 480 xxxmm
458 418 680 478 nummum
698 415 987 475 rmouamcn.
1129 403 1203 478 aas

174 622 336 678 Mnxvn.
362 598 425 674 Ex
434 599 615 674 omnibus
632 621 721 672 vero
732 595 912 684 remediis,
935 603 1131 695 argentum
1149 596 1204 671 vi·

125 736 220 787 vum
237 712 397 786 maxima
413 722 452 786 et
468 711 669 784 certissima
695 711 734 783 vi
760 708 875 810 pollet
904 707 1026 782 salivas
1054 705 1206 796 ciendae,

126 834 167 897 et
184 824 300 898 solum
313 823 478 922 profecto
490 821 679 922 specialem
692 821 908 921 hujusmodi
925 823 1003 896 vim
1021 820 1209 920 possidere·

125 935 283 1024 videtur,
308 960 384 1034 qua
399 937 460 1010 via
477 958 626 1033 cunque
651 928 701 1008 in
717 959 850 1033 oorpus
874 945 1065 1033 reoeptum
1082 932 1206 1020 fuerit,

125 1047 238 1122 modo
255 1049 442 1147 quantitas
459 1046 538 1146 ejus
555 1046 641 1120 satis
654 1045 775 1145 ampla
787 1047 845 1135 sit,
860 1046 1061 1146 ipsumque
1073 1045 1208 1119 idonea·

123 1160 389 1258 praeparatione
416 1169 608 1234 actuosum
638 1158 836 1234 redditum.
897 1159 1207 1234 Efficacissimum

126 1272 225 1344 enim
256 1271 328 1345 hoe
355 1273 563 1347 remedium
587 1271 684 1345 vires
709 1293 791 1345 suas
825 1269 997 1377 salutares
1030 1270 1208 1370 quodam·

126 1382 241 1456 modo
257 1383 304 1456 ab
321 1392 399 1457 arte
415 1385 567 1483 aocipit3
591 1394 723 1459 natura
739 1382 851 1469 enim,
877 1383 1013 1458 scilieet
1030 1385 1120 1458 dum
1138 1408 1208 1483 pu-

128 1516 213 1567 rum
232 1503 271 1568 et
286 1493 448 1570 fluidum
467 1504 532 1583 est,
557 1518 653 1594 pene
680 1496 778 1570 iners
805 1494 965 1581 videtur,
990 1505 1029 1568 et
1056 1496 1212 1595 ingente

127 1629 224 1704 saepe
240 1608 460 1705 quantitate,
477 1608 556 1682 sine
572 1607 820 1696 inoommodo,
835 1596 902 1681 aut
912 1629 998 1680 sane
1008 1605 1087 1682 ullo
1103 1605 1210 1680 effec-

85 1716 87 1720 ’
128 1727 184 1806 tu,
200 1732 433 1820 assumptum
450 1732 515 1796 est
567 1721 642 1795 Per
667 1721 837 1796 trituram
856 1743 945 1794 vero
968 1743 1054 1795 cum
1082 1718 1217 1793 oleosis·

128 1842 195 1906 aut
212 1834 371 1908 mucosis
388 1834 496 1908 rebus
513 1834 735 1920 extinctum,
760 1842 826 1908 aut
855 1856 922 1932 per
945 1833 1078 1907 idonea
1101 1828 1212 1906 acida

102 2008 107 2012 γ
128 1953 243 2041 atque
259 1942 435 2032 aleolr'no,
451 1954 517 2018 aut
533 1945 671 2042 ignem,
687 1944 726 2018 in
739 1944 895 2019 formam
909 1933 1007 2034 salis,
1019 1943 1079 2019 vel
1096 1941 1212 2030 ouidi,

130 2053 192 2128 vel
213 2055 367 2150 vaporis,
396 2055 599 2141 redactum,
627 2056 800 2153 insignes,
829 2067 869 2130 et
891 2056 966 2131 fere
982 2055 1214 2132 incredibiles

132 2166 229 2240 vires
252 2164 488 2263 adipiscitum
513 2164 566 2237 ita
580 2174 627 2237 ut
642 2166 890 2239 minutissima
919 2167 998 2263 ejus
1025 2171 1214 2266 quantitas

133 2279 173 2352 in
187 2300 318 2375 corpus
337 2285 491 2373 reoepta‚
508 2296 610 2347 nunc
620 2272 874 2349 saluberrimos
888 2276 1041 2350 effectus
1053 2289 1213 2376 proestet,

133 2414 237 2465 nuno
252 2388 483 2489 gravissimas
499 2409 615 2460 noxas
632 2385 776 2460 efficiat.
828 2386 968 2460 Medici
996 2399 1109 2485 atque
1138 2388 1216 2463 clre-

133 2501 219 2576 mici
231 2526 295 2601 per
306 2501 450 2598 aliquot
461 2500 541 2598 jam
552 2497 673 2573 secula
684 2499 855 2598 gnaviter
864 2508 981 2572 semet
991 2508 1218 2598 oocuparunt

133 2615 173 2688 in
193 2614 301 2687 variis
317 2611 570 2712 excogitandis
587 2610 699 2709 hujus
712 2611 863 2685 remedii
880 2611 1218 2710 praeparationibus,

135 2749 293 2824 quarum
312 2733 500 2799 sexcentas
510 2721 766 2822 protulerunn
792 2723 849 2798 his
861 2724 1034 2798 omnibus
1046 2724 1140 2797 vires
1150 2745 1220 2796 neo

135 2862 283 2936 prorsus
299 2836 447 2925 eaedem,
465 2860 533 2912 nec
545 2847 670 2910 tamen
683 2834 845 2911 multum
860 2837 1015 2912 diversae
1029 2846 1219 2912 constant:

136 2958 174 3023 et
192 2973 274 3024 suas
291 2948 450 3048 singulas
474 2948 611 3033 laudes,
641 2945 702 3021 vel
731 2947 859 3022 saltem
890 2973 975 3024 suos
1004 2949 1221 3035 laudatores,

138 3060 286 3137 habent
337 3062 402 3136 De
416 3059 574 3135 minutis
591 3082 678 3133 vero
695 3083 821 3134 earum
840 3059 1069 3151 differentiis,
1099 3062 1221 3136 variis·

140 3197 215 3270 que
227 3172 361 3269 quibus
370 3171 655 3247 aoeommodatae
665 3172 739 3246 sint
750 3174 888 3263 usibus,
899 3198 973 3248 non
985 3174 1046 3249 hio
1056 3184 1111 3248 est
1121 3174 1223 3248 locus

140 3283 297 3357 diuendi.
349 3284 413 3358 Sat
429 3285 542 3359 fuerit
560 3309 787 3373 memorasse,
808 3287 981 3384 quamvis
997 3310 1126 3359 omnes
1143 3285 1224 3358 sali-

140 3420 227 3470 vam
254 3405 439 3483 moveant,
465 3398 640 3494 quasdam
669 3398 810 3472 tardius
831 3423 944 3498 quam
970 3399 1057 3472 alias
1081 3422 1122 3471 os
1146 3396 1224 3470 affi-

140 3532 242 3593 oere3
267 3517 306 3580 et
316 3504 405 3580 sales
422 3517 461 3580 et
476 3506 592 3582 ooeida
609 3507 718 3596 illius,
735 3513 939 3609 generatim
951 3509 1224 3585 exhalationem

143 3621 417 3716 (mccccnxlx)
432 3642 498 3716 per
509 3633 631 3694 cutem
645 3623 763 3719 magis
776 3614 1005 3721 promovere,
1024 3649 1135 3723 quam
1150 3647 1226 3700 me-

144 3732 353 3806 dicamenta
370 3756 453 3830 quae
481 3755 529 3805 ex
559 3756 604 3806 eo
632 3756 698 3831 per
727 3735 898 3808 trituram
927 3761 1014 3811 cum
1045 3761 1132 3813 sevo
1160 3743 1227 3809 aut

143 3844 253 3918 melle
272 3844 381 3932 fiunt,
407 3868 567 3943 quaeque
584 3843 732 3919 salivam
751 3848 959 3944 promptius
976 3851 1051 3922 fere
1067 3851 1175 3922 cient.

196 3978 380 4032 mnxvm.
407 3957 521 4031 Varia
536 3968 662 4033 autem
681 3958 845 4032 remedia
859 3959 1065 4062 mamgngu,
1093 3960 1227 4036 similes

144 4065 222 4142 fere
238 4068 391 4144 effeetus
408 4094 450 4144 ac
466 4069 537 4144 alia
553 4071 770 4145 evacuantis
789 4082 973 4169 praestant.
1024 4074 1099 4146 Per
1114 4097 1227 4148 suum

146 4180 353 4268 stimulum,
371 4207 421 4269 os,
438 4195 477 4257 et
494 4182 670 4282 linguam,
688 4195 728 4257 et
737 4194 858 4282 partes
871 4187 1019 4271 vicinas,
1036 4196 1075 4258 et
1092 4186 1226 4285 aliqua·

147 4299 258 4370 tenus
275 4303 400 4371 totum
416 4318 549 4396 corpus
570 4296 747 4390 excitant,
777 4306 818 4397 et
831 4299 966 4399 partim
984 4297 1065 4388 hoc,
1089 4300 1227 4400 partim
