2694 4792
225 1021 1311 1172 tredinindoolortiterobstmtutoebeudillamaroen

224 1194 404 1269 detulere
427 1193 623 1277 sufficiunt,
648 1191 821 1290 quamvis
843 1187 948 1262 nuth
973 1186 1151 1261 adhibirr
1174 1187 1308 1262 fuerint

223 1305 505 1391 monimenta,
528 1313 569 1378 et
593 1303 946 1377 medicamentorum
960 1324 1052 1397 qut
1066 1299 1162 1373 data
1176 1300 1306 1374 mern

223 1416 634 1493 effectmetaotionem
662 1413 828 1488 multum
848 1412 989 1510 juvent
1014 1421 1142 1510 etque
1167 1437 1303 1511 prou»

225 1539 349 1617 vernt,
373 1552 442 1605 nee
464 1551 635 1626 unquam
659 1528 700 1600 in
727 1524 967 1625 prusoererrde
990 1536 1066 1600 rut
1093 1525 1302 1624 corrigendi

227 1641 428 1742 putredine
439 1640 579 1740 negligi
595 1638 764 1713 debeant

277 1777 494 1832 ncccxrrr.
521 1752 660 1851 Frigus
676 1753 860 1852 imprimis
874 1753 1053 1828 adversus
1069 1753 1302 1853 putredmrn

224 1865 429 1967 plurimum
447 1864 556 1950 valet,
577 1865 782 1962 presertim
798 1866 839 1939 in
854 1865 1017 1940 febribus
1034 1867 1209 1964 putridis
1221 1863 1301 1938 rlrir

224 2000 300 2076 qne
316 1976 497 2051 similibus
513 1975 660 2064 morbis,
685 1976 726 2050 in
741 1979 880 2077 quibus
895 1987 1038 2065 tutum,
1063 1989 1111 2053 et
1125 1977 1301 2054 rrluberri

223 2109 339 2175 mum,
355 2099 393 2162 et
403 2086 480 2161 fere
490 2088 735 2163 necessarium
747 2090 955 2165 remedium
969 2100 1040 2164 est
1099 2091 1200 2164 Setis
1213 2090 1301 2164 euin

223 2199 400 2287 oomtitit,
425 2197 516 2274 tales
532 2199 679 2275 morbos
696 2211 829 2277 natum
843 2212 957 2302 atque
971 2201 1129 2300 origine
1144 2201 1254 2290 lever,
1269 2210 1301 2274 et

223 2310 416 2412 benignos,
433 2320 472 2387 et
488 2312 645 2388 minime
657 2315 839 2414 putridos,
863 2314 981 2389 eslore
996 2337 1102 2414 saepe
1118 2313 1302 2390 mirumin

223 2425 379 2503 modum
398 2427 657 2524 ingravescere,
673 2438 713 2501 et
729 2427 911 2528 malignos
926 2451 1081 2527 prorsus
1094 2437 1136 2502 et
1145 2425 1303 2527 putridos

223 2537 326 2625 fieri3
363 2547 402 2613 et
428 2539 518 2612 alios
545 2549 683 2626 eontra,
713 2538 793 2637 jem
819 2563 959 2640 graves,
984 2549 1024 2612 et
1050 2539 1251 2639 malignos,
1269 2546 1302 2609 et

223 2649 404 2749 putridos,
432 2650 567 2725 idoneo
582 2648 717 2750 frigore
733 2652 910 2737 adhibito,
925 2652 1031 2726 brevi
1050 2654 1257 2738 mitescere,
1270 2659 1302 2721 et

223 2761 379 2858 pristina
393 2761 469 2837 lere
497 2772 623 2850 exuta,
647 2786 783 2839 novum
811 2765 917 2864 quasi
943 2772 1125 2839 naturum
1148 2764 1303 2839 induere.

224 2870 413 2959 Quoniam
431 2899 520 2950 vero
535 2885 592 2950 tot
603 2876 684 2974 jam
701 2901 757 2951 res
773 2877 883 2952 variis
906 2877 944 2950 in
969 2874 1065 2952 locis
1092 2877 1143 2952 de
1165 2874 1305 2974 bigorir

223 2982 363 3059 viribus
380 2984 489 3063 ‹liotae
514 2997 612 3074 sunt,
638 2987 699 3063 hic
714 2999 770 3064 sat
786 2988 900 3063 fuerit
915 3011 1150 3074 memorasse,
1173 2986 1214 3060 id
1231 3010 1304 3060 non

223 3092 336 3168 modo
352 3095 492 3169 viribus
519 3098 593 3171 suis
622 3098 789 3175 chemmin
815 3098 1059 3198 putredinem
1088 3123 1223 3186 umere,
1246 3108 1305 3172 eut

216 3202 294 3304 jam
312 3205 497 3306 inceptem
528 3210 735 3307 reprimere,
760 3212 825 3287 sed
841 3211 981 3287 viribus
996 3212 1079 3288 suis
1096 3212 1304 3288 sedandbur

222 3326 261 3392 et
278 3318 532 3394 roborantibus
550 3344 692 3420 corpon
681 3323 914 3425 'plurimum
930 3325 1121 3423 prodesse,
1140 3327 1302 3453 vurirpue

222 3427 333 3526 liujus
346 3429 447 3517 vitis,
465 3428 583 3506 veluti
594 3432 834 3524 debilitatem,
851 3448 918 3512 aut
933 3437 1102 3512 nimium
1122 3436 1300 3540 sanguinis

218 3537 414 3638 impeturn,
431 3543 574 3640 optime
584 3543 774 3647 corrigere
791 3574 876 3649 quae
888 3547 1021 3622 aliter
1008 3573 1053 3623 1n
1067 3552 1299 3648 putredinem

220 3647 324 3724 brevi
337 3651 556 3731 desinerent.
597 3657 872 3760 ¹Quapropter
862 3683 901 3734 rn
919 3658 1058 3735 talibus
1074 3664 1223 3738 morbis
1237 3683 1297 3735 non

216 3762 330 3837 modo
342 3789 492 3843 omnem
510 3767 664 3845 calorem
684 3786 816 3871 proeter
832 3773 1295 3875 solitumevitareoportet

217 3875 282 3952 sed
298 3875 413 3976 frigus
427 3893 606 3977 quantum
625 3909 714 3982 aegn
702 3884 884 3960 tolerare
901 3884 1056 3984 possint,
1073 3911 1152 3986 per
1168 3894 1294 3973 seruet
1345 3949 1347 3990 ,

216 3996 359 4089 potum,
384 4000 423 4063 et
440 4016 568 4068 ornnes
585 3995 740 4070 demum
759 3996 898 4084 modos,
923 3994 1120 4074 adbibere.

266 4122 502 4179 srcccxxxrr.
521 4105 713 4182 Munditie
730 4133 881 4207 quoque
902 4109 941 4183 in
966 4110 1134 4186 aroendn
1151 4121 1218 4188 rut
1232 4131 1292 4182 mr·

210 4211 363 4315 rigends
386 4216 584 4316 putredine
611 4220 875 4297 incredibiliter
891 4221 967 4296 fere
983 4222 1169 4318 prodest:
1194 4225 1242 4299 its
1256 4230 1287 4290 ut
