2694 4792
207 366 280 440 506
465 430 470 447 ,
619 373 873 432 cousrucrus
1045 371 1145 425 car.
1165 372 1315 426 xxxrn

210 561 475 656 (mccccxnvr)
502 566 542 630 et
569 554 720 628 renibus
740 551 826 626 satis
841 546 1106 623 manifestum
1127 561 1316 623 etcertum

210 681 279 746 est.

262 805 496 857 nrccccuxn.
522 779 612 854 Alia
627 779 745 877 igitur
761 788 800 852 et
817 774 918 850 baud
939 799 1089 875 parum
1107 776 1256 851 diversa
1271 802 1315 850 ra

164 925 166 929 ⁷
213 896 325 982 tione,
342 896 503 969 excretio
518 918 584 993 per
600 902 726 967 cutem
745 892 914 990 (quicum
933 888 1138 963 exhalatio
1152 915 1224 988 per
1239 889 1316 988 pul·

212 1030 361 1081 monem
380 1005 640 1105 comprehendi
658 1004 779 1093 debet,
805 1012 942 1100 utpote
960 1002 1031 1074 vel
1049 1002 1230 1100 ejusdem,
1258 1001 1314 1075 vel

214 1119 411 1193 simillimae
444 1117 572 1194 saltem
606 1124 762 1213 naturae)
796 1137 863 1213 per
896 1114 1008 1187 varia
1048 1114 1313 1189 medicamenta

213 1239 465 1330 promovetur,
490 1255 651 1330 quorum
669 1254 757 1303 usus
786 1238 825 1301 et
851 1227 953 1300 actio
984 1251 1040 1299 ex
1067 1227 1154 1326 jam
1177 1233 1310 1317 (neem,

214 1352 414 1443 nccxxvr)
432 1344 539 1418 dictis
556 1344 604 1416 de
625 1343 765 1417 ‘sudore
780 1351 818 1414 et
836 1338 958 1413 halitu
994 1343 1104 1415 cutis
1136 1341 1242 1416 facile
1264 1343 1308 1414 in·

214 1453 439 1554 telligentur.
491 1455 640 1531 Multus
657 1455 757 1528 enim
775 1453 913 1527 humor
942 1477 1018 1552 per
1050 1465 1187 1528 cutem
1208 1478 1305 1552 usque

214 1570 346 1643 transit
377 1569 588 1666 (prasertim
620 1568 649 1641 si
679 1566 757 1641 haec
785 1564 901 1639 calida
931 1574 1148 1663 servatur),
1175 1591 1221 1640 eo
1246 1567 1302 1640 fere

212 1679 364 1755 liberius
382 1691 421 1754 et
438 1681 618 1779 copiosius
634 1704 711 1777 quo
735 1677 818 1777 plus
833 1677 873 1749 in
891 1677 1091 1774 sanguine
1109 1679 1299 1754 abundare-

214 1794 283 1878 n't;
309 1795 499 1894 sanguinis
515 1817 666 1891 quoque
679 1801 802 1864 motus
813 1788 1018 1876 incitatior,
1037 1791 1296 1889 qualiscunque

214 1905 290 1978 fere
306 1905 385 2001 ejus
401 1928 508 1978 causa
518 1903 638 1989 fuerit,
656 1902 906 1975 excretionem
925 1924 998 1998 per
1015 1913 1155 1976 cutem
1175 1928 1294 2003 promo

214 2039 300 2086 vere
317 2014 418 2100 solet,
436 2015 505 2087 nisi
522 2013 661 2112 aliquid
673 2025 808 2112 praeter
821 2013 977 2087 solitum
998 2012 1097 2088 buic
1114 2016 1291 2093 obstiterit:

213 2126 391 2224 quicquid
409 2151 518 2225 porro
544 2139 670 2201 cutem
696 2127 806 2200 solvit
830 2136 869 2199 et
899 2125 1018 2212 laxat,
1046 2126 1209 2226 ejusque
1223 2127 1292 2200 som

213 2237 315 2311 mina
342 2239 524 2337 patefacit,
551 2240 674 2315 sudori
704 2239 868 2313 multum
898 2236 1028 2321 favet;
1071 2250 1115 2312 et
1149 2242 1290 2319 demun,

215 2360 366 2450 propter
381 2376 597 2427 consensum
624 2351 729 2426 illum
752 2348 955 2424 notabilem
977 2351 1045 2448 qui
1064 2365 1196 2427 cutem
1213 2355 1291 2426 iuter

215 2473 253 2538 et
283 2464 369 2538 alias
398 2465 574 2564 quasdam
592 2476 725 2564 partes
749 2462 1002 2538 ventriculum
1032 2466 1227 2565 imprimis,
1248 2466 1290 2537 in-

215 2578 380 2664 tercedit,
405 2588 513 2651 oertae
530 2578 642 2675 hujus
670 2576 890 2661 affectiones,
916 2573 1043 2650 veluti
1075 2601 1211 2653 nausea
1236 2586 1289 2648 aut
1335 2650 1341 2671 ,

215 2690 390 2775 vomitus,
415 2689 686 2764 exhalationem
703 2697 936 2787 promovent,
962 2698 1004 2762 et
1020 2690 1180 2787 quidem
1197 2690 1290 2762 sudo

215 2822 293 2872 rem
321 2824 417 2899 saepe
444 2802 607 2889 eliciunt,
642 2803 777 2901 partim
807 2801 958 2875 forsitan
989 2814 1107 2877 aucta
1132 2822 1287 2875 rasomm

213 2907 293 3007 ejus
303 2913 462 3002 actione,
486 2917 621 3014 partim
640 2937 788 3012 quoque
804 2912 923 2987 soluta
938 2912 1023 3009 ejus
1042 2937 1220 3012 compage,
1237 2912 1288 2983 ita

214 3032 260 3096 ut
276 3023 492 3098 humoribus
509 3025 722 3100 exhalandis
739 3027 862 3107 minus
880 3026 1040 3102 resistat.

103 3148 107 3161 ¹
219 3190 222 3197 .
266 3157 519 3210 mccccuxru.
546 3138 650 3224 Quin
680 3149 718 3212 et
750 3138 977 3238 experientia
1008 3141 1103 3215 satis
1128 3136 1290 3221 ostendit,

216 3248 491 3336 medicamenta,
507 3274 593 3347 quae
609 3252 772 3325 maxima
795 3260 834 3325 et
858 3249 1066 3325 certissima
1097 3253 1135 3325 vi
1162 3249 1292 3351 pollent

215 3361 255 3433 in
284 3361 361 3449 hac,
381 3362 592 3435 excretione
620 3362 880 3460 promovenda,
905 3385 984 3435 esse
1012 3363 1081 3437 vel
1108 3362 1291 3443 diluentis,

216 3470 276 3544 vel
292 3473 527 3560 stimulantis,
557 3473 616 3547 vel
634 3476 807 3563 seduntia,
824 3474 883 3549 vel
900 3472 1145 3562 emollienda,
1164 3475 1223 3549 vel
1239 3498 1291 3545 ro

214 3584 371 3671 mitoria,
393 3585 453 3659 vel
470 3586 622 3660 demum
640 3590 757 3663 varias
775 3586 988 3695 hujusmodi
1006 3588 1292 3663 medicamento

215 3719 298 3769 rum
332 3699 612 3795 compositiones
639 3713 679 3774 et
705 3701 993 3798 conjunctiones,
1030 3700 1169 3798 quales
1200 3723 1293 3798 sape,

214 3809 323 3883 variis
338 3809 385 3883 de
401 3814 528 3898 causis,
545 3812 629 3910 plus
646 3813 763 3887 solent
775 3813 813 3888 in
826 3811 1004 3886 eliciendo
1020 3813 1167 3888 sudore
1184 3813 1295 3886 valere

213 3946 326 4018 quam
343 3920 418 3996 ulla
435 3925 702 4000 medicamenta
719 3925 906 4025 simplicio.

265 4056 510 4111 mccccuxlr.
536 4037 599 4110 Ex
628 4037 866 4125 diluentibus,
891 4045 1025 4136 praeter
1042 4063 1203 4136 aquam,
1227 4063 1297 4114 om·

213 4168 300 4218 nem
317 4146 392 4221 fere
409 4159 540 4247 potum
558 4158 707 4223 tenuem
726 4150 897 4224 adhibere
912 4172 1117 4248 possumus
1145 4154 1199 4227 ad
1224 4175 1297 4250 pro

212 4261 442 4338 movendum
462 4258 654 4348 sudorem;
679 4260 797 4340 veluti
814 4286 937 4339 serum
952 4260 1072 4351 lactis,
1099 4263 1298 4341 decoctum
