2678 4794
157 310 230 394 196
359 311 367 329 '
506 364 510 371 .
587 322 835 382 consrscrus
1042 322 1130 379 cns.
1147 319 1232 376 xus

156 506 331 607 quemvis
371 528 449 581 rsro
488 500 689 601 periculosa
730 501 996 584 observentur;
1041 498 1240 598 oppressio,

157 622 339 707 anxietas,
364 616 465 690 dolor
487 614 697 702 ventriculi,
723 622 850 688 ructus
873 613 920 687 ab
942 619 1023 686 aere
1048 611 1148 684 inter
1172 610 1242 685 fer·

158 730 398 807 mentandum
422 725 612 814 extricato,
643 738 681 801 et
712 724 959 801 ventriculum
984 723 1162 810 irritante,
1204 733 1245 796 et

156 868 225 943 per
240 840 364 941 gulam
391 849 630 937 emmpente;
657 863 791 913 nauseo
818 848 857 912 et
874 838 1037 912 vomitus
1064 835 1246 908 oventri·

158 954 245 1031 culo
260 951 401 1025 irritato
425 960 465 1025 et
481 952 663 1038 distent0;
691 951 796 1026 alvus
821 949 1018 1050 aliquando
1039 946 1153 1033 tarda,
1178 945 1246 1018 ali-

156 1061 306 1164 quando
323 1063 434 1138 nimis
450 1064 613 1164 liquida3
640 1064 804 1139 defectus
820 1060 1051 1148 nutrimenti,
1062 1057 1244 1158 generalis

157 1172 362 1262 infirmitas,
392 1186 514 1275 partes
543 1177 668 1251 solidae
695 1177 799 1263 laxae,
824 1174 950 1249 fluidae
964 1172 1075 1247 nimis
1099 1181 1243 1258 tenues,

154 1306 285 1361 omnes
311 1286 520 1365 functiones
545 1289 744 1388 impeditae,
779 1287 884 1361 dolor
915 1284 1053 1382 ospitis,
1086 1282 1242 1382 vertigo,

154 1420 327 1496 syncope,
356 1399 511 1488 asthma,
539 1400 743 1500 palpitatio,
772 1401 923 1498 spiritus
947 1395 1053 1471 valde
1081 1394 1241 1482 demissi,

154 1512 358 1607 praesertim
375 1514 405 1586 si
422 1537 520 1611 aeger
535 1512 727 1611 peculiaris
743 1510 1018 1586 constitutionis
1033 1508 1157 1595 fuerit,
1185 1508 1240 1581 in·

155 1622 306 1697 terdum
323 1625 494 1725 podagro,
522 1648 791 1724 nonnunquam
808 1623 959 1696 demum
978 1621 1154 1719 hydrops,
1178 1614 1240 1693 vel

155 1732 266 1809 febris
283 1734 393 1825 lenta,
410 1736 528 1835 qualis
544 1735 695 1809 tandem
708 1734 851 1809 lethalis
868 1757 944 1808 esse
961 1743 1095 1832 potest.

206 1868 377 1922 ncnvur.
396 1848 527 1922 Motus
543 1848 804 1922 intestinorum
815 1846 1014 1945 aliquando
1030 1843 1165 1930 deficit,
1173 1840 1237 1917 rti-

152 1959 307 2054 quando
331 1958 468 2032 nimius
493 1969 558 2033 est.
609 1958 715 2033 Hinc
739 1957 843 2033 alvus
859 1958 1016 2045 astricta,
1040 1955 1102 2031 vel
1127 1955 1238 2030 nimis

152 2066 285 2142 soluta.

205 2201 340 2255 ncnrx.
360 2179 529 2256 Durities
541 2180 625 2270 alvi,
640 2183 798 2259 robustis
815 2192 852 2257 et
870 2183 1021 2282 quidem
1039 2181 1239 2280 sanissoepe

154 2288 350 2380 familiaris,
367 2295 513 2392 gravior
529 2305 569 2368 et
584 2295 761 2371 diuturna
773 2296 924 2371 morbus
940 2296 1092 2371 demum
1105 2293 1239 2369 baben-

154 2402 204 2478 ds
220 2418 285 2492 est,
311 2406 389 2506 ipse
405 2407 505 2482 haud
521 2431 660 2483 vacuus
676 2408 848 2509 periculo,
865 2409 1071 2483 multorum
1087 2428 1240 2506 quoque

153 2517 365 2592 morborum
383 2543 517 2609 nomes,
534 2531 573 2595 et
588 2520 753 2609 effectus,
769 2532 808 2595 et
825 2546 940 2596 musa.
991 2519 1124 2595 Oritur
1140 2518 1239 2594 veis
1287 2590 1291 2599 .

154 2626 239 2703 taesa
267 2629 401 2704 fabrica
424 2632 695 2720 intestinorum,
720 2631 849 2721 veluti,
874 2632 904 2706 si
931 2634 1137 2720 oonstrioto,
1172 2638 1239 2706 aut

155 2738 334 2826 oonelusa,
347 2752 413 2814 aut
425 2743 612 2817 obstructa
626 2742 773 2830 fuerint,
790 2768 946 2842 spasmo,
962 2743 1117 2832 sebirro,
1134 2752 1239 2845 parte

155 2848 286 2943 quavis
310 2850 350 2921 in
375 2850 483 2924 aliam
508 2852 664 2950 delapsa,
689 2852 835 2928 calculis
860 2856 920 2929 vel
945 2857 1238 2933 concretionibus

154 2957 196 3030 in
220 2957 264 3031 iis
288 2958 464 3047 formatis,
500 2973 567 3036 aut
591 2963 755 3050 demum,
783 2965 1096 3058 inflammatione3
1133 2969 1240 3045 vela

154 3076 311 3141 steroore
336 3069 426 3167 ipso,
451 3071 557 3162 dum,
583 3074 688 3161 sicco,
712 3100 810 3175 aegre
839 3081 1085 3179 propellendo,
1119 3084 1238 3159 aeibi

154 3201 289 3277 genere
304 3180 414 3256 nimIs
431 3181 547 3257 solido
564 3194 602 3257 et
617 3196 711 3283 potu
728 3212 856 3288 pamm
881 3191 941 3266 vel
957 3218 978 3266 a
1003 3194 1151 3271 defectu
1169 3196 1237 3273 hu·

152 3313 300 3368 morum
317 3296 384 3394 qni
401 3314 556 3373 massam
572 3295 835 3377 alimentarism
853 3303 993 3379 diluere
1023 3307 1235 3411 (ncxxxrv)

152 3402 402 3506 intestinaque
427 3409 638 3484 humectare
662 3422 700 3485 et
724 3414 862 3490 lubrioa
900 3417 1051 3492 reddere
1075 3420 1235 3495 debent:

151 3512 308 3590 bivero
336 3520 475 3617 partius
497 3519 602 3618 justo
629 3538 880 3615 secernuntur,
909 3528 969 3602 vel
995 3531 1043 3604 ob
1059 3533 1152 3606 vitia
1181 3557 1236 3609 or·

152 3649 334 3723 gonorum
351 3633 617 3708 secementium
635 3659 731 3735 soepe
747 3662 879 3736 parurn
896 3640 1091 3731 intellecto,
1117 3644 1236 3722 veluti

151 3737 193 3811 in
208 3737 370 3815 febribus
387 3741 460 3816 fere
478 3746 660 3834 omnibus,
684 3750 813 3848 primis
841 3751 969 3828 saltem
982 3756 1236 3855 temporibus,

150 3848 211 3923 vel
227 3860 377 3950 propter
392 3859 610 3954 sanguinem
626 3859 700 3963 alio
715 3886 874 3952 versum,
891 3866 1008 3941 veluti
1025 3869 1072 3942 ad
1087 3883 1234 3958 cutem;

150 3961 253 4060 quod
269 3986 395 4039 revera
420 3969 551 4044 accidit
577 3996 600 4044 a
623 3973 746 4048 erebra
770 3986 809 4049 et
825 3976 945 4054 valida
962 3984 1235 4074 exercitatione,

148 4071 277 4163 calore,
303 4076 435 4151 sudore
452 4080 580 4158 multo.
629 4083 755 4159 Alvus
768 4111 918 4187 quoque
934 4092 1027 4167 dura
1042 4095 1234 4173 interdum

149 4184 366 4263 observatur
390 4215 411 4264 a
435 4190 634 4282 debilitate,
660 4220 926 4299 nonnunquam
949 4204 1099 4280 forsitan
1125 4235 1148 4283 a
1170 4234 1232 4309 pn-

146 4294 258 4397 ralysi
266 4298 442 4379 fibrarum
456 4307 690 4381 moventium
703 4309 974 4407 intestinorum,
984 4316 1044 4392 vel
1055 4318 1228 4421 denique,
