2678 4794
126 345 175 411 54·
530 348 781 406 conserimus
1049 352 1144 406 BAP.
1159 354 1197 404 V.

127 532 182 619 fit,
199 529 259 604 vel
275 555 297 603 a
313 526 469 603 cuticula
484 527 592 599 nimis
610 528 724 612 tenui,
754 534 820 599 aut
837 524 949 611 molli,
965 535 1031 598 aut
1047 525 1198 613 sublata,

127 645 187 719 vel
204 652 306 742 parte
321 641 398 738 ipsa
413 637 645 722 inflammata,
663 636 721 710 vel
739 636 854 709 nimio
869 634 977 709 calori
994 639 1170 734 exposita

176 774 349 829 crxxrrr.
376 750 497 824 Nimis
521 749 675 824 obtusus
690 750 745 835 fit.
769 758 835 822 aut
851 747 958 845 plane
974 747 1139 823 aboletur
1158 750 1200 822 in

126 867 296 941 universo
321 885 478 958 corpore,
503 860 563 934 vel
587 862 626 934 in
658 885 789 959 magua
813 859 891 956 ejus
915 869 1029 956 parte,
1052 860 1200 932 avariis

126 976 224 1049 vitiis
249 971 383 1045 cerebri
408 996 688 1069 nervorumque,
724 971 998 1068 compressione,
1036 970 1199 1057 vulnere,

125 1089 181 1159 vis
199 1082 317 1172 vitalis
333 1083 498 1157 defectu:
526 1084 596 1158 hoc
611 1082 847 1157 Anaestbesio
868 1093 1030 1168 vooatur,
1058 1081 1201 1179 paraly-

125 1220 202 1269 seos
219 1194 415 1292 aliquando
432 1219 572 1279 comes;
597 1204 636 1267 et
652 1218 917 1292 nonnunquam
947 1195 987 1266 in
1011 1192 1125 1265 altero
1150 1192 1198 1266 la-

125 1316 202 1379 tere
218 1306 461 1392 observatum,
479 1309 557 1381 sine
572 1305 750 1403 paralysi3
781 1306 870 1378 dum
888 1304 1054 1391 alterum,
1079 1328 1199 1392 sensu,

126 1420 281 1516 integro,
298 1418 537 1516 paralyticum
555 1417 693 1490 factum
712 1430 816 1492 esset.

175 1551 339 1604 cuxxw.
366 1529 506 1602 Deficit
522 1530 560 1601 in
579 1538 681 1626 parte
697 1528 882 1626 singulari,
899 1527 959 1600 vel
975 1552 997 1600 a
1012 1528 1104 1601 vitio
1120 1527 1200 1624 ejus

124 1641 238 1727 nervi,
264 1641 537 1738 compressione,
566 1640 824 1727 obstructione,
858 1639 1020 1725 vulnere,
1051 1643 1113 1713 &e
1138 1639 1198 1713 vel

125 1761 229 1850 parte
244 1754 323 1850 ipsa
338 1753 455 1825 nimio
479 1751 604 1849 frigori
629 1752 816 1849 expositu;
845 1750 905 1823 vel
921 1750 1083 1837 demum,
1106 1751 1200 1824 euti·

124 1863 207 1938 cula
231 1890 316 1962 quae
341 1865 436 1961 tegit
452 1864 590 1949 vitiata,
620 1862 728 1935 nimis
745 1886 869 1947 erasse,
898 1870 963 1934 aut
978 1862 1072 1936 dura
1094 1861 1201 1950 faeta,

125 1998 333 2072 asperorum
351 1983 417 2047 aut
432 1974 541 2046 nimis
569 1972 767 2048 calidorum
785 1996 975 2071 oorporum
1001 1981 1200 2048 contreeta-

126 2087 237 2172 tione,
262 2085 364 2182 quod
393 2085 559 2171 vinariis,
588 2084 771 2183 febrisque
791 2083 945 2158 ferrariis
974 2084 1115 2171 aooidit,
1140 2084 1201 2159 vel

124 2221 146 2269 a
175 2194 338 2294 subjecta
365 2207 452 2271 oute
485 2196 636 2284 elevata,
667 2197 882 2294 interposito
906 2196 1084 2294 sanguine
1110 2221 1201 2284 sero,

125 2332 237 2406 pure;
264 2308 324 2381 vel
350 2309 428 2406 ipsa
455 2318 542 2382 cute
560 2319 747 2394 macerata,
771 2307 902 2394 laxate,
927 2307 1073 2405 torpida
1094 2307 1200 2396 faeta,

42 2424 45 2431 “
124 2420 227 2519 quod
252 2419 462 2519 hydropicis
487 2443 757 2518 nonnunquam
781 2418 935 2504 accidit3
964 2417 1024 2492 vel
1048 2418 1201 2495 demum

124 2541 205 2606 toto
221 2557 358 2632 organo
374 2543 556 2633 corrupto,
572 2557 778 2635 gmgraena,
796 2532 950 2618 ustione,
967 2528 1099 2629 algore,
1116 2554 1201 2605 con-

126 2646 281 2719 tusione.

174 2776 320 2828 cmxxv,
339 2755 905 2850 Rarissimedepravaturtaotus,
917 2749 1090 2823 nisiforte
1102 2753 1204 2828 inter

123 2861 304 2949 delirium,
328 2888 445 2960 quum
470 2886 596 2937 omnes
620 2861 757 2936 cerebri
778 2860 982 2934 functiones
999 2859 1132 2936 mirum
1159 2866 1200 2940 in

125 2972 275 3046 modum
295 2974 501 3048 turbantur.

173 3104 343 3159 chxvr.
369 3084 429 3160 Ut
444 3109 466 3157 a
481 3083 631 3181 reliquis
656 3083 830 3171 sensibus,
855 3084 906 3157 sic
921 3083 1029 3158 etiam
1047 3111 1069 3159 a
1084 3095 1200 3177 tactu,

123 3193 295 3295 voluptas
311 3205 377 3270 aut
404 3194 509 3271 dolor
537 3194 621 3270 oriri
639 3205 803 3293 possunt.
854 3197 1057 3285 Laevorem,
1083 3199 1200 3274 molli·

123 3307 227 3395 tiem,
254 3306 407 3383 calorem
426 3307 610 3381 modicum
638 3329 725 3382 cum
742 3306 933 3406 voluptate
961 3310 1200 3410 contemplari

123 3419 290 3495 solemus.
342 3421 455 3497 Levis
472 3443 623 3517 quoque
639 3419 812 3518 pruritus,
830 3444 895 3494 seu
911 3420 1084 3508 titillatio,
1114 3447 1200 3521 quoe

121 3553 190 3632 pro
214 3529 406 3629 voluptate
429 3531 594 3607 habenda
631 3544 696 3619 est,
731 3532 779 3607 ad
813 3533 913 3609 huno
946 3558 1093 3610 sensum
1118 3559 1199 3635 per·

123 3642 230 3729 tinet,
246 3644 414 3740 quamvis
432 3668 526 3742 saepe
550 3668 572 3718 a
587 3645 702 3719 causis
719 3645 871 3719 internis
887 3646 1033 3720 oriatur.

173 3776 358 3833 cnxxvrr.
398 3755 573 3832 Dolorem
610 3756 781 3832 adhunc
815 3781 960 3832 sensum
1000 3758 1199 3848 referimus,

123 3874 345 3966 ceterosque
373 3867 447 3942 fere
464 3892 589 3943 sensus
618 3866 797 3956 molestos,
822 3869 1054 3958 anxietatem,
1079 3871 1196 3967 pruri-

123 3987 216 4063 tum,
236 3980 323 4064 &o.;
348 3980 518 4078 quemvis
543 4003 667 4055 revera
683 3978 730 4053 ab
746 3980 847 4054 omni
870 4004 978 4057 sensu
1003 3980 1199 4055 vehemen-

123 4089 216 4168 tiore
231 4087 337 4163 dolor
351 4089 437 4165 oriri
453 4092 576 4189 possit.

173 4222 373 4281 cuxxvrrr.
399 4201 520 4294 Dolor
546 4213 603 4279 est
630 4225 755 4287 sensus
781 4204 957 4306 ingratus,
990 4203 1198 4294 vehemens,
