2678 4794
538 324 787 382 CONSPECTUS
1034 325 1120 381 cal’.
1137 322 1189 377 vl.

126 1076 217 1150 Car.
244 1069 424 1150 Vl-De
446 1080 580 1172 gustu,
606 1074 757 1172 pasqua
783 1071 922 1161 cubus,
951 1069 1197 1149 varietatibus

577 1193 613 1259 ct
630 1185 739 1260 vitiis.

126 1962 263 2016 cxc1x.
289 1893 460 2015 Hunos
472 1963 651 2039 organum
664 1940 831 2039 princeps
841 1948 896 2010 est
906 1935 1053 2035 lingua:
1080 1961 1195 2036 eaque

125 2076 201 2149 quo
219 2055 364 2150 propior
380 2053 484 2151 apici,
509 2078 553 2127 eo
577 2053 796 2135 acutiorem;
833 2074 909 2147 quo
937 2049 1083 2147 propior
1110 2059 1197 2149 gut·

125 2152 213 2252 anri,
238 2189 283 2238 eo
299 2166 523 2240 obtusiorem
540 2189 698 2251 sensum,
720 2162 852 2238 habet:
879 2161 1047 2258 quamvis
1072 2185 1197 2235 revera

124 2276 217 2348 acria
233 2277 420 2366 nonnulla,
445 2278 538 2352 circa
553 2277 693 2377 apicem
710 2276 777 2350 vix
792 2281 952 2373 gustata,
974 2296 1088 2370 prope
1103 2272 1196 2347 radi-

123 2410 203 2460 cem
221 2387 369 2487 liuguae,
395 2388 455 2463 vel
470 2387 509 2463 in
527 2389 606 2487 ipso
627 2395 790 2489 gutture,
815 2385 1031 2459 acerrimum
1048 2407 1197 2459 sensum

123 2500 295 2575 excitent.

173 2634 232 2687 cc.
251 2612 403 2712 Lingua
418 2614 623 2712 insignibus
640 2622 678 2687 et
694 2609 946 2710 pulcherrimis
962 2605 1103 2704 papillis
1116 2631 1197 2682 ner·

123 2724 219 2795 vosis
236 2725 440 2807 instruitur,
465 2746 550 2819 quae
565 2723 734 2819 proxima
757 2729 888 2816 gustus
904 2716 1005 2789 sedes
1022 2716 1199 2793 videntur

123 2854 209 2903 esse.
260 2831 335 2902 Hae
350 2833 447 2904 inter
470 2831 693 2929 gustandum
713 2827 911 2913 elevantur,
936 2835 974 2898 et
992 2825 1199 2922 eiiguntur,

123 2963 199 3036 quo
215 2940 413 3011 acutiorem
432 2963 580 3013 sensum
597 2938 763 3012 habeant.

172 3070 248 3123 cc1.
275 3048 380 3122 Nihil
401 3059 549 3146 gustare
564 3073 770 3147 possumus,
794 3048 863 3122 nisi
881 3048 981 3148 quod
1007 3049 1045 3122 in
1071 3050 1196 3142 saliva,

123 3183 209 3259 quae
225 3158 299 3233 fere
315 3183 410 3258 aqua
422 3170 488 3247 est,
505 3159 658 3234 solubile
670 3161 728 3246 sit,
746 3171 790 3235 ut
801 3160 916 3234 fluida
927 3161 1043 3235 forma
1057 3161 1197 3263 lingua·

124 3273 315 3346 admotum
335 3270 523 3345 involucra
539 3270 617 3369 ejus
629 3273 813 3369 pervadat,
830 3273 1056 3373 pulpamque
1067 3298 1196 3351 nervo-

123 3407 200 3457 sam
218 3384 360 3458 afficiat.
412 3383 517 3457 Hinc
532 3391 638 3457 terrae
664 3383 873 3460 insolubiles
899 3385 1037 3461 nullius
1061 3390 1197 3486 saporis

123 3505 220 3569 sunt.

172 3629 265 3681 ccn.
294 3607 426 3705 Neque
444 3615 499 3682 sat
511 3617 566 3682 est
579 3607 732 3683 solubile
748 3633 824 3683 esse
840 3633 982 3708 corpus,
998 3618 1043 3683 ut
1058 3611 1097 3683 id
1110 3635 1195 3709 gus-

122 3726 254 3792 temus.
304 3718 462 3817 Oportet
478 3719 570 3807 salis,
586 3719 647 3793 vel
660 3720 788 3794 saltem
804 3721 1010 3794 acrimoniae
1027 3722 1196 3796 nonnihil

122 3829 162 3901 in
186 3852 225 3901 se
248 3828 389 3917 habeat,
415 3832 515 3928 quod
538 3855 729 3905 nervosam
754 3831 993 3906 substantiam
1019 3832 1194 3907 stimulet

123 3941 314 4040 Quicquid
329 3942 444 4040 igitur
461 3967 573 4041 quarn
599 3943 677 4041 ipsa
692 3940 803 4016 saliva
830 3943 954 4016 minus
971 3943 1104 4018 salsum
1129 3953 1195 4019 aut

122 4078 202 4129 acre
217 4064 282 4141 est,
307 4052 453 4127 nullum
470 4053 581 4129 habet
597 4077 771 4151 saporem.

173 4188 282 4244 ec111.
309 4166 490 4265 saporum
505 4167 605 4241 varia
622 4152 757 4266 gen‘era
780 4162 883 4239 facile
905 4165 1195 4266 distinguuntur,
