2678 4794
638 355 692 406 XV

129 528 228 609 variis
244 554 337 631 quas
355 527 418 603 vel
435 531 512 628 ipse
529 529 588 604 vel
613 528 675 602 alii
703 530 941 628 protulissent
970 534 1202 633 opinionibus

128 648 375 728 disserentem,
401 642 572 715 causidici
603 642 739 739 (neque
767 643 931 742 profecto
959 645 1202 729 honestissimi

125 765 277 856 semper)
290 753 633 853 partessusoepisse‚
645 752 782 850 judicis
792 758 964 841 muneris,
983 759 1084 856 quod
1095 786 1203 840 suurn

124 879 211 954 erat,
235 866 460 966 plerumque
481 865 758 950 immemorem;
784 876 983 966 totumque
998 870 1204 969 ingenium,

125 991 164 1055 et
191 979 410 1065 doctrinam,
447 984 486 1049 et
514 975 686 1063 laborem,
712 987 750 1051 et
780 977 1039 1076 eloquentiam,
1065 984 1104 1057 in
1135 985 1205 1062 hoc

127 1091 322 1177 collocasse,
361 1098 408 1163 ut
440 1112 585 1162 causam
619 1113 733 1187 quam
768 1089 989 1181 defenderet,
1025 1095 1055 1168 si
1083 1110 1204 1195 posset

126 1215 231 1290 recte,
256 1203 389 1287 sinon,
415 1224 640 1298 quocunque
656 1201 767 1274 modo
784 1211 971 1290 tueretur3
998 1207 1100 1302 quod
1128 1209 1203 1309 ple.

128 1317 232 1413 rique
248 1326 410 1388 auctores
426 1337 465 1387 se
481 1312 675 1387 effecturos
688 1313 933 1402 crediderunt,
950 1316 1102 1392 celando
1117 1346 1203 1418 quae

132 1450 274 1525 pmrsus
290 1425 573 1512 adversarentur,
598 1425 774 1522 fingendo
798 1450 884 1523 quae
900 1426 1067 1504 deessent
1084 1443 1122 1505 et
1138 1457 1202 1507 ne-

129 1539 285 1613 cessariae
317 1537 529 1612 viderentur
562 1562 638 1611 suae
670 1561 796 1624 causae,
832 1539 1054 1615 vindicando
1082 1544 1202 1620 multa

126 1650 211 1724 falsa
226 1659 265 1724 et
282 1648 414 1737 futilia,
439 1650 499 1722 vel
516 1648 644 1723 saltem
668 1650 806 1723 incerta
824 1660 863 1724 et
879 1651 992 1726 dubia
1008 1654 1129 1729 eidem
1145 1657 1201 1730 in-

127 1762 330 1849 servientia,
354 1785 485 1860 resque
502 1762 653 1837 demum
684 1763 769 1835 satis
797 1772 901 1836 notas
930 1774 969 1838 et
995 1767 1201 1840 manifestas

125 1875 176 1948 ita
192 1874 413 1973 torquendo,
430 1883 474 1949 ut
490 1898 609 1948 avers
620 1884 659 1949 et
671 1874 836 1973 simplice
846 1877 1112 1974 significatione
1128 1879 1200 1954 dis·

125 1994 261 2074 tractas,
286 1987 433 2060 easdem
452 1987 490 2059 in
507 1984 592 2060 alias
608 2011 767 2084 quaeque
793 1990 911 2086 magis
936 1989 1101 2064 faverent
1119 2015 1198 2067 sen·

123 2099 255 2172 tentias
283 2097 479 2172 traherent
530 2099 672 2185 “Quid
698 2108 823 2173 autem
853 2102 912 2192 (ut
938 2101 1037 2174 idem
1070 2103 1200 2180 Cicero

123 2220 144 2250 “
159 2209 251 2284 bene
266 2217 412 2306 monet)
438 2221 514 2283 tam
544 2211 790 2298 temerarium,
816 2221 968 2311 tamque
997 2208 1198 2314 indignum

123 2322 332 2420 “sapientis
348 2321 527 2419 gravitate
544 2331 657 2419 atque
681 2325 895 2410 constantia,
921 2349 1034 2422 quam
1052 2339 1118 2401 aut
1127 2327 1204 2401 tat·

126 2443 146 2475 “
162 2457 244 2507 sum
260 2435 404 2522 sentire,
428 2441 504 2519 aut,
534 2432 636 2530 quod
652 2455 726 2504 non
746 2434 831 2505 satis
847 2434 1035 2530 explorate
1051 2460 1198 2535 percep-

128 2554 151 2586 “
165 2554 248 2618 tum
264 2547 310 2620 sit
324 2555 362 2620 et
377 2545 581 2644 cognitum,
607 2542 686 2617 sine
711 2540 785 2614 ulla
814 2541 1046 2655 dubitatione
1074 2546 1197 2618 defen-

127 2667 149 2698 “
163 2655 276 2731 dere.”

87 2803 108 2819 ·
170 2768 354 2856 Quamvis
387 2770 556 2870 plurimae
589 2777 628 2844 et
660 2767 860 2842 admodum
889 2767 1042 2844 diversae
1070 2793 1198 2861 causae,
1243 2774 1247 2781 ’

123 2889 282 2955 nostram
299 2885 408 2958 variis
424 2883 543 2957 modis
572 2881 681 2957 variis
711 2881 939 2978 temporibus
968 2884 1197 2982 corruperint

124 2991 322 3083 scientiam,
357 3004 482 3070 tamen
506 2993 608 3069 haud
635 3002 690 3066 est
719 2993 943 3090 negandum,
967 3019 1081 3070 unam
1108 2995 1196 3069 alte-

123 3127 245 3179 ramve
275 3130 324 3181 ex
353 3107 576 3206 gravissimis
591 3104 695 3180 omni
712 3105 846 3203 pariter
862 3116 969 3181 aetate
985 3119 1023 3180 et
1038 3106 1197 3184 adfuisse

125 3225 162 3291 et
175 3220 341 3294 nocuisse
357 3219 532 3294 multum.

171 3328 358 3430 Principio
374 3332 490 3430 igitur
519 3304 697 3405 memorii
719 3355 863 3429 semper
890 3340 1013 3403 tenere
1041 3337 1198 3428 oportet,

123 3464 249 3538 puram
267 3452 306 3516 et
322 3442 463 3516 nudam
482 3466 590 3540 super
606 3442 714 3516 rebus
730 3441 882 3516 medicis
899 3441 1093 3513 veritatem
1109 3462 1196 3514 nus·

121 3577 232 3650 quam
260 3554 447 3639 extitisse;
487 3564 677 3650 artemque
705 3555 840 3652 pariter
869 3562 983 3650 atque
1008 3553 1198 3628 scientiam

120 3676 292 3753 nostram,
317 3665 445 3740 multis
462 3673 501 3737 et
516 3664 689 3762 gravibus
702 3665 893 3751 erroribus,
918 3664 965 3737 ab
982 3665 1069 3763 ipsis
1085 3667 1196 3739 etiam

118 3799 243 3851 earum
260 3776 480 3875 primordiis,
505 3776 776 3874 semperfuisse
793 3784 991 3873 corruptas.

168 3887 325 3963 Frustra
349 3888 503 3962 omnino
528 3888 575 3962 de
601 3889 743 3986 origine
767 3888 958 3961 medicinae
974 3886 1198 3986 disputatur,

119 4000 260 4100 quippe
282 4024 369 4098 quae
392 4022 578 4097 nusquam
607 3999 735 4097 ignota
763 4000 886 4086 fuerit,
910 4021 1095 4094 nusquam
1122 4016 1199 4068 non

120 4113 237 4210 magis
254 4113 426 4187 minusve
443 4111 553 4200 culta,
577 4134 653 4184 non
683 4135 785 4185 secus
814 4135 857 4185 ac
885 4106 965 4183 aliae
992 4117 1086 4181 artes
1114 4126 1200 4200 quae

120 4223 226 4300 variis
237 4233 381 4302 naturoe
391 4224 565 4304 humanae
579 4224 855 4301 necessitatibus
867 4221 1088 4301 ministrent,
1105 4211 1199 4309 ejus·
