2678 4794
46 368 142 424 esa.
159 366 212 421 rx.
336 358 555 421 uumerus
573 362 863 423 raaoarrrcm.
1083 356 1129 433 'tt

49 544 211 621 retinam
236 542 519 643 exprimendam
549 542 760 631 suffecisset,
789 545 861 619 boc
888 542 1132 643 potissimum,

52 667 100 732 ut
115 658 270 744 ridetur,
288 655 450 743 consilio,
467 665 512 731 ut
527 658 574 730 ab
589 656 708 730 alieno
723 657 853 744 colore,
874 675 986 755 quem
1005 678 1081 731 una
1096 669 1133 729 et

52 770 206 869 simplex
223 769 308 845 lens
324 769 410 843 dare
426 769 528 857 solet,
556 776 706 868 propter
721 768 840 844 radios
856 769 948 844 lucis
974 770 1135 867 inaequa·

52 881 130 958 liter
145 883 332 968 refractos,
349 892 635 980 praecaveretur:
662 891 700 954 et
717 881 768 954 sic
784 881 906 967 homa,
938 903 1013 978 qua
1030 904 1134 978 opor·

53 996 149 1070 tebat
165 996 412 1081 accuratione,
440 994 487 1066 de
504 995 599 1068 veris
616 1000 809 1092 corporum
827 993 1009 1068 coloribus
1033 992 1135 1089 judi-

53 1130 127 1181 care
143 1118 279 1207 posset
331 1106 550 1180 Certissimis
577 1106 677 1179 enirn
701 1106 962 1204 experimentis
992 1113 1134 1179 constat

55 1216 192 1306 lontani,
218 1229 316 1294 certa
331 1219 473 1292 ratione
488 1217 740 1317 compositam,
767 1218 835 1291 hoc
858 1241 931 1290 non
949 1217 1023 1291 levi
1050 1217 1134 1289 sim-

55 1330 213 1428 plicioris
228 1330 462 1404 incommodo
478 1353 607 1404 carere.
644 1329 711 1404 Ad
728 1330 889 1404 eundem
902 1330 1015 1402 finem
1035 1328 1134 1401 haud

57 1464 190 1538 parum
218 1442 373 1516 consenc
390 1442 551 1529 videtur,
575 1443 673 1516 varia
691 1443 922 1541 singulorum
938 1441 1037 1516 oculi
1067 1440 1134 1513 hu·

58 1576 201 1628 morum
227 1556 330 1628 variis
354 1555 520 1654 partibus
546 1555 723 1628 densitas:
763 1579 838 1653 qua
862 1554 1011 1628 sortasse
1035 1553 1135 1626 varia

56 1666 91 1738 vi
113 1666 349 1765 redingenta
378 1666 520 1741 diversa
544 1669 708 1767 ipsorum
726 1666 912 1741 radiorum
937 1667 984 1740 ad
1008 1664 1135 1738 refrin-

55 1776 214 1875 gendum
231 1776 386 1859 facilitas
403 1787 671 1878 compensatur.

95 1911 296 1966 ccxxxlx.
321 1889 457 1988 Neque
480 1891 643 1989 profecto
661 1893 816 1966 minima
833 1892 996 1966 humoris
1012 1893 1134 1981 vitrei,

55 2000 117 2098 qui
132 2003 308 2076 omnium
326 2000 425 2075 oculi
437 2001 634 2079 humorum
648 2002 759 2103 longe
771 2005 974 2078 maximam
992 2014 1136 2104 partem

54 2110 171 2201 efflat,
188 2113 331 2188 utilitas
349 2124 414 2202 est,
432 2113 585 2214 globum
603 2116 700 2191 oculi
719 2117 882 2216 implere,
903 2116 1137 2216 retinuitque

55 2225 160 2321 probe
175 2225 400 2313 distendere,
429 2226 552 2301 itaut
570 2229 646 2301 fere
671 2229 849 2326 sphaeram
867 2253 1066 2304 concavam
1082 2255 1136 2304 re-

55 2345 257 2433 prfflntet
294 2362 372 2435 quo
396 2336 501 2435 plura
526 2337 604 2436 ejus
629 2351 769 2437 puncta
793 2341 973 2437 imagines
1011 2364 1137 2415 rerum
1225 2360 1232 2371 ·

54 2447 251 2523 visibilium
267 2450 459 2523 distinctas
486 2459 525 2523 et
552 2461 735 2524 accuratas
765 2451 967 2549 accipiant:
993 2474 1081 2523 nam
1107 2455 1138 2524 si

55 2557 196 2657 planior
209 2560 336 2636 nisset
352 2561 453 2636 oculi
478 2561 629 2648 fundus,
654 2561 714 2633 vel
732 2559 929 2657 cujuslibet
953 2561 1028 2633 sere
1045 2561 1137 2635 alius

55 2670 182 2771 figurae
197 2697 309 2772 quam
327 2673 510 2760 rotundae,
537 2685 687 2772 propter
713 2671 937 2770 inaequalem
954 2672 1138 2746 variarum

55 2783 127 2880 ejus
143 2784 307 2884 partium
325 2803 484 2860 acentro
495 2784 593 2859 oculi
606 2785 831 2870 distantiam,
849 2808 970 2858 unum
988 2791 1136 2860 tantum

56 2896 180 2972 retiner
196 2905 394 2996 punctum,
421 2907 513 2998 puta
529 2906 698 2972 centrum
725 2897 818 2996 ejus,
846 2897 1065 2972 distinctum
1082 2899 1137 2971 vi-

58 3030 133 3081 sum
149 3008 347 3084 habuisset.
400 3010 479 3098 Qui
496 3033 583 3084 vero
611 3010 654 3084 in¹
667 3009 737 3085 alia
753 3019 891 3109 puncta
922 3011 1137 3085 incidissent

58 3119 153 3206 radii,
167 3119 229 3195 vel
245 3121 416 3196 nondum
434 3123 520 3197 satis
546 3121 701 3208 reiiacti,
728 3121 790 3194 vel
807 3131 1009 3220 postquam
1026 3122 1064 3196 iu
1071 3120 1137 3228 so-

59 3253 138 3304 cam
147 3231 257 3308 semel
267 3232 410 3309 collecti
425 3243 555 3322 essent,
569 3234 800 3308 dimanantes
812 3235 961 3320 iterum,
975 3234 1137 3331 imagine

62 3343 202 3419 confusa
225 3368 337 3445 super
361 3338 522 3422 retinam
549 3346 706 3446 depicta,
731 3347 854 3420 visum
872 3344 1036 3419 multum
1062 3367 1137 3418 eor-

64 3454 251 3553 rupissent.

101 3588 216 3645 ccxa.
259 3569 465 3645 Rotundus
494 3580 550 3644 est
582 3568 723 3656 oculus,
748 3578 793 3643 ut
825 3568 918 3643 radii
948 3589 1015 3667 per
1047 3593 1136 3644 eum

67 3686 281 3755 uniamus
297 3681 336 3755 in
348 3681 494 3777 justum
509 3679 643 3781 sticum
666 3681 769 3780 prius
785 3679 1007 3780 colligantur
1023 3704 1138 3779 quam

69 3785 268 3865 aretinam
284 3793 458 3866 incidant.
510 3793 585 3866 Par
600 3793 694 3868 ratio
710 3804 767 3866 est
782 3815 926 3867 coraeae
950 3816 1137 3879 convexa,

70 3903 305 3992 prominentis,
335 3927 420 4001 quar
435 3903 511 3978 sere
527 3912 633 3978 tanto
649 3906 767 4004 magis
783 3906 978 4004 prominet,
995 3914 1136 4003 quanto

72 4007 192 4104 planior
214 4014 348 4090 oculus
372 4014 520 4090 animali
544 4017 654 4091 datus
678 4024 743 4091 est.
810 4017 916 4104 Quin
942 4026 979 4089 et
1008 4026 1135 4089 rotun·

71 4117 145 4199 ditas
159 4128 256 4202 oculi
281 4127 329 4200 ad
345 4127 574 4204 liberrimum
599 4136 639 4203 et
654 4128 929 4227 rapidissimum
959 4127 1040 4225 ejus
1058 4148 1133 4200 mo-¹

71 4237 136 4311 lum
150 4237 249 4317 baud
265 4262 399 4340 parum
416 4242 565 4318 confert
