2678 4794
197 303 270 373 304
613 299 863 370 commeans
1072 309 1283 369 cmxxv.

197 492 358 567 adversae
385 488 604 565 valetudinis
642 489 867 587 presidium,
902 484 1091 561 interdum
1130 485 1283 565 fortasse

198 603 318 679 solum
336 604 527 689 auxilium,
555 603 594 675 in
610 602 742 677 idonea
758 602 869 676 dimta
884 624 962 674 esse
977 600 1155 698 positum.
1206 602 1282 677 Im-

197 719 333 817 primis,
345 718 442 816 quir,
454 726 499 789 ut
505 716 585 814 jam
603 719 684 806 (rr,
697 736 855 802 ncxnu,
871 735 1091 799 ncccxmsr,
1108 724 1148 787 et
1162 722 1284 813 seqq.)

197 831 339 905 dietum
364 838 430 915 est,
457 827 566 902 multi
591 837 632 903 et
648 829 802 927 quidem
819 849 947 926 graves
964 825 1085 899 morbi
1109 834 1284 901 anatum

197 942 316 1016 diaetae
339 964 414 1038 qua
438 939 604 1015 homines
630 950 792 1014 utuntur
816 937 924 1037 plane
961 961 1066 1012 suam
1095 937 1284 1037 originem

195 1052 349 1138 ducunt,
373 1052 451 1126 sive
480 1052 570 1140 haec,
594 1051 654 1125 vel
671 1051 860 1150 qualitate,
885 1049 946 1123 vel
973 1049 1195 1148 quantitate,
1219 1049 1282 1125 vel

194 1164 346 1238 demum
370 1174 540 1262 utraque,
568 1164 689 1247 minus
712 1164 845 1237 idonea
867 1161 981 1236 firerit
1005 1170 1217 1261 assumptn3
1241 1180 1281 1238 et

193 1276 234 1348 in
258 1275 328 1350 hoc
352 1287 463 1363 statu,
501 1287 545 1350 ut
570 1275 689 1352 malus
713 1274 867 1350 effeetus
891 1274 1052 1360 tollatur,
1081 1274 1187 1373 prius
1210 1273 1280 1349 tol-

192 1387 301 1463 lenda
318 1399 374 1464 est
390 1388 469 1487 ejus
486 1414 615 1476 causa3
641 1399 725 1464 tum
742 1410 860 1488 porro,
877 1388 965 1487 quia
982 1385 1104 1460 multa
1126 1384 1280 1459 alimen·

192 1510 317 1575 torum
334 1525 470 1601 genera
485 1502 525 1575 in
540 1501 621 1576 aliis
636 1511 749 1600 atque
765 1501 845 1575 aliis
861 1498 999 1573 morbis
1027 1507 1095 1572 aut
1122 1499 1278 1597 peruiri-

192 1637 254 1688 osa
270 1611 368 1688 fiunt
384 1621 451 1687 aut
467 1613 647 1700 salutaria,
674 1612 843 1712 quamvis
860 1611 1009 1685 morbus
1026 1610 1073 1683 ab
1088 1608 1162 1684 alia
1177 1633 1280 1708 pror·

193 1748 255 1799 sus
271 1749 377 1800 musa
403 1737 507 1801 ortus
534 1726 593 1813 sit,
617 1736 729 1824 prout
753 1727 831 1824 ipsa
855 1723 1029 1799 alimenta
1055 1746 1121 1798 sua
1142 1731 1280 1797 natura

45 1851 48 1858 “
193 1836 254 1910 vel
278 1837 425 1912 faveant
449 1837 509 1912 vel
533 1838 772 1912 adversentur
806 1837 868 1910 isti
907 1835 1085 1910 morbose
1115 1835 1279 1933 eorporis

195 1948 398 2022 conditioni
414 1950 453 2023 in
470 1974 545 2050 qua
557 1936 698 2024 malum
714 1949 878 2023 maxime
902 1948 1078 2034 consistit,
1104 1946 1182 2020 sire
1205 1945 1278 2022 boe

193 2060 232 2132 in
251 2059 465 2136 humoribus
482 2063 559 2138 sive
584 2063 622 2136 in
640 2061 805 2161 partibus
821 2061 944 2135 solidis
968 2058 1166 2134 insederit:
1191 2067 1278 2134 tum

194 2171 367 2272 denique,
392 2175 480 2272 quia
496 2175 535 2248 in
565 2175 667 2248 omni
683 2173 758 2248 sere
776 2173 911 2262 morbo,
935 2181 1046 2247 acuto
1061 2170 1199 2272 pariter
1220 2183 1275 2247 at·

195 2308 270 2381 que
295 2296 454 2374 vetusto,
478 2288 558 2385 ipsa
572 2286 755 2374 alimenta,
780 2311 865 2386 quae
889 2312 955 2362 sua
978 2297 1113 2362 nutura
1134 2286 1277 2386 optima

193 2410 291 2486 sunt,
309 2410 349 2474 et
365 2423 451 2473 sano
468 2400 611 2474 homini
627 2399 871 2488 saluberrima,
889 2424 983 2499 saepe
1000 2399 1129 2476 minus
1143 2399 1278 2474 idonea

192 2509 300 2599 fiunt,
325 2536 400 2588 non
438 2515 556 2613 magis
592 2527 743 2614 propter
776 2512 983 2613 generalem
1015 2512 1275 2588 infirmium

192 2625 362 2722 eorporis,
387 2650 500 2723 quam
517 2637 669 2725 propter
698 2626 924 2702 debilitatem
948 2623 1144 2724 specialem
1173 2648 1275 2726 orga-

191 2759 324 2808 norum
336 2749 374 2810 et
387 2738 525 2813 virium
536 2766 622 2838 quae
631 2741 703 2814 eibi
715 2739 952 2825 concoctioni,
965 2747 1003 2811 et
1013 2738 1177 2837 partium
1187 2759 1276 2835 quse

190 2845 458 2942 superfluentes
474 2860 513 2924 et
528 2853 651 2925 noxiae
672 2853 711 2925 in
728 2875 878 2949 oorpore
902 2851 1007 2924 faetae
1029 2857 1117 2925 sunt
1136 2848 1273 2945 expul-

190 2955 294 3042 sioni,
320 2958 549 3047 inserviunt3
583 2964 636 3035 ita
659 2972 703 3035 ut
727 2963 905 3059 quicquid
929 2961 1006 3036 fere
1025 2958 1191 3036 alimenti
1215 2983 1273 3034 as-

189 3078 381 3165 sumptum
399 3069 512 3144 fuerit
536 3073 684 3171 segnius
709 3084 748 3145 et
770 3074 908 3148 tardius
934 3080 1193 3173 mnoequnuu,
1210 3071 1274 3148 vel

188 3177 308 3253 forsan
325 3203 517 3279 nunquam
542 3185 582 3256 in
598 3185 773 3259 idoneum
793 3187 1069 3262 nutrimentum
1082 3197 1274 3263 eonverw

189 3302 262 3380 tur,
274 3302 314 3367 et
329 3294 380 3369 sic
397 3319 530 3395 corpus
546 3320 621 3370 non
639 3298 751 3373 modo
767 3323 842 3373 non
859 3299 1008 3388 reficiat,
1026 3299 1092 3375 sed
1108 3298 1271 3375 multum

187 3416 329 3502 gravet,
366 3408 692 3508 ventriculumque
729 3411 910 3510 imprimis
945 3422 983 3486 et
1007 3412 1188 3487 intestina
1221 3412 1271 3486 iu

188 3519 384 3614 opprimat,
411 3531 455 3594 ut
470 3522 604 3621 aegrius
628 3523 668 3596 in
697 3536 885 3622 posterum
915 3548 982 3599 sua
996 3520 1270 3624 fungantmof-

188 3627 292 3702 ficia:
318 3630 427 3706 rebus
443 3657 532 3707 vero
547 3634 598 3709 sic
614 3659 652 3708 se
669 3635 899 3725 habentibus,
923 3661 999 3711 non
1024 3638 1167 3713 mirum
1191 3636 1271 3724 ait,

72 3828 74 3834 Ι
184 3740 218 3843 ¹si
236 3742 362 3839 primis
380 3746 498 3820 morbi
515 3747 660 3822 indieiis
677 3748 776 3823 baud
793 3774 924 3848 parum
950 3751 1069 3825 auctis
1094 3774 1197 3826 nova
1217 3750 1270 3824 in·

187 3865 360 3952 superet
393 3860 562 3956 graviora
586 3862 758 3936 ascedant
787 3862 903 3949 malm
944 3887 1070 3963 neque
1105 3863 1272 3965 profesto

186 3963 342 4041 dubium
368 3983 434 4057 est,
459 3973 633 4050 alimenta
657 3976 848 4049 notissima
872 3987 986 4076 atque
1009 3975 1210 4066 tutissima,
1232 3984 1271 4050 et

187 4101 271 4177 quae
286 4080 325 4154 in
342 4106 413 4156 usu
431 4085 647 4181 quotidiano
663 4098 761 4175 suut,
786 4091 1054 4189 aegrotantibus
1067 4092 1267 4193 intempes
