2694 4792
201 276 274 354 494
580 238 832 340 consuamus
1071 280 1171 335 car.
1191 283 1317 337 xxxv.

205 473 314 542 motu
331 487 398 563 per
413 459 534 536 imum
552 472 721 535 ventrem
737 455 923 556 expedito.
976 452 1093 533 Hinc
1127 458 1249 535 utiles
1277 462 1315 536 iu

207 577 396 652 doloribus
413 573 544 660 colicis,
569 582 609 646 et
624 570 821 656 calculosis,
846 578 886 643 et
914 568 955 642 in
985 574 1224 670 stranguria,
1250 577 1311 648 bac

209 701 249 766 et
273 691 317 764 in
339 684 693 760 inflammationibus
721 683 875 780 aliisque
902 681 1041 757 morbis
1073 698 1309 760 remotarum

133 866 157 877 a
209 801 383 901 partium,
407 798 526 874 veluti
550 795 691 894 capitis
716 805 783 868 aut
809 793 978 893 pectoris,
1004 805 1042 867 et
1072 798 1241 892 quidem
1269 800 1306 872 in

208 913 394 997 omnibus,
411 910 470 984 vel
487 909 670 1008 plerisque
687 905 829 992 saltem,
846 904 996 994 morbis,
1013 906 1079 980 ubi
1095 906 1306 983 cathartica

208 1024 478 1098 medicamenta
494 1046 560 1121 per
575 1045 616 1094 os
633 1028 781 1118 sumpta
796 1017 968 1117 prodesse
984 1017 1115 1095 solent

259 1157 511 1211 mccccxxxvr.
538 1134 616 1208 Hic
632 1155 784 1231 quoque
808 1132 992 1205 observari
1016 1141 1146 1230 potest
1179 1134 1296 1209 multa

208 1248 488 1332 medicamenta,
505 1255 636 1344 praeter
652 1243 857 1330 cathartica,
874 1241 1039 1341 aliasque
1055 1268 1128 1332 res,
1146 1248 1291 1320 eosdem

209 1354 285 1431 fere
300 1359 340 1431 in
357 1382 507 1456 corpore
524 1355 677 1431 effectus
701 1367 871 1455 praestare
895 1356 926 1428 si
952 1356 992 1429 in
1020 1357 1208 1431 intestina
1236 1384 1292 1456 per

206 1492 323 1543 anum
341 1470 461 1543 infusa
472 1467 621 1556 fuerint,
637 1492 679 1542 ac
690 1467 808 1542 solent
817 1467 949 1541 habere
961 1492 1028 1567 per
1044 1494 1087 1544 os
1104 1470 1288 1555 devorata

124 1595 127 1603 '
208 1582 260 1654 ita
278 1592 322 1656 ut
338 1582 512 1680 clysteres
528 1580 701 1653 medicati
731 1581 864 1653 merito
881 1581 919 1653 in
937 1602 1078 1679 magno
1109 1607 1187 1657 usu
1214 1585 1286 1657 siut

210 1691 299 1768 Hoc
315 1695 428 1768 modo
444 1694 544 1791 enirn
563 1693 775 1779 nutrientia,
806 1690 997 1778 diluentis,
1028 1691 1285 1794 refrigerantia,

209 1806 392 1903 anodyna,
433 1805 649 1891 roborantia,
687 1805 912 1902 antiseptim,
948 1804 1198 1895 stimulantis,
1231 1811 1284 1882 &c

208 1917 402 1990 commode
419 1941 513 2013 saepe
530 1917 675 2001 dantur,
692 1938 777 1987 curn
796 1914 901 1989 aliter
917 1914 995 1989 dari
1025 1939 1105 1991 non
1135 1930 1283 2017 possent

208 2025 325 2099 Multi
343 2028 443 2099 enim
460 2027 575 2114 nervi,
605 2050 808 2126 sensusque
832 2027 938 2103 valde
966 2041 1101 2105 acutus
1132 2032 1283 2107 inferiori

207 2162 283 2211 non
303 2164 405 2213 secus
421 2165 463 2216 ac
480 2141 656 2239 superiori
685 2141 853 2216 intestini
880 2141 977 2240 parti
1002 2142 1148 2233 insunt,
1172 2166 1284 2242 neque

207 2251 343 2327 desunt
359 2279 445 2328 vasa
461 2253 690 2330 absorbentia
706 2265 744 2328 et
761 2255 885 2329 lactea

258 2388 525 2441 uccccxxxvu.
543 2367 650 2441 Ante
666 2366 860 2465 clysterem
878 2367 1107 2443 medicatum
1122 2393 1219 2469 saepe
1230 2391 1283 2443 ne·

208 2501 305 2552 cesse
322 2489 377 2551 est
394 2502 631 2553 communem
661 2480 895 2577 praemittere,
918 2480 966 2555 ad
995 2481 1284 2556 exinaniendum

208 2590 353 2689 plenius
370 2591 601 2679 intestinum,
627 2615 704 2690 quo
728 2591 888 2680 reddito,
912 2591 1004 2667 alter
1032 2593 1283 2669 infundendus

208 2714 273 2777 est.
330 2704 409 2791 Qui
436 2729 523 2780 vero
551 2704 735 2779 retinendi
764 2715 864 2792 sunt,
900 2705 949 2779 ad
977 2730 1119 2805 paucas
1144 2717 1283 2780 tantum

210 2815 335 2887 uncias
353 2816 501 2890 infundi
512 2816 659 2905 debent,
675 2840 725 2891 ne
735 2816 897 2891 distento
909 2825 947 2891 et
957 2817 1104 2895 irritato
1115 2818 1284 2893 intestino

208 2924 479 3025 (mccccxxxrv)
496 2929 600 3003 brevi
616 2929 836 3027 rejiciantur.

257 3060 541 3115 arccocxxxvrn.
568 3042 747 3118 Lotiones
771 3042 993 3143 plerumque
1009 3043 1144 3145 tepidae
1159 3041 1283 3115 infun-

207 3149 360 3237 duntur,
386 3163 429 3226 ut
445 3177 568 3252 neque
584 3154 711 3244 calore,
729 3179 851 3254 neque
863 3156 998 3255 frigore
1015 3181 1097 3245 suo,
1113 3156 1285 3230 intestino

207 3279 381 3338 noceant:
407 3265 500 3339 nibil
517 3290 605 3342 vero
621 3267 742 3343 obstat
758 3293 835 3366 quo
852 3269 974 3363 minus
992 3269 1076 3358 (ubi
1104 3268 1169 3343 tali
1196 3291 1284 3367 opus

207 3385 262 3448 est
279 3375 432 3474 auxilio)
450 3377 695 3476 frigidissimae
710 3378 963 3455 infundantur.

258 3508 508 3563 arccccxxmx.
535 3490 658 3565 Nimis
686 3491 858 3620 frequens
884 3492 1072 3568 lotionum
1097 3517 1201 3582 usus,
1226 3501 1285 3566 aut

205 3596 360 3671 lotiones
388 3601 500 3675 nimis
529 3626 637 3688 acres,
663 3605 741 3701 pari
770 3605 911 3679 ratione
937 3616 1078 3680 nocent
1106 3631 1151 3680 ac
1180 3606 1285 3679 nimis

205 3708 377 3807 frequens
406 3712 480 3786 alvi
506 3716 679 3814 purgatio
696 3717 896 3815 (srccccxx)
923 3729 988 3792 aut
1018 3717 1285 3829 medicamenta

204 3822 313 3896 nimis
329 3824 424 3898 acria
441 3826 644 3927 (nccccxr).

255 3957 438 4015 mccccxn.
461 3939 735 4015 Medicamenta
750 3902 947 4017 cathartica
961 3939 1156 4016 interdum
1177 3942 1287 4018 solida

202 4043 345 4121 forma
335 4074 374 4123 m
391 4075 505 4124 anum
523 4052 792 4142 immittuntur,
818 4064 856 4128 et
881 4053 951 4130 hoc
979 4054 1094 4128 modo
1109 4055 1287 4139 adhibita,

201 4161 464 4260 supportaria,
481 4163 541 4236 vel
553 4163 718 4263 glandes
727 4167 914 4243 dicuntur.
965 4166 1119 4243 Horum
1133 4170 1288 4245 effectas
