2678 4794
92 364 184 421 cnr.
201 362 266 417 xe.
375 362 597 418 numerum
615 363 902 421 uuuonnmcnr.
1100 356 1170 432 137

146 562 393 619 ccccxuvrn.
419 540 587 616 Effectus
606 564 757 641 quoque
773 542 910 616 mutati
926 543 1113 642 sanguinis
1135 545 1176 620 in

99 655 238 731 infante
253 677 383 728 cursus
399 653 501 727 brevi
529 666 613 753 post
637 665 785 753 partum
801 654 1060 733 observantur:
1086 657 1178 729 scili·

95 780 160 856 oet,
177 767 303 865 quum
321 764 447 839 nullus
462 789 528 865 per
544 766 763 841 umbilicum
779 768 919 855 transit,
938 775 976 840 et
992 768 1077 840 ideo
1093 765 1179 865 plus

95 878 320 980 perilianus
345 877 493 952 arterias
517 878 564 951 ad
589 887 689 952 artus
714 878 900 953 inferiores
924 879 1111 953 mittitur:
1138 878 1178 952 hi

97 993 208 1078 enirn,
233 992 275 1065 in
292 990 388 1063 foetu
405 990 509 1088 parvi
525 998 564 1063 et
580 999 721 1077 tenues,
746 1001 837 1065 tunc
853 1002 1021 1067 crescunt
1044 992 1178 1080 subit0,

98 1105 146 1178 ita
183 1113 230 1177 ut
268 1126 367 1200 saepe
402 1112 666 1190 altmannum,
704 1127 974 1202 nonnunquam
998 1114 1084 1177 ante
1112 1128 1177 1177 sex

99 1240 251 1303 menses,
288 1215 446 1288 infantes
472 1238 547 1288 non
572 1216 685 1290 modo
709 1217 863 1315 propriis
897 1217 1053 1315 pedibus
1077 1214 1178 1289 firmi

102 1329 274 1413 insistere,
289 1327 353 1401 sed
370 1326 472 1400 haud
487 1326 584 1399 male
599 1326 796 1414 ambulare,
814 1330 964 1427 possint.

151 1462 336 1515 cotcxurx.
365 1441 405 1513 A
422 1440 535 1539 pulsu
552 1440 684 1513 medici
696 1439 864 1538 judicare
880 1440 998 1515 solent
1014 1440 1062 1513 de
1078 1449 1178 1515 statu

104 1551 273 1626 circuitus
288 1554 495 1652 sanguinis:
522 1552 583 1626 ille
599 1562 722 1628 autem
740 1553 942 1627 admodum
960 1552 1082 1627 varius
1110 1563 1178 1641 est,

104 1673 180 1738 tum
196 1665 299 1763 quod
314 1666 362 1739 ad
378 1666 458 1763 ejus
474 1666 718 1765 frequentiam
735 1668 879 1752 attinet,
902 1676 986 1740 tum
1004 1665 1105 1763 quod
1130 1666 1178 1740 ad

100 1776 173 1851 vim
190 1787 230 1851 et
247 1776 496 1876 aequalitatem
507 1780 654 1854 ictuum
673 1788 712 1851 et
728 1776 1014 1851 intervallorum.

143 1912 283 1965 cccci.
310 1889 529 1965 Communis
553 1891 730 1991 pulsuum
747 1891 954 1989 frequentia
972 1900 1038 1977 est,
1059 1890 1097 1963 in
1115 1889 1179 1964 ho.-

99 2001 197 2076 mine
220 2001 350 2076 adulto
374 2013 413 2076 et
438 2028 537 2090 sanc,
573 2004 716 2077 circiter
752 2003 988 2103 septuaginta
1016 2003 1054 2076 in
1081 2002 1180 2078 horae

99 2112 247 2189 minuto.
299 2116 345 2187 In
363 2115 459 2189 foetu
475 2115 624 2189 fortasse
640 2116 756 2215 duplo
772 2127 812 2190 et
836 2116 993 2215 amplius
1010 2115 1178 2191 velocior.

100 2222 143 2299 ln
159 2227 315 2313 infante,
345 2227 473 2325 primis
495 2228 583 2301 vitae
598 2228 798 2315 mensibus,
823 2230 891 2303 vix
906 2229 1000 2301 infra
1027 2240 1180 2303 centum

100 2349 134 2411 ct
149 2340 308 2439 viginti;
334 2364 449 2438 puero
466 2350 504 2414 et
533 2340 752 2414 adolescenti
768 2339 946 2438 paulatim
966 2339 1098 2413 lentior
1112 2342 1156 2414 fit
1170 2367 1180 2424 ;

100 2448 134 2523 in
150 2474 238 2525 sene
254 2451 451 2549 decrepito,
469 2451 667 2549 aliquando
682 2451 730 2523 ad
747 2450 1020 2548 quinquaginta
1037 2463 1075 2524 et
1086 2450 1182 2525 iufra

99 2561 294 2639 descendit.

142 2700 280 2751 ccccm.
307 2678 412 2763 Quin
425 2688 463 2750 et
476 2673 599 2764 multi,
616 2672 798 2774 imprimis
816 2673 1034 2760 mobiliores,
1052 2672 1181 2770 pulsus

100 2789 214 2863 multo
230 2789 513 2887 frequentiorem
541 2788 634 2862 dum
664 2787 736 2875 alii,
761 2785 916 2860 florente
933 2785 1042 2861 etiarn
1062 2795 1180 2873 aetatc,

99 2896 213 2974 lentos
236 2901 450 2988 admodum,
475 2900 622 2974 habent.
674 2900 857 2973 Foeminis
885 2923 1036 2998 quoque
1066 2922 1187 2997 quam

100 3012 182 3086 viris
198 3013 422 3111 plerumque
438 3012 607 3088 nonnihil
621 3012 889 3111 frequentiores
906 3038 983 3087 esse
1000 3010 1130 3087 solent.

145 3148 295 3199 coocun.
338 3126 623 3224 Frequentiores
651 3127 760 3213 fiunt,
793 3150 880 3201 cum
909 3127 949 3201 iu
979 3150 1066 3200 sano
1097 3136 1181 3198 tum

102 3257 246 3335 quoque
261 3238 302 3311 in
319 3238 489 3312 morboso
505 3262 663 3338 corpore,
688 3249 838 3339 propter
854 3238 993 3312 multos
1010 3235 1180 3311 stimulos

103 3346 220 3421 eidem
234 3350 413 3424 admotos.
452 3350 681 3424 Exercitatio
693 3351 885 3449 imprimis,
898 3349 1020 3422 reditu
1035 3348 1181 3446 sangui-

102 3459 154 3535 nis
170 3461 236 3559 qui
252 3462 291 3535 in
311 3465 416 3536 venis
433 3463 506 3536 fuit
516 3463 691 3560 expedito
705 3463 934 3555 (ccccxxvn,
951 3468 1180 3557 ccccxxvm)

100 3570 224 3669 pulsus
236 3576 374 3647 mirum
388 3576 428 3649 in
441 3575 597 3649 modum
614 3574 753 3647 incitat.
791 3574 1016 3648 Initationcs
1029 3596 1181 3670 quoque

102 3686 217 3773 variae,
230 3686 357 3784 quales
364 3712 492 3784 genus
503 3710 699 3762 nervosum
711 3684 888 3771 afficiunt,
901 3685 1014 3757 animi
1028 3684 1183 3757 affectus

102 3796 157 3870 vel
193 3800 371 3898 cogitatio
407 3800 618 3884 vehemens,
656 3795 769 3883 dolor,
806 3795 911 3881 calor,
953 3795 1181 3869 stimulantis

103 3910 377 3999 medicamenta,
403 3913 545 3997 vinum,
580 3918 752 3994 aromata,
777 3920 815 3980 et
840 3908 980 3993 similia,
1018 3906 1178 3982 carndem

104 4018 275 4097 effectum
293 4032 476 4121 prasta'nt.
527 4022 783 4097 Acrimoniam
801 4045 952 4118 quoque
969 4020 1083 4117 ipsius
1101 4040 1178 4089 san-

104 4134 221 4228 guinis
239 4132 352 4206 multi
370 4135 503 4209 medici
531 4134 766 4208 crediderunt
781 4133 930 4231 pulsum
957 4125 1178 4227 frequentio-

103 4262 173 4319 rem
189 4245 353 4321 reddere.
