2678 4794
141 444 216 513 880
534 445 787 511 constructus
1017 456 1224 519 canxxx,

139 659 225 712 rum
242 633 414 710 effectum
430 631 594 732 primum
611 648 649 708 et
665 632 883 722 naturalem,
909 631 1224 734 simplicissimum

137 757 177 824 et
188 746 521 824 constantissimum
532 747 1018 847 semperesseoontendunt,
1030 748 1222 848 vanasque

137 886 229 962 quas
244 885 370 937 revera
385 860 425 933 iu
441 883 591 960 corpore
608 861 772 935 humano
788 860 835 934 ab
851 885 978 934 eorum
997 885 1070 936 usu
1087 871 1221 960 speon.

136 998 221 1050 mus
236 975 470 1062 mutationes,
487 974 584 1061 oriri,
600 997 677 1048 non
693 999 715 1047 a
731 973 883 1047 diversis
899 973 1154 1050 remediorum
1182 973 1218 1049 iu

136 1110 181 1161 eo
197 1086 397 1175 effectibus,
423 1085 488 1161 sed
513 1087 561 1160 ab
583 1087 664 1185 ejus
680 1086 825 1160 actione
848 1085 886 1158 in
906 1108 955 1172 se,
982 1086 1064 1160 sive
1080 1085 1224 1173 renixu,

134 1208 179 1273 ut
195 1199 348 1296 quidam
365 1208 510 1286 vocant,
535 1223 602 1298 per
617 1200 713 1272 vires
731 1221 813 1271 suas
829 1197 956 1271 insitas
973 1206 1012 1270 et
1038 1197 1218 1284 mlutaret

136 1309 345 1408 dequibus
365 1312 595 1411 jamdudum
620 1313 707 1386 satis
731 1310 874 1383 dictum
899 1309 973 1385 fuit
998 1309 1111 1400 (uxr,
1134 1333 1216 1396 ux,

135 1445 322 1514 cccuxrv,
339 1433 544 1524 cccuxsx).

189 1558 334 1611 Mcmx.
362 1537 423 1612 Sic
446 1536 618 1611 nonnulli
643 1536 789 1610 sibimet
814 1533 1049 1634 persuadent,
1077 1533 1216 1611 nullum

135 1649 303 1738 existere,
328 1658 394 1724 aut
419 1675 523 1750 posse
547 1650 714 1736 existere,
747 1648 955 1722 remedium
980 1666 1050 1746 per
1075 1671 1115 1723 se
1139 1669 1218 1722 vers

137 1761 341 1850 stimulans,
367 1761 476 1860 quale
492 1760 628 1836 scilicet
644 1761 785 1859 corpori
801 1761 1010 1846 admotum,
1029 1759 1217 1847 statimel

137 1874 337 1969 primaeua
365 1874 518 1958 actione,
548 1895 696 1946 sensum
713 1885 936 1972 motumque
960 1873 1123 1957 excitem
1147 1896 1217 1949 om·

135 1985 272 2082 niaque
288 1985 412 2085 potius
428 1986 589 2059 remedia
606 2011 692 2085 quae
721 2011 853 2085 corpus
882 1984 1075 2060 stimulare
1097 1985 1217 2060 viden·

135 2103 207 2183 tur,
224 2095 264 2170 id
281 2096 424 2170 efficere
440 2121 507 2196 per
520 2098 600 2172 vim
618 2123 721 2173 suam
739 2100 942 2185 sedantem,
968 2121 1056 2195 quar
1081 2093 1216 2195 corpori

134 2218 283 2284 noceret
316 2208 430 2308 idque
464 2211 682 2301 debilitaret,
714 2213 859 2311 hocque
892 2211 1049 2286 demum
1086 2210 1217 2286 viribus

135 2321 212 2395 suis
228 2321 447 2398 salutaribus
463 2332 590 2399 eontra
606 2324 717 2400 talem
736 2325 964 2402 debilitatem
985 2323 1110 2411 reniti,
1139 2345 1215 2398 ean·

135 2433 296 2535 demque
328 2435 432 2511 brevi
467 2462 647 2537 superare,
687 2439 989 2535 contrariumque
1022 2433 1215 2536 aliquando

135 2557 275 2624 statum
293 2550 476 2626 inducere.
528 2552 638 2626 Dum
648 2550 710 2626 alii
726 2549 836 2626 simili
853 2549 928 2624 sere
943 2558 983 2623 et
999 2547 1069 2622 vix
1082 2549 1215 2624 minore

134 2661 277 2735 ratione
316 2663 513 2762 (siquidem
542 2665 635 2737 ratio
651 2665 773 2739 vocari
800 2663 917 2763 possit
943 2663 1027 2740 talis
1056 2670 1215 2762 mma-l

133 2775 377 2861 contendunt,
407 2775 528 2851 multa
553 2801 601 2850 ex
618 2777 788 2850 remediis
815 2801 900 2875 quae
915 2768 1033 2878 vulgo
1058 2778 1217 2852 sedentia

131 2879 325 2972 habentur,
354 2897 485 2962 natura
512 2913 578 2962 sua
605 2890 799 2987 primaque
827 2890 866 2961 in
896 2912 1045 2990 corpore
1071 2889 1214 2963 actione

133 2993 363 3067 stimulantis
379 3020 466 3084 esse,
495 3007 534 3070 et
561 3008 708 3073 tantum
739 3023 805 3096 per
821 3025 1012 3077 excessum
1027 3002 1083 3076 vis
1099 3010 1138 3074 et
1165 2999 1212 3074 ef-

131 3101 249 3178 fectus
266 3106 500 3195 stimulantis,
530 3107 590 3181 vel
607 3134 673 3207 per
689 3111 767 3185 vim
797 3115 987 3212 quandam
1005 3114 1129 3189 minus
1157 3111 1215 3187 ad·

130 3215 206 3291 huc
221 3217 458 3307 intellectam,
476 3220 640 3294 sedantia
655 3220 744 3297 fieri.

181 3353 306 3407 mcxx.
320 3331 459 3406 Parum
477 3343 576 3407 certe
592 3337 806 3412 conveniret
818 3338 866 3412 de
883 3340 1022 3414 talibus
1034 3361 1213 3415 commen·

129 3441 177 3513 tis
202 3443 400 3542 disputare,
429 3443 566 3519 seilicet
591 3472 677 3546 quae
701 3472 776 3524 non
803 3453 916 3525 modo
932 3452 1027 3526 nihil
1044 3453 1093 3527 ad
1112 3472 1213 3528 usum

127 3553 315 3629 medicum
334 3557 552 3654 pertineant,
566 3584 635 3636 nec
652 3587 831 3662 unquam,
843 3565 1016 3663 quamvis
1032 3565 1214 3640 verissime

126 3664 275 3754 fuerint,
289 3669 452 3743 conferre
461 3673 614 3769 possint,
624 3675 688 3748 sed
704 3677 922 3775 nequidem
940 3677 1087 3752 nodum
1104 3678 1212 3752 istum

128 3777 195 3873 qui
222 3777 361 3854 multos
395 3782 487 3858 adeo
520 3785 613 3860 solet
640 3787 770 3862 morari
804 3787 882 3862 ullo
914 3788 1030 3862 modo
1063 3788 1212 3865 solvant

128 3888 227 3962 Nam
258 3891 329 3964 nisi
358 3897 618 3972 contenderint
646 3898 788 3997 aliquid
812 3899 1033 3975 voluntariae
1057 3903 1117 3976 vis
1139 3898 1212 3975 istis

125 3999 343 4079 salutaribus
359 4011 519 4106 eorporis
536 4012 677 4086 viribus
694 4013 812 4087 inesse
829 4013 946 4111 (quod
963 4037 1078 4088 nemo
1107 4033 1210 4090 sanus

126 4114 347 4217 crediderit),
364 4120 458 4194 nihil
474 4125 628 4199 omnino
644 4124 856 4224 proficitur;
882 4126 1013 4200 eadem
1028 4128 1132 4202 enim
1150 4121 1211 4199 dit

122 4224 265 4303 ficultas
295 4231 402 4320 redit,
430 4256 650 4336 semperque
677 4237 824 4325 redibit,
851 4239 1032 4336 quamdiu
1061 4239 1209 4315 effectus

120 4337 214 4414 adeo
239 4341 377 4420 diversi
405 4344 453 4421 ab
481 4345 612 4424 iisdem
642 4349 814 4426 remediis
842 4349 1098 4428 observantur.
1152 4343 1210 4426 nl
