2678 4794
552 313 658 388 xxvii

69 515 116 593 ad
132 511 274 590 niniam
291 517 365 586 aut
383 507 606 610 deficientem
623 511 814 588 tumorum
835 522 981 603 neotum,
1006 539 1144 595 eorum.

72 655 145 728 que
168 627 357 712 notorem,
396 633 465 696 aut
493 622 718 712 tenuitatem,
750 633 820 699 aut
848 624 1145 714 disscitationum,⁸
1254 666 1259 673 ·

73 741 166 816 brevi
178 739 421 839 perspicuum
434 734 518 822 fuit,
535 736 868 833 nequeuictoribus
885 737 1049 812 multum
1066 764 1148 839 pro·

72 852 226 928 futuram
245 873 325 923 esse
341 848 573 947 provinciam
590 858 763 936 nostram,
788 872 910 946 neque
935 851 1053 947 ipsam
1080 852 1149 926 sub

75 965 163 1040 duro
178 987 309 1038 eorum
326 960 484 1058 imperio
506 958 647 1033 felicem
664 970 730 1035 aut
745 984 957 1059 prosperam
973 962 1148 1037 firturam.

119 1079 179 1152 Sic
195 1102 235 1149 se
251 1099 308 1149 rea
325 1074 538 1147 habuerunt
550 1096 669 1171 quum
683 1071 947 1147 Boerlmuuias
960 1074 1149 1147 scientiam

74 1189 252 1263 medicam
269 1188 308 1260 in
326 1185 484 1259 formam
511 1184 687 1284 redigere,
712 1187 805 1258 etin
823 1185 934 1259 decus
951 1196 989 1258 et
1004 1185 1148 1284 elegan-

75 1303 162 1375 tiam
179 1298 362 1396 quandam
379 1297 566 1371 vindicare
589 1297 759 1393 suscepit.
808 1295 879 1369 Vir
907 1295 979 1370 fuit
1007 1296 1067 1370 hic
1094 1297 1148 1370 in·

77 1413 189 1511 genio
212 1411 342 1509 paucis,
365 1410 557 1497 industria,
582 1419 621 1483 et
648 1408 823 1495 doctrina,
848 1418 887 1481 et
904 1408 1062 1494 scientia,
1087 1431 1149 1481 ne·

80 1524 168 1596 mini
184 1521 386 1608 secundus;
412 1522 521 1596 variis
546 1520 746 1620 disciplinis
772 1520 934 1608 medicis,
959 1531 1042 1595 tum
1072 1518 1151 1594 clic-

77 1635 185 1723 aaacas,
212 1646 294 1709 tum
323 1632 602 1722 mathematicis,
640 1635 753 1732 probe
781 1634 960 1721 imbutus,
999 1635 1150 1732 ipseque

80 1747 337 1839 Clemicorunt
354 1746 413 1821 sui
439 1746 550 1820 seculi
567 1746 672 1822 facile
687 1748 867 1846 princeps,
892 1746 985 1820 etin
1003 1744 1152 1819 scientia

79 1858 239 1935 herbaria
247 1859 415 1958 apprime
426 1859 588 1957 peritus3
613 1869 663 1947 et,
681 1859 782 1958 quod
799 1882 921 1933 rarum
933 1869 1152 1954 eotempore

79 1983 163 2060 erat,
199 1982 372 2046 veterum
401 1981 604 2059 auctomm,
642 1996 735 2071 quos
768 1970 926 2047 Ctemici
954 1972 1089 2070 pariter
1114 1979 1152 2043 et

80 2083 332 2160 Mathematici
352 2081 447 2156 male
464 2083 712 2182 neglexerant,
729 2084 890 2157 eximius
907 2093 1098 2157 venerator
1114 2091 1153 2155 et

80 2197 203 2271 cultor.
255 2197 417 2271 Tantam
428 2193 643 2283 doctrinam,
657 2206 874 2294 tantamque
886 2196 1054 2271 omnium
1068 2219 1153 2291 quae

79 2308 123 2381 ul
138 2333 251 2383 usum
261 2307 449 2383 medicum
462 2309 649 2406 pertinent
662 2333 786 2383 rerum
801 2309 1000 2395 scientiam,
1017 2307 1154 2403 insigni

82 2419 227 2516 pietate,
252 2419 441 2506 modestia,
461 2431 499 2493 et
514 2420 755 2517 benignitate,
772 2419 1011 2514 moribusque
1028 2418 1156 2489 hones-

87 2531 235 2604 tissimis
251 2540 289 2604 et
302 2530 573 2630 simplicissimis
597 2528 765 2611 ornavit;
790 2529 958 2622 miraque
985 2525 1158 2598 felicitate

85 2643 232 2740 gavisus
248 2641 327 2730 lirit,
346 2667 450 2717 suam
467 2643 570 2715 dere
587 2640 716 2740 quavis
729 2638 930 2725 scientiam,
946 2637 986 2710 in
1004 2635 1160 2711 formam

84 2756 309 2842 concinnam,
350 2756 590 2854 perspicuam,
632 2763 672 2828 et
707 2753 911 2852 elegantem
945 2749 1158 2849 redigendi;

86 2867 187 2964 cujus
202 2867 256 2941 rei
272 2865 537 2942 institutiones
552 2875 591 2940 et
608 2864 828 2965 Aptarismi
848 2864 927 2962 ejus
945 2862 1082 2938 eximia
1098 2863 1162 2937 do-

88 2989 256 3054 cumenta
271 2989 414 3054 extant.
465 2979 538 3053 Sua
555 2979 717 3076 denique
735 2989 924 3076 praecepta,
952 2976 1162 3074 eloquentia

89 3090 243 3166 mturali
258 3103 298 3166 et
314 3091 478 3191 simplice
490 3091 720 3165 auditoribus
731 3091 806 3165 suis
815 3091 868 3163 ita
878 3089 1162 3175 commendavit,

92 3212 135 3275 ut
159 3226 233 3277 non
263 3204 378 3278 modo
394 3212 672 3302 praceptorum,
698 3203 760 3277 sed
779 3201 986 3300 professoris
1003 3224 1163 3299 quoque,

94 3338 210 3390 amore
225 3317 328 3403 tacti,
351 3314 479 3389 laudes
495 3315 573 3414 ejus
590 3313 792 3390 incredibili
816 3314 944 3386 ardore
959 3335 1025 3409 per
1042 3320 1165 3385 totum

93 3436 265 3503 terrarum
281 3427 409 3503 orbem
427 3427 621 3502 deferrent.
671 3425 824 3500 Talibus
841 3422 1094 3497 monumentis
1110 3423 1166 3494 in-

93 3538 208 3628 nixus,
234 3550 274 3614 et
297 3538 462 3638 profecto
486 3539 534 3614 de
563 3538 745 3613 medicina
774 3549 812 3610 et
840 3559 974 3634 genere
1002 3533 1166 3609 humano

94 3653 229 3748 optime
244 3653 412 3739 meritus,
437 3652 503 3727 diu
533 3649 669 3737 floruit,
694 3649 822 3747 patriae
846 3647 968 3734 decus,
992 3656 1031 3720 et
1058 3647 1099 3720 in
1127 3671 1167 3720 re

95 3763 231 3837 malim
255 3787 459 3865 supremus.
511 3762 632 3838 Suum
660 3760 822 3857 denique
849 3760 1049 3857 inceptum,
1073 3782 1167 3857 opus

96 3896 177 3948 vere
193 3873 438 3964 Herculeum,
463 3874 510 3948 ad
526 3875 641 3951 tinem
658 3872 811 3946 feliciter
826 3871 1012 3973 perduxit,
1036 3881 1075 3946 et
1091 3875 1168 3945 AEs·

99 3985 225 4086 mlapii
240 3987 350 4074 mdes,
376 3986 471 4060 male
495 3985 701 4061 materiatus
727 3994 766 4059 et
791 3984 965 4070 ruinosas,
991 4006 1090 4058 novo
1106 3984 1167 4057 de-

101 4118 175 4171 core
191 4110 229 4173 et
244 4097 439 4198 splendore
455 4099 579 4174 denuo
598 4098 825 4172 instauravit.

92 4283 96 4291 .
145 4208 356 4288 Plurimum
383 4235 472 4289 vero
499 4210 628 4303 abluit,
653 4220 699 4287 ut
713 4208 923 4298 aedificium,
947 4208 1049 4308 quod
1065 4212 1170 4280 tanto
