2678 4794
167 399 238 468 310
579 407 829 466 cousracrus
1040 413 1242 470 esnxxv.

166 613 311 667 morum
338 611 447 664 omne
461 607 577 684 genus
604 580 839 681 profuturum
869 581 1123 681 potiusquam
1142 590 1247 664 noci-

166 715 296 780 tumm
312 725 398 776 esse.

217 832 424 891 Decccxcr.
444 807 577 905 Neque
593 805 747 881 demum
763 827 886 881 earnes
902 805 999 905 ipsae,
1028 807 1173 908 cibique
1191 834 1246 883 ex

166 929 213 1003 iis
237 922 391 1007 conflati,
418 918 709 993 febricitantibus
733 941 877 1016 semper
904 927 991 992 sunt
1016 918 1248 1018 deneganda,

167 1033 346 1136 imprimis
370 1029 440 1105 sub
464 1029 578 1105 finem
602 1030 798 1128 longarum
830 1028 1000 1116 febrium,
1036 1054 1121 1104 cum
1146 1056 1254 1130 saepe

165 1169 266 1223 mera
281 1140 450 1217 debilitas
474 1141 557 1241 plus
574 1165 689 1240 quam
704 1165 790 1216 vera
817 1140 927 1216 febris
943 1143 1046 1242 sigma
1062 1152 1182 1242 urget,
1208 1154 1255 1218 et

165 1255 250 1356 plus
275 1253 429 1353 periculi
453 1255 665 1339 minitatur余
690 1262 774 1327 tum
799 1252 918 1327 forsan
944 1253 1120 1327 alimento
1143 1256 1253 1354 quod

165 1390 263 1466 aeger
278 1389 507 1465 concoquere
521 1367 637 1466 possit
650 1363 876 1440 validissimo
897 1374 936 1439 et
953 1367 1114 1441 maxim'e
1129 1367 1253 1441 nutri-

167 1487 254 1552 ente
270 1502 365 1576 opus
380 1478 461 1566 erit,
477 1478 524 1551 ad
540 1476 687 1551 alendas
703 1474 860 1576 corporis
878 1478 985 1552 vires.
1131 1538 1133 1549 .

216 1612 447 1666 nccccxcn.
466 1589 569 1676 Quin
600 1599 640 1662 et
666 1590 756 1686 aegri
784 1588 824 1663 in
853 1590 923 1665 boc
949 1598 1047 1665 statu
1075 1614 1253 1667 nonnun-

169 1727 281 1803 quam
299 1701 390 1776 tales
406 1701 505 1777 cibos
521 1699 620 1776 ultro
635 1709 828 1798 appetunt,
850 1710 890 1775 et
904 1701 1013 1774 avide
1029 1714 1195 1793 sumunt,
1210 1712 1255 1780 et

169 1825 296 1915 postea
311 1814 444 1888 melius
472 1835 511 1886 se
538 1811 696 1894 babent余
720 1818 760 1884 et
784 1810 944 1909 plurima
972 1822 1011 1885 et
1028 1813 1134 1888 valde
1155 1817 1255 1891 mira

168 1927 411 2000 decantantur
437 1921 608 2019 exempla
635 1922 907 2019 aegrotantium,
939 1926 1017 2022 qui,
1051 1935 1254 2024 postquam

168 2036 294 2111 omnia
308 2033 556 2109 remediorum
573 2033 711 2109 auxilia
727 2033 861 2109 frustra
876 2046 1018 2112 tentata
1032 2036 1200 2129 fuissent,
1211 2050 1257 2116 et

168 2148 280 2223 diaeta
295 2147 428 2233 tenuis,
445 2171 530 2244 quae
545 2143 620 2219 fere
636 2148 848 2244 imperatur,
875 2148 999 2247 potius
1015 2150 1182 2227 nocuisse
1196 2152 1256 2227 vi-

170 2282 211 2336 sa
226 2267 330 2346 esset,
347 2281 419 2357 ope
430 2255 560 2332 multae
576 2258 692 2335 carnis
708 2257 815 2332 avide
826 2269 1033 2360 assumptae,
1050 2261 1110 2334 vel
1125 2263 1256 2361 potius

172 2371 366 2459 devoratae,
390 2396 413 2446 a
428 2370 557 2445 morbo
572 2393 649 2469 quo
665 2368 922 2446 conflictabaot
948 2372 1097 2471 penitus
1112 2372 1257 2453 fuerint

173 2481 327 2560 liberati.

224 2619 467 2674 occccxcm.
498 2597 731 2697 Hujusmodi
748 2622 833 2674 vero
850 2598 1025 2700 exemplis
1049 2622 1126 2675 noo
1140 2601 1259 2678 nimis

173 2694 369 2783 fidendum
385 2720 461 2794 est余
486 2721 731 2810 praeterquam
743 2712 842 2786 enim
857 2712 958 2811 quod
970 2711 1056 2787 talis
1066 2713 1106 2787 in
1120 2735 1161 2786 re
1178 2737 1260 2789 me-

174 2817 258 2891 dica
273 2818 448 2894 miracula
472 2823 678 2921 suspicione
693 2823 853 2920 quadarn
883 2850 962 2899 raro
987 2833 1139 2909 camut,
1161 2825 1258 2900 satis

174 2927 362 3026 probabile
378 2941 443 3016 est,
461 2932 668 3006 istiusmodi
686 2934 831 3008 morbos
847 2947 983 3024 acutos,
1004 2934 1067 3037 qui
1082 2932 1157 3008 solo
1173 2957 1257 3009 car-

174 3037 282 3111 nium
311 3062 381 3112 usu
411 3039 544 3115 sublati
573 3066 650 3116 esse
677 3043 908 3134 videbantur,
937 3048 1006 3122 alia
1029 3070 1173 3147 prorsus
1198 3071 1259 3124 ra-

175 3148 287 3238 tione,
304 3149 381 3225 sive
397 3150 481 3229 solis
498 3163 638 3228 naturae
654 3154 804 3244 viribus,
828 3159 906 3233 sive
920 3159 1060 3235 auxilio
1074 3159 1260 3236 remedio-

174 3285 261 3337 mm
276 3261 387 3337 fuisse
404 3273 556 3352 senatos,
572 3286 695 3363 neque
704 3274 849 3342 tantum
863 3273 1027 3347 carnium
1043 3272 1261 3371 appetitum

174 3374 279 3469 prius
294 3374 465 3449 accidisse
480 3398 593 3472 quam
619 3377 759 3453 malum
783 3379 863 3478 jam
891 3382 1054 3459 levatum
1083 3394 1193 3474 esset,
1219 3394 1262 3461 et

176 3483 266 3580 aegri
281 3484 469 3560 redeuntis
486 3486 648 3562 sanitatis
664 3490 759 3566 vires
774 3503 887 3592 atque
902 3495 1078 3570 beneficia
1096 3498 1263 3596 experiri

174 3593 402 3692 inciperent余
426 3597 479 3671 ita
496 3610 540 3672 ut
556 3598 638 3674 talis
654 3603 829 3679 voracitas
845 3606 991 3706 signum
1008 3607 1134 3705 potius
1149 3619 1194 3683 et
1207 3608 1264 3684 ef-

175 3704 294 3779 fectus
322 3730 436 3803 quam
466 3733 572 3787 eausa
599 3712 798 3789 sublevatae
823 3728 889 3792 aut
913 3717 1122 3793 decedentis
1146 3718 1264 3797 febris

175 3813 301 3889 haberi
317 3817 511 3902 debuisset.
563 3824 673 3900 Certe
689 3850 799 3902 nemo
815 3853 924 3904 sanus
940 3830 1075 3906 talibus
1085 3831 1264 3923 historiis,

176 3933 370 4026 utcunque
385 3954 482 4006 verae
497 3934 648 4026 fuerint,
677 3939 730 4012 ita
745 3939 915 4028 confidet,
932 3950 977 4015 ut
992 3943 1195 4040 prandium
1211 3967 1266 4023 ex

176 4037 343 4113 comibus
360 4064 427 4139 pro
443 4047 605 4122 remedio
621 4049 829 4148 praescribat
845 4050 1077 4142 febricitanti,
1087 4054 1170 4153 jam
1189 4056 1265 4133 for-

176 4149 272 4224 sitan
287 4155 487 4242 nauseanti,
503 4182 728 4261 omnemque
741 4160 801 4241 vel
816 4160 1116 4247 delicatissimum
1128 4168 1265 4249 cibum

176 4281 323 4358 prorsus
338 4263 547 4345 fastidienti.
