2694 4792
135 379 209 461 476
531 385 785 448 cousracrus
968 391 1065 446 car.
1084 389 1233 448 xxxrr.

137 569 362 673 vertiginem
387 567 580 645 inassuetis
608 567 795 644 inducunt
824 566 1022 660 (ccaxvrr,
1043 576 1237 670 ccrxxr),

138 707 313 762 nauseam
329 693 369 759 et
383 682 569 758 vomitum
594 704 692 782 saepe
707 689 884 767 movent;
910 681 1234 780 conjunctissime

137 798 241 873 enim
258 806 346 872 sunt
361 795 441 870 istae
457 794 679 883 affectiones,
704 794 759 869 ita
786 803 831 869 ut
859 794 1006 894 vertigo
1033 817 1231 886 nauseam,

138 933 274 985 nausea
288 909 523 1007 vertiginem,
547 905 719 982 facillime
747 915 855 995 creet,
881 916 920 981 et
951 917 1109 1007 utraque
1135 908 1230 985 ideo

138 1022 271 1097 iisdem
287 1022 403 1096 causis
419 1045 516 1121 saepe
525 1019 734 1096 inducatur.
786 1019 885 1096 Sunt
900 1019 969 1119 qui
982 1019 1143 1096 aedunt
1159 1045 1227 1096 na·

137 1134 376 1235 rigationem,
394 1134 588 1234 frequente
603 1133 819 1221 vomitione,
836 1143 875 1208 et
891 1157 1029 1209 nausea
1043 1132 1121 1207 fere
1143 1157 1224 1233 per·

137 1258 261 1347 petua,
276 1273 392 1347 quam
409 1249 450 1323 in
467 1271 543 1322 non
558 1248 711 1322 assuetis
723 1245 953 1346 perlongum
964 1255 1118 1344 tempus
1127 1269 1222 1346 προ

137 1359 262 1448 efficit,
287 1362 328 1435 in
354 1361 577 1460 quibusdam
597 1360 734 1435 morbis
761 1358 909 1459 egregie
934 1358 1121 1458 prodesse.
1169 1357 1221 1434 Et

137 1472 315 1572 profecto,
339 1473 371 1548 si
395 1472 509 1548 talem
536 1472 713 1548 medendi
739 1471 919 1546 rationem
947 1471 1116 1570 experiri
1142 1493 1219 1546 con·

137 1587 253 1674 venit,
278 1608 354 1661 non
370 1585 443 1662 alio
458 1585 572 1662 modo
587 1586 709 1664 tutius
733 1608 846 1684 quam
863 1584 1119 1682 navigatione,
1144 1583 1218 1659 diu·

136 1705 249 1774 tuma
264 1722 401 1775 nausea
415 1709 455 1775 et
470 1699 594 1775 crebra
607 1696 765 1774 vomitio
776 1696 928 1772 excitari
944 1705 1097 1796 potest:
1124 1695 1219 1772 raris·

136 1812 230 1886 sima
245 1813 344 1886 enim
361 1811 533 1911 exempla
550 1818 639 1886 sunt
657 1809 721 1884 ubi
731 1833 865 1885 nausea
874 1809 1078 1897 maritima,
1097 1833 1218 1908 quam·

136 1924 193 1998 vis
209 1925 456 2021 ingratissima
472 1933 511 1997 et
524 1922 734 2011 vehemens,
750 1923 892 2021 corpori
904 1920 1076 1996 multum
1092 1943 1217 1997 nocare-

134 2033 204 2119 rit;
231 2058 343 2109 nemo
355 2057 445 2108 vero
455 2032 614 2109 similem
628 2045 667 2110 et
676 2058 784 2134 saque
799 2034 1021 2110 diuturnam
1034 2057 1215 2119 nauscam,

134 2169 202 2245 per
217 2145 483 2221 medicamenta
497 2146 708 2236 excitatam,
736 2156 804 2222 aut
825 2146 985 2246 experiri
1003 2146 1121 2236 volet,
1145 2156 1214 2234 aut,

135 2258 166 2335 si
182 2258 354 2346 voluerit,
377 2258 531 2334 tolerare
547 2260 694 2359 poterit.

185 2394 443 2448 mccclxxxv.
469 2373 633 2447 Irritatio
648 2396 801 2472 quoque
816 2369 994 2459 laudum,
1012 2371 1137 2449 veluti
1152 2373 1212 2446 im-

133 2485 246 2559 misso
261 2483 382 2585 digito
396 2483 459 2560 vel
475 2509 607 2585 penna,
631 2495 783 2586 propter
798 2508 1022 2560 consensum
1047 2485 1118 2560 has
1143 2510 1214 2587 par·

132 2605 189 2670 tes
205 2597 302 2672 inter
318 2609 357 2673 et
373 2597 625 2674 ventriculum
653 2607 693 2672 et
717 2621 871 2697 magnos
900 2597 1096 2673 musculos
1111 2598 1213 2699 respi-

132 2709 283 2784 rationis
297 2711 367 2810 qui
382 2712 422 2786 in
434 2712 581 2787 vomitu
600 2713 817 2808 (ncnxxrn)
833 2708 1113 2799 convelluntur,
1129 2735 1212 2785 nau·

132 2844 243 2908 seam,
267 2823 370 2898 etad
387 2824 611 2899 vomendam
628 2825 774 2913 nixum,
800 2849 896 2923 saepe
924 2825 1043 2900 etiam
1068 2823 1210 2924 plenam

130 2933 385 3025 vomitionem,
410 2937 545 3024 efficit;
573 2936 660 3011 hinc
675 2961 772 3035 saepe
787 2935 890 3011 utilis
916 2935 966 3010 ad
997 2956 1210 3038 promoven·

129 3043 214 3117 dnm
235 3047 416 3121 actionem
444 3049 704 3123 medicamenti
730 3049 771 3123 in
800 3046 1005 3123 difficulter
1028 3047 1212 3122 vomenti·

129 3155 220 3243 bus;
245 3157 347 3233 haud
363 3184 443 3234 raro
459 3161 571 3236 etiam
594 3160 699 3237 nullo
722 3172 912 3260 assumpto
938 3162 1213 3236 medicamento

128 3270 265 3346 sufficit
291 3271 338 3346 ad
354 3273 538 3348 vomitum
569 3275 743 3349 ciendum
774 3273 814 3347 in
845 3274 889 3347 iis
918 3275 988 3373 qui
1014 3271 1125 3348 facile
1150 3296 1212 3346 vo-

127 3393 250 3473 munt,
275 3385 306 3459 si
328 3385 438 3459 modo
455 3386 681 3462 ventriculus
698 3384 760 3461 vel
787 3385 930 3484 plenior
944 3387 1210 3480 (ucccmu)

126 3493 249 3581 fuerit,
267 3496 326 3571 vel
343 3498 432 3573 cibis
447 3498 570 3574 crudis
586 3510 653 3576 aut
668 3499 850 3599 corruptis
865 3510 1056 3598 gravatus,
1074 3510 1116 3574 et
1125 3521 1212 3573 nau·

127 3604 344 3683 seabundus.

175 3732 461 3798 uccc'rxxxvr.
486 3721 696 3798 Vomitoria
728 3723 1001 3798 medicamenta
1029 3722 1212 3824 plurimos

125 3829 298 3905 salutares
314 3832 468 3909 effectus
485 3848 671 3934 praestant,
696 3860 770 3910 non
801 3835 915 3911 modo
939 3835 981 3909 in
998 3834 1211 3912 ventriculo

124 3942 215 4040 ipso,
232 3945 473 4044 partibusque
488 3949 630 4036 vicinis,
654 3960 721 4024 aut
737 3948 953 4047 conjunctis,
976 3958 1049 4023 aut
1067 3950 1210 4048 compi·

124 4056 300 4146 rantibus,
325 4081 454 4133 verum
472 4071 510 4135 et
526 4062 566 4135 in
582 4062 834 4137 remotissimis
862 4086 968 4162 saepe,
991 4072 1037 4147 et
1053 4063 1209 4161 quidem

123 4167 163 4240 in
180 4178 261 4242 toto
276 4194 434 4271 corpore.
485 4172 636 4249 Horum
654 4174 855 4252 effectuum
872 4175 935 4250 alii
951 4175 1158 4265 manifesti,
1173 4183 1209 4248 et

123 4279 315 4383 simplices,
338 4296 379 4362 et
393 4284 585 4364 intellectu
601 4288 767 4367 facillimi
795 4297 907 4376 suun
932 4286 997 4364 alii
1025 4289 1119 4366 satia
1146 4287 1209 4364 ob·
