2678 4794
146 436 221 520 166
385 471 388 479 ·
548 446 799 516 consracrua
1014 461 1099 516 car.
1118 457 1223 517 xvir.

107 622 360 742 linquinatus
387 640 481 731 (mx,
510 642 662 734 nuxrv),
691 636 810 710 forsan
827 647 866 708 et
881 635 985 735 aliter
1001 661 1152 734 quoque
1168 636 1226 712 vi·

145 757 259 828 tiatus
276 758 417 848 (onxv)
433 773 498 848 per
513 772 732 823 consensum
749 748 958 846 (cccuvln)
976 748 1147 846 aliquem,
1178 761 1231 823 ut

147 867 304 951 videtur,
343 862 513 936 omnibus
545 861 791 960 inspirationis
824 861 998 934 musculis
1029 861 1225 959 impertit:

127 980 247 1057 ‚hunc
274 976 480 1063 stimulum,
508 976 649 1074 quippe
674 974 740 1073 qui
769 973 874 1047 nobis
890 972 1073 1047 familiaris
1100 972 1159 1057 sit,
1185 970 1228 1042 in

147 1089 335 1163 communi
368 1089 605 1187 respiratione
638 1088 705 1160 vix
737 1086 978 1186 percipimus:
1020 1108 1159 1169 verum,
1195 1083 1229 1157 si

146 1202 288 1275 (liutius
316 1201 489 1299 spiritum
516 1199 741 1286 cohibemus,
764 1198 924 1272 eundem
954 1198 1154 1271 molestum
1187 1203 1228 1269 et

148 1313 301 1411 quidem
330 1311 599 1386 validissimum
628 1334 705 1385 esse
734 1311 923 1398 sentimus,
956 1319 995 1383 et
1022 1308 1124 1408 quali
1150 1330 1228 1382 non

121 1508 126 1529 ι
146 1449 341 1523 possumus
365 1424 536 1498 resistere.
1240 1494 1243 1498 ,

153 1629 157 1636 p
197 1561 291 1612 unx.
310 1535 377 1610 Ad
394 1535 669 1633 inspirationem
684 1559 791 1635 porro
801 1527 952 1610 conatiis
964 1533 1105 1633 aliquid
1121 1531 1227 1630 cujus

149 1638 284 1725 conscii
309 1649 422 1723 simus
459 1647 681 1746 requiritur:
724 1648 904 1746 expiratio
932 1658 1063 1745 sponte
1087 1655 1127 1719 et
1150 1632 1230 1718 sirie

149 1771 285 1837 conatu
302 1761 438 1855 (omn)
451 1759 647 1859 perficitur.
700 1759 806 1832 Hinc
822 1758 977 1833 ultimus
989 1759 1028 1831 in
1041 1756 1230 1832 moribun-

150 1875 199 1947 do
228 1874 329 1947 nisus
358 1872 546 1969 inspiratio
563 1882 640 1957 est;
670 1872 831 1945 animam
861 1872 939 1946 sine
955 1880 1089 1945 conatu
1107 1867 1231 1955 efflat3

149 2009 237 2058 nam
254 2007 379 2057 omnes
393 1984 432 2056 in
449 1984 677 2082 expiratione
694 1983 914 2058 moriuntur.

200 2118 311 2171 an1.
336 2095 548 2193 Respiratio
564 2095 673 2169 variis
690 2095 816 2169 usibus
845 2096 1007 2170 inservit.
1056 2094 1233 2192 Plerique

151 2207 286 2282 medici
303 2207 562 2282 existimarunt
578 2207 673 2282 hanc
689 2231 763 2282 non
782 2207 914 2282 utilem
932 2209 1043 2283 modo
1059 2232 1147 2296 esse,
1168 2207 1232 2282 seo

152 2343 298 2419 prorsus
325 2318 571 2407 necessariam,
598 2318 734 2394 scilicet
758 2320 846 2419 quia
869 2320 916 2394 ei
936 2345 1029 2419 opus
1058 2332 1162 2408 esset,
1186 2328 1234 2396 ut

153 2432 354 2520 crederent,
370 2431 417 2505 ad
434 2431 623 2531 sanguinis
639 2433 834 2507 cucuitum
845 2457 910 2532 per
926 2432 1139 2532 pulmonem
1151 2457 1234 2532 pro·

153 2546 395 2618 movendum.
446 2544 584 2619 Pulmo
602 2546 712 2633 enim,
737 2546 855 2620 donec
871 2545 1048 2644 collapsus
1073 2555 1111 2620 et
1135 2568 1234 2620 oom-

154 2679 299 2751 pressus
310 2667 375 2743 est,
392 2654 511 2729 veluti
523 2657 563 2729 in
575 2657 683 2745 foetu,
699 2658 759 2730 vel
772 2660 880 2734 etiam
894 2659 932 2730 in
947 2658 1074 2732 adulto
1083 2658 1236 2733 homine

156 2766 215 2855 (ut
231 2767 384 2861 quidam
401 2775 596 2865 putarunt)
613 2769 683 2841 sub
700 2770 977 2866 expirationem,
991 2780 1139 2846 tantum
1156 2792 1236 2845 san-

154 2875 279 2971 guinis
303 2879 462 2972 recipere
486 2880 628 2974 nequit,
663 2884 845 2977 quantum
880 2906 942 2954 cor
965 2882 1140 2957 dextrum
1164 2881 1237 2982 ipsi

68 3030 73 3043 2
155 2985 285 3058 tradat.
336 2987 383 3059 In
400 2986 494 3060 foetu
521 2989 637 3084 igitur
653 2990 722 3063 alia
738 2990 825 3065 lruic
841 2995 1011 3091 sanguini
1034 3005 1138 3094 patet
1153 2995 1235 3070 viar

155 3097 195 3168 in
219 3094 347 3170 adulto
372 3121 459 3169 vcro
483 3097 644 3187 homine,
682 3102 746 3174 ubi
771 3103 873 3177 nulla
908 3106 977 3179 alia
1002 3115 1068 3193 est,
1101 3105 1239 3182 medici

156 3217 336 3307 putarunt
352 3211 566 3306 sanguinem
584 3211 623 3284 in
641 3211 818 3310 pulmone
841 3217 1117 3315 quodammodo
1132 3222 1240 3295 accu-

155 3320 300 3407 mulari,
337 3322 458 3420 primo
494 3322 680 3421 ingratum
707 3329 877 3425 quamvis
913 3329 1034 3404 levem
1061 3331 1240 3407 molestiae

157 3455 317 3518 sensum,
340 3457 426 3506 cum
444 3433 644 3533 inspirandi
661 3439 883 3537 cupiditate;
909 3453 1035 3539 postea
1051 3468 1150 3530 vero,
1167 3442 1241 3518 nisi

157 3541 259 3639 prius
284 3543 396 3617 homo
421 3547 592 3643 spiritum
628 3553 791 3638 traxerit,
826 3551 1049 3629 horrendum
1086 3555 1241 3630 suffoca·

158 3651 269 3727 tionis
287 3677 435 3730 sensum
452 3657 637 3735 daturum.
690 3662 845 3738 Sibimet
874 3691 1025 3764 quoque
1053 3692 1241 3766 persuase-

158 3769 484 3864 runt-sanguinem
501 3773 613 3847 etiam
632 3775 701 3849 sub
730 3774 1004 3874 inspirationem
1023 3780 1089 3853 vix
1106 3780 1242 3855 melius

156 3899 223 3974 per
249 3876 466 3973 pulmonem
494 3885 668 3959 transire:
710 3888 880 3984 quamvis
914 3891 1012 3963 enim
1046 3891 1241 3990 aliquanto

155 3987 274 4084 major
291 3993 477 4090 sanguinis
494 3997 597 4094 copia
614 3998 653 4070 in
670 3997 740 4071 hoc
770 4010 869 4075 statu
885 4003 923 4075 in
949 4003 1167 4102 pulmonem
1184 4027 1240 4078 re-

156 4100 230 4199 cipi
247 4111 379 4200 posset,
395 4103 490 4179 hanc
506 4116 687 4203 putarunt
703 4135 799 4209 aegre
824 4137 890 4212 per
918 4138 1005 4188 eum
1023 4116 1240 4203 transmitti,

156 4221 308 4311 pmpter
339 4215 499 4290 ramulos
534 4218 797 4296 minutissimos
829 4226 970 4299 arteriae
999 4224 1240 4325 palmonolr'c,

156 4322 327 4405 distantis
352 4326 492 4407 cellulis
520 4329 717 4431 pulmonis,
743 4335 855 4414 nimis
879 4360 1114 4438 compressos.
1166 4338 1242 4414 Sed
