2678 4794
140 307 212 376 222
413 329 416 336 ·
555 317 860 376 consrucruss
1042 317 1126 371 car.
1143 313 1208 368 xx.

139 501 352 595 (cccxx1v),
377 496 608 580 observatum
633 493 693 566 vel
716 450 871 566 demum
888 501 1039 590 propter
1054 492 1208 565 vesicam

23 644 29 658 ⁴
138 611 257 708 ipsam
284 608 460 693 callosam,
484 606 717 691 solimorum,
744 603 952 689 ulceratum,
978 603 1037 675 vel
1062 613 1208 701 propter

138 721 341 819 plurimum
358 743 437 818 pus,
459 730 523 792 aut
541 717 755 818 sanguinem
774 739 974 790 mucumve
991 717 1208 802 crassiorem,

137 833 199 907 vel
214 830 404 916 calculum,
422 829 556 904 collum
570 831 699 904 vesicae
715 828 952 914 obstmentia,
968 826 1029 900 vel
1046 827 1208 925 denique

135 955 284 1044 propter
311 943 402 1015 vitia
435 941 534 1016 haud
563 967 679 1041 pauca
703 939 878 1028 uretltroe,
915 940 1123 1025 obstructae,
1151 938 1208 1013 vel

68 1092 69 1097 ,
134 1064 331 1141 coarctata,
357 1054 416 1127 vel
445 1055 716 1141 concrescentia
751 1053 960 1153 cujusmodi
994 1052 1089 1125 mala
1119 1076 1208 1127 non·

133 1190 325 1264 nunquam
344 1167 533 1240 observata
562 1176 649 1240 sunt
679 1165 757 1238 sine
774 1164 849 1239 ulla
864 1175 952 1237 nota
969 1188 1087 1251 causa,
1113 1189 1207 1264 saepe

133 1301 219 1351 vero
235 1289 320 1376 post
336 1278 482 1352 morbos
499 1301 672 1352 venereos
688 1276 858 1374 imperite
874 1285 1054 1361 tractatos,
1066 1301 1206 1374 gonor-

132 1387 268 1463 rkaeom
285 1388 511 1465 virulentam
536 1389 718 1489 imprimis
735 1389 915 1488 perraria
933 1388 1207 1478 medicamenta,

131 1502 329 1597 praesertim
343 1503 581 1600 astringentia
594 1511 632 1576 et
644 1502 747 1589 acria,
761 1501 944 1574 ueletiam
963 1501 1048 1575 satis
1065 1500 1207 1591 blanda,

131 1612 171 1686 in
187 1613 380 1689 uretbrom
396 1613 527 1701 infusa,
553 1624 712 1688 sanatam
731 1613 791 1688 vel
807 1637 1046 1712 suppressam.

180 1749 400 1803 nccxxxnc.
425 1727 630 1814 Postremo,
655 1751 676 1800 a
696 1735 846 1824 stupore
861 1725 1022 1824 generali
1048 1725 1206 1817 (cxmu,

132 1849 303 1939 cnxxm)
329 1840 475 1915 cerebro
491 1839 641 1915 maleae
657 1837 815 1912 habente
836 1838 998 1935 (ccxcv)
1024 1837 1143 1913 veluti
1167 1840 1206 1912 in

130 1950 291 2027 febribus
307 1950 540 2050 quibusdam,
566 1951 672 2025 urina
687 1948 901 2047 reprimitur
926 1950 965 2021 in
983 1951 1113 2038 vesica,
1143 1950 1206 2026 sic

131 2061 193 2135 ubi
210 2087 307 2160 aeger
325 2087 446 2161 neque
463 2061 613 2137 solitum
632 2059 837 2145 stimulum,
855 2062 1069 2159 nequidem
1087 2062 1207 2139 multu

129 2175 333 2272 graviorem
351 2175 537 2273 percipere
553 2182 685 2273 potest,
702 2196 825 2270 neque
840 2171 942 2246 fibrae
954 2174 1068 2271 ipsius
1077 2176 1206 2250 vesicae

128 2285 168 2358 in
193 2288 481 2361 contractionem
511 2286 674 2371 cieutur;
714 2309 791 2383 quo
818 2283 863 2358 fit
892 2295 935 2358 ut
964 2285 1042 2358 haec
1058 2287 1206 2361 tandem

128 2397 220 2472 adeo
236 2398 478 2487 distendatur,
504 2410 548 2474 ut
563 2397 760 2498 paralytica
776 2397 883 2485 facta,
911 2398 977 2470 vix
993 2406 1059 2471 aut
1075 2422 1125 2472 ne
1141 2399 1204 2473 vix

29 2539 33 2548 ·
129 2511 282 2608 quidem
315 2511 363 2584 ad
389 2509 531 2608 justam
564 2510 850 2586 contractionem
883 2509 1019 2582 iterum
1054 2511 1203 2586 excitari

129 2626 252 2721 possit.
296 2624 453 2722 Signum
471 2625 510 2696 in
522 2624 694 2708 febribus,
711 2630 750 2695 et
767 2645 852 2694 sane
869 2621 1041 2694 omnibus
1058 2622 1203 2710 morbis,

129 2759 272 2832 semper
288 2736 439 2831 malum,
456 2758 722 2833 nonnunquam
741 2733 817 2806 fere
833 2731 975 2806 lethale.

177 2869 321 2921 uccxn.
347 2848 389 2920 A
405 2871 594 2945 suppressa
618 2847 683 2920 diu
709 2844 825 2930 urina,
851 2846 1029 2942 quiequid
1052 2847 1203 2922 demum

129 2956 207 3053 ejus
224 2958 306 3030 vitii
323 2981 430 3030 causa
445 2958 567 3042 suerit,
592 2958 722 3054 ingens
739 2957 865 3042 oritur,
890 2967 928 3030 et
953 2957 1028 3030 fere
1052 2959 1203 3041 incredi-

128 3067 210 3140 bilis
226 3066 434 3164 aliquando,
451 3069 578 3141 vesieae
594 3067 779 3153 distentio,
804 3069 1000 3164 oppressio,
1026 3071 1201 3158 molestia,

128 3178 241 3267 dolor,
265 3202 340 3251 non
370 3178 484 3276 ipsius
510 3177 632 3266 modo,
658 3178 721 3252 sed
746 3179 906 3275 partium
926 3181 1142 3271 vicinarum,
1166 3193 1202 3257 et

128 3315 213 3365 sane
231 3291 391 3366 universi
407 3290 587 3388 corporis3
624 3302 663 3364 et
686 3315 858 3390 spasmus
873 3291 1005 3380 forsan,
1032 3296 1093 3369 vel
1120 3318 1200 3370 con·

128 3406 257 3478 tractio
273 3402 525 3502 insuperabilis
549 3402 705 3477 musculi
722 3404 787 3501 qui
805 3407 935 3477 vesicae
952 3406 1091 3480 ostium
1108 3406 1200 3481 clau-

127 3515 193 3600 dit,
219 3516 386 3590 debilitas
413 3523 480 3588 aut
506 3538 591 3589 vera
619 3515 792 3614 paralysis
827 3517 1023 3606 (cccxx1v,
1054 3528 1200 3616 Lxxx1)

126 3625 277 3700 aliarum
295 3627 468 3701 fibrarum
486 3650 571 3725 quae
586 3629 841 3702 contrahentes
868 3653 948 3702 eam
976 3629 1125 3728 deplere
1149 3656 1201 3705 so·

125 3739 216 3826 lent,
235 3740 288 3812 ita
304 3749 348 3813 ut
364 3763 412 3812 ne
428 3740 581 3837 quidem
599 3741 760 3816 immissa
775 3739 897 3815 fistula
913 3740 960 3813 ad
972 3741 1201 3817 educendam

66 3889 69 3895 ’
125 3852 281 3938 urinam,
307 3851 385 3926 haec
409 3851 589 3950 profluat;
628 3852 869 3927 inflammatio
885 3854 1024 3941 vesicae,
1050 3866 1089 3928 et
1113 3877 1201 3954 gan·

123 3988 244 4064 graena
260 3975 326 4038 aut
342 3964 531 4050 luceratio;
568 3966 730 4040 universi
747 3967 905 4062 corporis
932 3966 1055 4063 gravis
1080 3966 1200 4065 primu

123 4078 289 4164 irritatio,
314 4076 448 4150 deinde
463 4101 608 4163 nausea,
624 4076 799 4162 vomitus,
817 4077 970 4173 vertigo,
991 4088 1123 4176 stupor
1137 4102 1200 4178 ge-

122 4189 261 4277 neralis,
281 4188 475 4262 inundatio
493 4189 607 4262 totius
625 4210 750 4262 massae
766 4188 954 4286 sanguinis
971 4186 1129 4263 humore
1145 4191 1200 4265 in·
