2678 4794
123 342 210 399 car.
226 340 264 393 v.
412 334 631 394 numerum
650 336 937 395 antonomum.
1146 328 1195 403 dt

122 514 348 616 multiplicia,
375 514 708 619 amplificationem,
725 517 1032 604 constrictionem,
1049 539 1195 592 conver-

125 633 260 707 sionem
276 630 314 702 in
331 624 390 715 os,
406 629 600 728 polypum,
617 627 905 726 palpitationem,
921 651 1119 728 apocopen,
1144 631 1197 704 in-

125 742 422 826 flammationem,
439 739 683 828 debilitatem,
711 748 749 813 et
764 740 849 815 ideo
864 740 1060 815 nonnullos
1085 743 1198 816 animi

124 855 282 941 affectus,
299 854 510 927 comitatur.
705 930 708 937 ,
759 934 762 939 ,

167 989 405 1043 ccxxxvm.
432 964 562 1038 Oritur
585 986 736 1063 quoque
759 966 807 1043 ab
827 965 929 1039 omni
946 966 1106 1065 spirandi
1131 966 1200 1040 dif-

127 1079 294 1166 ficultate,
328 1078 596 1179 qualiscunque
621 1078 699 1174 ejus
723 1102 830 1152 causa
854 1077 987 1163 fuerit;
1021 1079 1199 1177 impedita

127 1194 297 1267 nimirum
321 1189 555 1264 exhalatione
579 1191 790 1288 mephitise
814 1191 998 1288 pulmone,
1026 1202 1064 1264 et
1082 1203 1199 1265 muta-

129 1305 224 1377 tione
249 1304 320 1377 ista
342 1301 491 1377 salutari
516 1303 704 1401 sanguinis
733 1326 818 1399 quae
842 1326 908 1399 per
936 1303 1107 1400 spiritum
1131 1303 1197 1378 fit:

131 1424 169 1489 et
183 1415 358 1513 sanguine
371 1414 491 1489 forsan
506 1415 587 1513 ipso
604 1415 728 1488 minus
759 1412 870 1486 libere
894 1438 959 1512 per
982 1414 1199 1513 pulmonem

133 1534 343 1601 nauseante.
381 1526 612 1624 Hujusmodi
628 1526 792 1601 anxietas
802 1526 984 1625 profunde
996 1528 1036 1600 in
1053 1539 1200 1627 pectore

78 1662 82 1669 ·
131 1640 291 1713 sentitur.

171 1772 360 1825 ccxxxrx.
379 1749 532 1824 Dicitur
547 1773 698 1847 quoque
713 1750 798 1824 oriri
816 1776 837 1823 a
853 1748 1057 1823 difficiliore
1073 1751 1199 1823 transi-

129 1872 166 1937 tu
182 1862 372 1963 sanguinis
387 1885 454 1961 per
463 1861 579 1959 jecur,
596 1854 799 1962 caeterique
814 1864 951 1936 viscera
967 1860 1183 1935 abdominis.

172 1998 256 2050 cxc.
282 1974 416 2049 Genus
439 1973 627 2072 quoddam
652 1975 846 2049 anxietatis
869 1971 1200 2073 hypochottdriacis

129 2082 318 2175 familiaris,
342 2094 383 2159 et
398 2085 674 2175 molestissimae,
700 2088 818 2160 oritur
841 2066 1067 2161 astom‘aicho
1083 2095 1121 2158 et
1145 2086 1200 2159 in-

130 2198 275 2285 testinis,
299 2196 361 2271 vel
378 2197 509 2271 multo·
527 2199 631 2272 crudi
660 2208 772 2296 atque
788 2199 950 2296 corrupti
977 2198 1048 2271 cibi
1075 2207 1200 2294 potus-

131 2332 197 2406 que
211 2332 324 2383 onere
338 2310 509 2408 gravatm,
534 2308 594 2382 vel
610 2318 691 2383 aire
706 2334 772 2408 per
788 2310 1058 2383 concoctionem
1077 2309 1200 2381 minus

131 2442 250 2494 sanam
276 2421 455 2495 extricato
481 2421 659 2495 distentis.
724 2419 808 2493 Tali
836 2443 955 2503 onere,
980 2416 1040 2490 vel
1065 2418 1200 2491 disten-

132 2532 239 2618 tione,
256 2532 490 2618 ventriculus,
507 2554 688 2631 organum
704 2529 1018 2615 delicatissimum,
1040 2527 1136 2599 male
1152 2527 1201 2600 af-

131 2640 258 2717 licitur.
308 2643 375 2718 Nil
390 2646 528 2720 mium
554 2644 671 2742 igitur
688 2642 717 2716 si
734 2664 882 2716 sensum
911 2641 1098 2739 ingratum
1115 2639 1201 2722 dat;
1314 2700 1320 2709 .

130 2755 216 2853 quin
241 2764 282 2830 et
307 2755 389 2853 ejus
417 2755 593 2831 distentio
621 2754 776 2827 liberum
807 2754 901 2852 septi
917 2751 1110 2827 transversi
1140 2751 1201 2823 de-

131 2890 291 2943 scensum
309 2867 478 2965 impedit,
503 2878 543 2940 et
571 2868 622 2942 sic
649 2866 878 2966 respirationi
894 2864 1007 2939 obest.
1058 2863 1201 2961 Hujus-

131 2981 225 3054 modi
239 2980 418 3067 anxietas,
434 2979 589 3078 expulso
605 2987 695 3066 aete,
717 2978 877 3052 multum
895 2989 934 3053 et
949 2977 1072 3052 subito
1088 2975 1201 3049 levari
1238 2984 1241 2988 ’

132 3200 363 3301 dignoscitur.
414 3203 460 3276 In
478 3204 534 3276 his
549 3202 739 3301 exemplis,
756 3203 931 3290 anxietas,
955 3201 1002 3274 ad
1018 3199 1201 3273 ventricu-

134 3311 219 3402 lum,
234 3316 297 3390 aed
313 3338 447 3414 parum
463 3326 638 3402 accurate,
656 3314 778 3389 referri
795 3313 897 3388 solet.

176 3450 279 3503 cxc1.
304 3427 445 3501 Febres
482 3451 632 3525 quoque
669 3428 883 3526 omnigenas
919 3423 1083 3498 anxietas
1107 3444 1202 3520 saepe

135 3539 333 3626 comitatur,
358 3562 460 3613 nunc
487 3540 633 3638 gravior
660 3562 760 3612 nunc
783 3537 921 3612 levior:
948 3547 1028 3611 tum
1053 3543 1203 3633 propter

135 3650 334 3746 generalem
359 3650 598 3737 debilitatem,
633 3659 716 3724 tum
754 3660 903 3748 propter
939 3649 1202 3746 sanguinema

137 3762 318 3859 superficie
333 3764 492 3859 corporis
508 3762 670 3861 pulsum,
686 3763 801 3861 inque
817 3763 960 3862 magnis
977 3760 1071 3835 vasis
1099 3780 1201 3833 accu-

138 3871 323 3961 mulatum,
340 3873 459 3948 veluti
474 3875 671 3974 ingruente
686 3874 787 3948 febre
803 3874 1093 3948 intermittente:
1118 3879 1202 3944 tum

140 4003 278 4083 quoque
293 3995 444 4084 propter
460 3987 707 4062 ventriculum
725 3985 820 4060 male
836 3986 1022 4065 affectum.
1039 3994 1076 4056 et
1092 4000 1202 4055 onere

139 4092 202 4167 cibi
223 4097 329 4171 crudi
355 4107 422 4171 aut
445 4100 607 4198 corrupti
631 4109 838 4199 gmvamm,
866 4098 926 4172 vel
949 4095 1071 4171 multo
1095 4099 1202 4190 potu,

141 4201 311 4305 imprimis
326 4208 455 4299 calido,
472 4211 664 4301 medicam,
681 4210 886 4287 distentum
901 4220 941 4285 et
955 4209 1201 4283 nauseantem·
