<?xml version="1.0" encoding="UTF-8"?>
<!DOCTYPE html PUBLIC "-//W3C//DTD XHTML 1.0 Transitional//EN"
    "http://www.w3.org/TR/xhtml1/DTD/xhtml1-transitional.dtd">
<html xmlns="http://www.w3.org/1999/xhtml" xml:lang="en" lang="en">
 <head>
  <title>
</title>
<meta http-equiv="Content-Type" content="text/html;charset=utf-8" />
  <meta name='ocr-system' content='tesseract 3.04.00' />
  <meta name='ocr-capabilities' content='ocr_page ocr_carea ocr_par ocr_line ocrx_word'/>
</head>
<body>
  <div class='ocr_page' id='page_1' title='image "./conspectusmedic01greggoog_0295.png"; bbox 0 0 2678 4794; ppageno 0'>
   <div class='ocr_carea' id='block_1_1' title="bbox 132 302 1207 376">
    <p class='ocr_par' dir='ltr' id='par_1_1' title="bbox 132 302 1207 376">
     <span class='ocr_line' id='line_1_1' title="bbox 132 302 1207 376; baseline 0.003 -4"><span class='ocrx_word' id='word_1_1' title='bbox 132 302 205 372; x_wconf 75' lang='lat' dir='ltr'>tm</span> <span class='ocrx_word' id='word_1_2' title='bbox 483 312 778 376; x_wconf 75' lang='lat' dir='ltr'>conaracrus</span> <span class='ocrx_word' id='word_1_3' title='bbox 1020 318 1107 373; x_wconf 77' lang='lat' dir='ltr'>car.</span> <span class='ocrx_word' id='word_1_4' title='bbox 1124 319 1207 375; x_wconf 77' lang='lat' dir='ltr'>axi</span> 
     </span>
    </p>
   </div>
   <div class='ocr_carea' id='block_1_2' title="bbox 108 490 1230 4289">
    <p class='ocr_par' dir='ltr' id='par_1_2' title="bbox 126 490 1211 819">
     <span class='ocr_line' id='line_1_2' title="bbox 132 490 1211 596; baseline 0.006 -27"><span class='ocrx_word' id='word_1_5' title='bbox 132 493 243 570; x_wconf 87' lang='lat' dir='ltr'>fantis</span> <span class='ocrx_word' id='word_1_6' title='bbox 259 495 377 596; x_wconf 86' lang='lat' dir='ltr'>magis</span> <span class='ocrx_word' id='word_1_7' title='bbox 392 492 610 580; x_wconf 86' lang='lat' dir='ltr'>stimulatur,</span> <span class='ocrx_word' id='word_1_8' title='bbox 628 491 768 565; x_wconf 88' lang='lat' dir='ltr'>dolores</span> <span class='ocrx_word' id='word_1_9' title='bbox 779 490 964 589; x_wconf 78' lang='lat' dir='ltr'>puerperii</span> <span class='ocrx_word' id='word_1_10' title='bbox 952 491 1211 583; x_wconf 88' lang='lat' dir='ltr'>adoriuntur,</span> 
     </span>
     <span class='ocr_line' id='line_1_3' title="bbox 126 597 1220 707; baseline -0.001 -23"><span class='ocrx_word' id='word_1_11' title='bbox 126 606 287 706; x_wconf 85' lang='lat' dir='ltr'>Juvaute</span> <span class='ocrx_word' id='word_1_12' title='bbox 298 631 403 707; x_wconf 82' lang='lat' dir='ltr'>saepe</span> <span class='ocrx_word' id='word_1_13' title='bbox 413 615 456 679; x_wconf 92' lang='lat' dir='ltr'>ut</span> <span class='ocrx_word' id='word_1_14' title='bbox 467 603 625 690; x_wconf 77' lang='lat' dir='ltr'>videtur</span> <span class='ocrx_word' id='word_1_15' title='bbox 637 602 826 676; x_wconf 82' lang='lat' dir='ltr'>mohmrne</span> <span class='ocrx_word' id='word_1_16' title='bbox 837 597 1220 683; x_wconf 83' lang='lat' dir='ltr'>naturalradmenses</span> 
     </span>
     <span class='ocr_line' id='line_1_4' title="bbox 131 718 393 819; baseline -0.024 -22"><span class='ocrx_word' id='word_1_17' title='bbox 131 718 393 819; x_wconf 86' lang='lat' dir='ltr'>producendos.</span> 
     </span>
    </p>

    <p class='ocr_par' dir='ltr' id='par_1_3' title="bbox 108 825 1213 2499">
     <span class='ocr_line' id='line_1_5' title="bbox 182 825 1208 927; baseline -0.007 -18"><span class='ocrx_word' id='word_1_18' title='bbox 182 854 366 909; x_wconf 85' lang='lat' dir='ltr'>occxcrx.</span> <span class='ocrx_word' id='word_1_19' title='bbox 393 828 461 902; x_wconf 90' lang='lat' dir='ltr'>Isti</span> <span class='ocrx_word' id='word_1_20' title='bbox 477 826 619 903; x_wconf 91' lang='lat' dir='ltr'>dolores</span> <span class='ocrx_word' id='word_1_21' title='bbox 634 826 814 927; x_wconf 90' lang='lat' dir='ltr'>paulatim</span> <span class='ocrx_word' id='word_1_22' title='bbox 829 825 1057 926; x_wconf 81' lang='lat' dir='ltr'>frequentius</span> <span class='ocrx_word' id='word_1_23' title='bbox 1086 852 1208 902; x_wconf 88' lang='lat' dir='ltr'>recru-</span> 
     </span>
     <span class='ocr_line' id='line_1_6' title="bbox 131 940 1209 1040; baseline -0.009 -19"><span class='ocrx_word' id='word_1_24' title='bbox 131 945 317 1020; x_wconf 85' lang='lat' dir='ltr'>descentes</span> <span class='ocrx_word' id='word_1_25' title='bbox 341 951 489 1015; x_wconf 89' lang='lat' dir='ltr'>uterum</span> <span class='ocrx_word' id='word_1_26' title='bbox 511 941 646 1040; x_wconf 90' lang='lat' dir='ltr'>ipsum,</span> <span class='ocrx_word' id='word_1_27' title='bbox 670 948 710 1015; x_wconf 90' lang='lat' dir='ltr'>et</span> <span class='ocrx_word' id='word_1_28' title='bbox 725 940 793 1039; x_wconf 90' lang='lat' dir='ltr'>qui</span> <span class='ocrx_word' id='word_1_29' title='bbox 808 963 895 1014; x_wconf 89' lang='lat' dir='ltr'>cum</span> <span class='ocrx_word' id='word_1_30' title='bbox 911 963 956 1014; x_wconf 92' lang='lat' dir='ltr'>eo</span> <span class='ocrx_word' id='word_1_31' title='bbox 971 941 1209 1014; x_wconf 88' lang='lat' dir='ltr'>consentiunt</span> 
     </span>
     <span class='ocr_line' id='line_1_7' title="bbox 108 1052 1212 1153; baseline -0.004 -25"><span class='ocrx_word' id='word_1_32' title='bbox 108 1052 372 1153; x_wconf 73' lang='lat' dir='ltr'>,respirationis</span> <span class='ocrx_word' id='word_1_33' title='bbox 408 1053 607 1141; x_wconf 88' lang='lat' dir='ltr'>musculos,</span> <span class='ocrx_word' id='word_1_34' title='bbox 645 1054 693 1127; x_wconf 84' lang='lat' dir='ltr'>ad</span> <span class='ocrx_word' id='word_1_35' title='bbox 729 1052 889 1127; x_wconf 88' lang='lat' dir='ltr'>validam</span> <span class='ocrx_word' id='word_1_36' title='bbox 924 1054 1212 1127; x_wconf 87' lang='lat' dir='ltr'>contractionem</span> 
     </span>
     <span class='ocr_line' id='line_1_8' title="bbox 129 1163 1213 1264; baseline -0.005 -23"><span class='ocrx_word' id='word_1_37' title='bbox 129 1166 301 1253; x_wconf 79' lang='lat' dir='ltr'>excitant,</span> <span class='ocrx_word' id='word_1_38' title='bbox 327 1189 412 1262; x_wconf 84' lang='lat' dir='ltr'>quae</span> <span class='ocrx_word' id='word_1_39' title='bbox 437 1164 588 1240; x_wconf 87' lang='lat' dir='ltr'>tandem</span> <span class='ocrx_word' id='word_1_40' title='bbox 613 1190 654 1241; x_wconf 95' lang='lat' dir='ltr'>os</span> <span class='ocrx_word' id='word_1_41' title='bbox 681 1165 777 1239; x_wconf 88' lang='lat' dir='ltr'>uteri</span> <span class='ocrx_word' id='word_1_42' title='bbox 801 1163 1005 1264; x_wconf 77' lang='lat' dir='ltr'>patefaciat,</span> <span class='ocrx_word' id='word_1_43' title='bbox 1029 1164 1213 1237; x_wconf 87' lang='lat' dir='ltr'>membra·</span> 
     </span>
     <span class='ocr_line' id='line_1_9' title="bbox 128 1274 1213 1377; baseline -0.002 -27"><span class='ocrx_word' id='word_1_44' title='bbox 128 1298 267 1375; x_wconf 78' lang='lat' dir='ltr'>nosque</span> <span class='ocrx_word' id='word_1_45' title='bbox 284 1277 347 1351; x_wconf 92' lang='lat' dir='ltr'>ovi</span> <span class='ocrx_word' id='word_1_46' title='bbox 363 1300 428 1376; x_wconf 89' lang='lat' dir='ltr'>per</span> <span class='ocrx_word' id='word_1_47' title='bbox 444 1277 515 1352; x_wconf 88' lang='lat' dir='ltr'>hoc</span> <span class='ocrx_word' id='word_1_48' title='bbox 539 1277 578 1351; x_wconf 91' lang='lat' dir='ltr'>in</span> <span class='ocrx_word' id='word_1_49' title='bbox 596 1278 771 1377; x_wconf 83' lang='lat' dir='ltr'>vaginam</span> <span class='ocrx_word' id='word_1_50' title='bbox 796 1275 996 1376; x_wconf 88' lang='lat' dir='ltr'>propellat:</span> <span class='ocrx_word' id='word_1_51' title='bbox 1027 1276 1078 1349; x_wconf 91' lang='lat' dir='ltr'>ibi</span> <span class='ocrx_word' id='word_1_52' title='bbox 1095 1274 1155 1349; x_wconf 90' lang='lat' dir='ltr'>vel</span> <span class='ocrx_word' id='word_1_53' title='bbox 1172 1276 1213 1349; x_wconf 92' lang='lat' dir='ltr'>vi</span> 
     </span>
     <span class='ocr_line' id='line_1_10' title="bbox 128 1386 1211 1487; baseline -0.002 -22"><span class='ocrx_word' id='word_1_54' title='bbox 128 1389 397 1478; x_wconf 86' lang='lat' dir='ltr'>contractionis,</span> <span class='ocrx_word' id='word_1_55' title='bbox 423 1390 484 1464; x_wconf 90' lang='lat' dir='ltr'>vel</span> <span class='ocrx_word' id='word_1_56' title='bbox 507 1400 585 1466; x_wconf 88' lang='lat' dir='ltr'>arte</span> <span class='ocrx_word' id='word_1_57' title='bbox 608 1401 771 1477; x_wconf 87' lang='lat' dir='ltr'>externa,</span> <span class='ocrx_word' id='word_1_58' title='bbox 808 1398 931 1487; x_wconf 87' lang='lat' dir='ltr'>ruptae</span> <span class='ocrx_word' id='word_1_59' title='bbox 953 1386 1014 1462; x_wconf 90' lang='lat' dir='ltr'>vel</span> <span class='ocrx_word' id='word_1_60' title='bbox 1038 1387 1211 1475; x_wconf 78' lang='lat' dir='ltr'>lacerata,</span> 
     </span>
     <span class='ocr_line' id='line_1_11' title="bbox 128 1497 1211 1600; baseline 0 -26"><span class='ocrx_word' id='word_1_61' title='bbox 128 1498 312 1599; x_wconf 87' lang='lat' dir='ltr'>liquorem</span> <span class='ocrx_word' id='word_1_62' title='bbox 336 1501 454 1578; x_wconf 74' lang='lat' dir='ltr'>uranii</span> <span class='ocrx_word' id='word_1_63' title='bbox 477 1526 563 1576; x_wconf 92' lang='lat' dir='ltr'>cum</span> <span class='ocrx_word' id='word_1_64' title='bbox 588 1501 754 1600; x_wconf 87' lang='lat' dir='ltr'>pauxillo</span> <span class='ocrx_word' id='word_1_65' title='bbox 787 1500 975 1600; x_wconf 85' lang='lat' dir='ltr'>sanguinis</span> <span class='ocrx_word' id='word_1_66' title='bbox 999 1497 1211 1587; x_wconf 86' lang='lat' dir='ltr'>effundunt,</span> 
     </span>
     <span class='ocr_line' id='line_1_12' title="bbox 128 1610 1211 1714; baseline -0.002 -26"><span class='ocrx_word' id='word_1_67' title='bbox 128 1614 196 1713; x_wconf 90' lang='lat' dir='ltr'>qui</span> <span class='ocrx_word' id='word_1_68' title='bbox 220 1622 351 1713; x_wconf 83' lang='lat' dir='ltr'>partes,</span> <span class='ocrx_word' id='word_1_69' title='bbox 376 1639 442 1713; x_wconf 88' lang='lat' dir='ltr'>per</span> <span class='ocrx_word' id='word_1_70' title='bbox 465 1638 557 1714; x_wconf 88' lang='lat' dir='ltr'>quas</span> <span class='ocrx_word' id='word_1_71' title='bbox 581 1615 695 1688; x_wconf 87' lang='lat' dir='ltr'>foetus</span> <span class='ocrx_word' id='word_1_72' title='bbox 711 1613 812 1687; x_wconf 88' lang='lat' dir='ltr'>exire</span> <span class='ocrx_word' id='word_1_73' title='bbox 828 1610 949 1700; x_wconf 91' lang='lat' dir='ltr'>debet,</span> <span class='ocrx_word' id='word_1_74' title='bbox 974 1611 1074 1687; x_wconf 88' lang='lat' dir='ltr'>laxet</span> <span class='ocrx_word' id='word_1_75' title='bbox 1098 1621 1211 1711; x_wconf 88' lang='lat' dir='ltr'>atque</span> 
     </span>
     <span class='ocr_line' id='line_1_13' title="bbox 129 1725 467 1803; baseline 0.003 -2"><span class='ocrx_word' id='word_1_76' title='bbox 129 1725 305 1803; x_wconf 86' lang='lat' dir='ltr'>emolliat.</span> <span class='ocrx_word' id='word_1_77' title='bbox 464 1782 467 1786; x_wconf 34' lang='lat'><em>‡</em></span> 
     </span>
     <span class='ocr_line' id='line_1_14' title="bbox 179 1835 1210 1936; baseline -0.006 -20"><span class='ocrx_word' id='word_1_78' title='bbox 179 1860 293 1917; x_wconf 83' lang='lat' dir='ltr'>occe.</span> <span class='ocrx_word' id='word_1_79' title='bbox 310 1839 412 1914; x_wconf 79' lang='lat' dir='ltr'>&#39;l&#39;um</span> <span class='ocrx_word' id='word_1_80' title='bbox 428 1838 567 1913; x_wconf 90' lang='lat' dir='ltr'>dolores</span> <span class='ocrx_word' id='word_1_81' title='bbox 583 1835 765 1936; x_wconf 87' lang='lat' dir='ltr'>paulisper</span> <span class='ocrx_word' id='word_1_82' title='bbox 781 1836 856 1911; x_wconf 84' lang='lat' dir='ltr'>fere</span> <span class='ocrx_word' id='word_1_83' title='bbox 872 1837 1084 1925; x_wconf 82' lang='lat' dir='ltr'>mitescunt,</span> <span class='ocrx_word' id='word_1_84' title='bbox 1107 1835 1210 1911; x_wconf 89' lang='lat' dir='ltr'>brevi</span> 
     </span>
     <span class='ocr_line' id='line_1_15' title="bbox 129 1948 1210 2046; baseline -0.003 -21"><span class='ocrx_word' id='word_1_85' title='bbox 129 1959 254 2025; x_wconf 83' lang='lat' dir='ltr'>autem</span> <span class='ocrx_word' id='word_1_86' title='bbox 280 1949 570 2024; x_wconf 88' lang='lat' dir='ltr'>vehementiores</span> <span class='ocrx_word' id='word_1_87' title='bbox 594 1948 761 2036; x_wconf 89' lang='lat' dir='ltr'>redituri,</span> <span class='ocrx_word' id='word_1_88' title='bbox 780 1948 1005 2046; x_wconf 84' lang='lat' dir='ltr'>tandemque</span> <span class='ocrx_word' id='word_1_89' title='bbox 1030 1973 1118 2022; x_wconf 88' lang='lat' dir='ltr'>cum</span> <span class='ocrx_word' id='word_1_90' title='bbox 1142 1949 1210 2023; x_wconf 88' lang='lat' dir='ltr'>im-</span> 
     </span>
     <span class='ocr_line' id='line_1_16' title="bbox 127 2059 1212 2160; baseline -0.001 -25"><span class='ocrx_word' id='word_1_91' title='bbox 127 2062 228 2135; x_wconf 90' lang='lat' dir='ltr'>mani</span> <span class='ocrx_word' id='word_1_92' title='bbox 246 2059 421 2147; x_wconf 86' lang='lat' dir='ltr'>cruciatu,</span> <span class='ocrx_word' id='word_1_93' title='bbox 450 2070 490 2135; x_wconf 89' lang='lat' dir='ltr'>et</span> <span class='ocrx_word' id='word_1_94' title='bbox 505 2061 621 2135; x_wconf 81' lang='lat' dir='ltr'>totius</span> <span class='ocrx_word' id='word_1_95' title='bbox 649 2061 808 2160; x_wconf 86' lang='lat' dir='ltr'>corporis</span> <span class='ocrx_word' id='word_1_96' title='bbox 824 2069 997 2150; x_wconf 89' lang='lat' dir='ltr'>tremore,</span> <span class='ocrx_word' id='word_1_97' title='bbox 1013 2059 1212 2159; x_wconf 86' lang='lat' dir='ltr'>aliquando</span> 
     </span>
     <span class='ocr_line' id='line_1_17' title="bbox 129 2171 1212 2274; baseline 0.001 -28"><span class='ocrx_word' id='word_1_98' title='bbox 129 2172 242 2247; x_wconf 88' lang='lat' dir='ltr'>etiam</span> <span class='ocrx_word' id='word_1_99' title='bbox 258 2171 509 2261; x_wconf 85' lang='lat' dir='ltr'>convulsione,</span> <span class='ocrx_word' id='word_1_100' title='bbox 523 2172 643 2247; x_wconf 86' lang='lat' dir='ltr'>forsan</span> <span class='ocrx_word' id='word_1_101' title='bbox 654 2172 781 2247; x_wconf 88' lang='lat' dir='ltr'>lethali</span> <span class='ocrx_word' id='word_1_102' title='bbox 798 2196 1077 2274; x_wconf 88' lang='lat' dir='ltr'>nonnunquam,</span> <span class='ocrx_word' id='word_1_103' title='bbox 1094 2171 1212 2247; x_wconf 89' lang='lat' dir='ltr'>infan-</span> 
     </span>
     <span class='ocr_line' id='line_1_18' title="bbox 129 2284 1212 2387; baseline 0.002 -29"><span class='ocrx_word' id='word_1_104' title='bbox 129 2292 209 2359; x_wconf 85' lang='lat' dir='ltr'>tem</span> <span class='ocrx_word' id='word_1_105' title='bbox 225 2284 441 2384; x_wconf 85' lang='lat' dir='ltr'>precipitem</span> <span class='ocrx_word' id='word_1_106' title='bbox 457 2284 669 2385; x_wconf 87' lang='lat' dir='ltr'>expulsuri:</span> <span class='ocrx_word' id='word_1_107' title='bbox 695 2286 984 2386; x_wconf 88' lang='lat' dir='ltr'>quamprimum</span> <span class='ocrx_word' id='word_1_108' title='bbox 995 2310 1083 2362; x_wconf 89' lang='lat' dir='ltr'>vero</span> <span class='ocrx_word' id='word_1_109' title='bbox 1100 2293 1212 2387; x_wconf 86' lang='lat' dir='ltr'>caput</span> 
     </span>
     <span class='ocr_line' id='line_1_19' title="bbox 131 2396 1062 2499; baseline 0.003 -29"><span class='ocrx_word' id='word_1_110' title='bbox 131 2396 212 2496; x_wconf 90' lang='lat' dir='ltr'>ejus</span> <span class='ocrx_word' id='word_1_111' title='bbox 228 2398 398 2485; x_wconf 88' lang='lat' dir='ltr'>exiverit,</span> <span class='ocrx_word' id='word_1_112' title='bbox 414 2397 600 2496; x_wconf 89' lang='lat' dir='ltr'>reliquum</span> <span class='ocrx_word' id='word_1_113' title='bbox 617 2422 749 2499; x_wconf 88' lang='lat' dir='ltr'>corpus</span> <span class='ocrx_word' id='word_1_114' title='bbox 764 2398 869 2474; x_wconf 86' lang='lat' dir='ltr'>facile</span> <span class='ocrx_word' id='word_1_115' title='bbox 886 2399 1062 2497; x_wconf 89' lang='lat' dir='ltr'>sequitur.</span> 
     </span>
    </p>

    <p class='ocr_par' dir='ltr' id='par_1_4' title="bbox 109 2510 1230 4033">
     <span class='ocr_line' id='line_1_20' title="bbox 183 2510 1230 2613; baseline 0.003 -29"><span class='ocrx_word' id='word_1_116' title='bbox 183 2530 318 2587; x_wconf 83' lang='lat' dir='ltr'>necet.</span> <span class='ocrx_word' id='word_1_117' title='bbox 344 2510 457 2585; x_wconf 86' lang='lat' dir='ltr'>Brevi</span> <span class='ocrx_word' id='word_1_118' title='bbox 482 2522 565 2610; x_wconf 88' lang='lat' dir='ltr'>post</span> <span class='ocrx_word' id='word_1_119' title='bbox 589 2520 748 2610; x_wconf 89' lang='lat' dir='ltr'>partum,</span> <span class='ocrx_word' id='word_1_120' title='bbox 770 2510 948 2613; x_wconf 82' lang='lat' dir='ltr'>placenta</span> <span class='ocrx_word' id='word_1_121' title='bbox 972 2511 1019 2585; x_wconf 89' lang='lat' dir='ltr'>ab</span> <span class='ocrx_word' id='word_1_122' title='bbox 1042 2520 1151 2586; x_wconf 89' lang='lat' dir='ltr'>utero</span> <span class='ocrx_word' id='word_1_123' title='bbox 1174 2532 1230 2587; x_wconf 81' lang='lat' dir='ltr'>se·</span> 
     </span>
     <span class='ocr_line' id='line_1_21' title="bbox 109 2622 1210 2725; baseline -0.003 -25"><span class='ocrx_word' id='word_1_124' title='bbox 109 2634 289 2721; x_wconf 66' lang='lat' dir='ltr'>epuratur,</span> <span class='ocrx_word' id='word_1_125' title='bbox 314 2633 458 2699; x_wconf 88' lang='lat' dir='ltr'>etcum</span> <span class='ocrx_word' id='word_1_126' title='bbox 475 2624 624 2724; x_wconf 91' lang='lat' dir='ltr'>reliquis</span> <span class='ocrx_word' id='word_1_127' title='bbox 640 2626 703 2701; x_wconf 90' lang='lat' dir='ltr'>ovi</span> <span class='ocrx_word' id='word_1_128' title='bbox 719 2625 885 2725; x_wconf 89' lang='lat' dir='ltr'>partibus</span> <span class='ocrx_word' id='word_1_129' title='bbox 902 2622 1110 2724; x_wconf 84' lang='lat' dir='ltr'>expellitur,</span> <span class='ocrx_word' id='word_1_130' title='bbox 1134 2644 1210 2697; x_wconf 88' lang='lat' dir='ltr'>nou</span> 
     </span>
     <span class='ocr_line' id='line_1_22' title="bbox 130 2733 1212 2836; baseline 0.003 -30"><span class='ocrx_word' id='word_1_131' title='bbox 130 2734 209 2808; x_wconf 87' lang='lat' dir='ltr'>sine</span> <span class='ocrx_word' id='word_1_132' title='bbox 222 2759 358 2832; x_wconf 87' lang='lat' dir='ltr'>magna</span> <span class='ocrx_word' id='word_1_133' title='bbox 373 2735 595 2835; x_wconf 89' lang='lat' dir='ltr'>plerumque</span> <span class='ocrx_word' id='word_1_134' title='bbox 610 2738 798 2836; x_wconf 84' lang='lat' dir='ltr'>sanguinis</span> <span class='ocrx_word' id='word_1_135' title='bbox 809 2736 963 2835; x_wconf 89' lang='lat' dir='ltr'>jactura,</span> <span class='ocrx_word' id='word_1_136' title='bbox 980 2733 1097 2835; x_wconf 89' lang='lat' dir='ltr'>qualis</span> <span class='ocrx_word' id='word_1_137' title='bbox 1114 2758 1212 2835; x_wconf 83' lang='lat' dir='ltr'>soepe</span> 
     </span>
     <span class='ocr_line' id='line_1_23' title="bbox 129 2843 1227 2946; baseline 0.006 -30"><span class='ocrx_word' id='word_1_138' title='bbox 129 2843 293 2941; x_wconf 84' lang='lat' dir='ltr'>periculo</span> <span class='ocrx_word' id='word_1_139' title='bbox 310 2867 386 2918; x_wconf 93' lang='lat' dir='ltr'>non</span> <span class='ocrx_word' id='word_1_140' title='bbox 403 2848 570 2935; x_wconf 80' lang='lat' dir='ltr'>caruerit,</span> <span class='ocrx_word' id='word_1_141' title='bbox 593 2848 798 2945; x_wconf 77' lang='lat' dir='ltr'>prasertim</span> <span class='ocrx_word' id='word_1_142' title='bbox 826 2848 856 2921; x_wconf 87' lang='lat' dir='ltr'>si</span> <span class='ocrx_word' id='word_1_143' title='bbox 874 2850 930 2922; x_wconf 88' lang='lat' dir='ltr'>vis</span> <span class='ocrx_word' id='word_1_144' title='bbox 958 2848 1080 2946; x_wconf 90' lang='lat' dir='ltr'>aliqua</span> <span class='ocrx_word' id='word_1_145' title='bbox 1095 2847 1143 2921; x_wconf 89' lang='lat' dir='ltr'>ad</span> <span class='ocrx_word' id='word_1_146' title='bbox 1174 2869 1227 2923; x_wconf 63' lang='lat' dir='ltr'>sex</span> 
     </span>
     <span class='ocr_line' id='line_1_24' title="bbox 116 2953 1212 3059; baseline 0.009 -34"><span class='ocrx_word' id='word_1_147' title='bbox 116 2953 327 3052; x_wconf 60' lang='lat' dir='ltr'>‚parandam</span> <span class='ocrx_word' id='word_1_148' title='bbox 338 2953 554 3051; x_wconf 81' lang='lat' dir='ltr'>placentam</span> <span class='ocrx_word' id='word_1_149' title='bbox 565 2958 713 3031; x_wconf 88' lang='lat' dir='ltr'>admota</span> <span class='ocrx_word' id='word_1_150' title='bbox 724 2956 844 3032; x_wconf 90' lang='lat' dir='ltr'>fuerit.</span> <span class='ocrx_word' id='word_1_151' title='bbox 882 2958 1112 3059; x_wconf 87' lang='lat' dir='ltr'>Plerumque</span> <span class='ocrx_word' id='word_1_152' title='bbox 1124 2980 1212 3035; x_wconf 88' lang='lat' dir='ltr'>vero</span> 
     </span>
     <span class='ocr_line' id='line_1_25' title="bbox 130 3062 1212 3172; baseline 0.008 -33"><span class='ocrx_word' id='word_1_153' title='bbox 130 3063 320 3162; x_wconf 87' lang='lat' dir='ltr'>sauguinis</span> <span class='ocrx_word' id='word_1_154' title='bbox 342 3062 470 3140; x_wconf 86' lang='lat' dir='ltr'>fluxus</span> <span class='ocrx_word' id='word_1_155' title='bbox 494 3066 597 3141; x_wconf 92' lang='lat' dir='ltr'>brevi</span> <span class='ocrx_word' id='word_1_156' title='bbox 621 3068 875 3166; x_wconf 85' lang='lat' dir='ltr'>compescitur,</span> <span class='ocrx_word' id='word_1_157' title='bbox 889 3070 960 3144; x_wconf 72' lang='lat' dir='ltr'>‘vel</span> <span class='ocrx_word' id='word_1_158' title='bbox 985 3081 1212 3172; x_wconf 88' lang='lat' dir='ltr'>temperatur</span> 
     </span>
     <span class='ocr_line' id='line_1_26' title="bbox 130 3174 1228 3264; baseline 0.01 -15"><span class='ocrx_word' id='word_1_159' title='bbox 130 3174 271 3264; x_wconf 87' lang='lat' dir='ltr'>saltem,</span> <span class='ocrx_word' id='word_1_160' title='bbox 296 3174 418 3250; x_wconf 86' lang='lat' dir='ltr'>subita</span> <span class='ocrx_word' id='word_1_161' title='bbox 443 3187 482 3252; x_wconf 89' lang='lat' dir='ltr'>et</span> <span class='ocrx_word' id='word_1_162' title='bbox 498 3176 720 3252; x_wconf 87' lang='lat' dir='ltr'>validissima</span> <span class='ocrx_word' id='word_1_163' title='bbox 747 3180 845 3254; x_wconf 88' lang='lat' dir='ltr'>uteri</span> <span class='ocrx_word' id='word_1_164' title='bbox 866 3184 1133 3259; x_wconf 85' lang='lat' dir='ltr'>contractione:</span> <span class='ocrx_word' id='word_1_165' title='bbox 1159 3184 1228 3259; x_wconf 85' lang='lat' dir='ltr'>ita.</span> 
     </span>
     <span class='ocr_line' id='line_1_27' title="bbox 129 3287 1211 3397; baseline 0.008 -35"><span class='ocrx_word' id='word_1_166' title='bbox 129 3296 176 3362; x_wconf 91' lang='lat' dir='ltr'>ut</span> <span class='ocrx_word' id='word_1_167' title='bbox 191 3288 329 3378; x_wconf 83' lang='lat' dir='ltr'>fluxus,</span> <span class='ocrx_word' id='word_1_168' title='bbox 354 3289 421 3389; x_wconf 93' lang='lat' dir='ltr'>qui</span> <span class='ocrx_word' id='word_1_169' title='bbox 449 3287 566 3366; x_wconf 82' lang='lat' dir='ltr'>laclia</span> <span class='ocrx_word' id='word_1_170' title='bbox 582 3299 746 3380; x_wconf 83' lang='lat' dir='ltr'>vocatur,</span> <span class='ocrx_word' id='word_1_171' title='bbox 770 3292 874 3367; x_wconf 89' lang='lat' dir='ltr'>brevi</span> <span class='ocrx_word' id='word_1_172' title='bbox 890 3296 1042 3393; x_wconf 84' lang='lat' dir='ltr'>parcior·</span> <span class='ocrx_word' id='word_1_173' title='bbox 1053 3307 1092 3371; x_wconf 90' lang='lat' dir='ltr'>et</span> <span class='ocrx_word' id='word_1_174' title='bbox 1108 3294 1211 3397; x_wconf 82' lang='lat' dir='ltr'>palli-</span> 
     </span>
     <span class='ocr_line' id='line_1_28' title="bbox 130 3397 1210 3503; baseline 0.01 -31"><span class='ocrx_word' id='word_1_175' title='bbox 130 3397 221 3485; x_wconf 85' lang='lat' dir='ltr'>dior,</span> <span class='ocrx_word' id='word_1_176' title='bbox 238 3410 277 3474; x_wconf 89' lang='lat' dir='ltr'>et</span> <span class='ocrx_word' id='word_1_177' title='bbox 294 3401 448 3476; x_wconf 88' lang='lat' dir='ltr'>tandem</span> <span class='ocrx_word' id='word_1_178' title='bbox 464 3426 605 3476; x_wconf 81' lang='lat' dir='ltr'>setosus</span> <span class='ocrx_word' id='word_1_179' title='bbox 621 3405 774 3503; x_wconf 83' lang='lat' dir='ltr'>omnino</span> <span class='ocrx_word' id='word_1_180' title='bbox 790 3405 932 3481; x_wconf 88' lang='lat' dir='ltr'>evadat.</span> <span class='ocrx_word' id='word_1_181' title='bbox 970 3408 1078 3484; x_wconf 90' lang='lat' dir='ltr'>Idem</span> <span class='ocrx_word' id='word_1_182' title='bbox 1096 3408 1210 3486; x_wconf 84' lang='lat' dir='ltr'>serius</span> 
     </span>
     <span class='ocr_line' id='line_1_29' title="bbox 129 3513 1210 3621; baseline 0.015 -39"><span class='ocrx_word' id='word_1_183' title='bbox 129 3531 244 3608; x_wconf 82' lang='lat' dir='ltr'>ocyus</span> <span class='ocrx_word' id='word_1_184' title='bbox 269 3513 482 3610; x_wconf 89' lang='lat' dir='ltr'>reprimitur</span> <span class='ocrx_word' id='word_1_185' title='bbox 504 3514 667 3614; x_wconf 86' lang='lat' dir='ltr'>penitus,</span> <span class='ocrx_word' id='word_1_186' title='bbox 699 3518 901 3593; x_wconf 90' lang='lat' dir='ltr'>secundum</span> <span class='ocrx_word' id='word_1_187' title='bbox 918 3544 1110 3621; x_wconf 71' lang='lat' dir='ltr'>puerperae</span> <span class='ocrx_word' id='word_1_188' title='bbox 1125 3544 1210 3598; x_wconf 83' lang='lat' dir='ltr'>con·</span> 
     </span>
     <span class='ocr_line' id='line_1_30' title="bbox 130 3621 1210 3713; baseline 0.016 -19"><span class='ocrx_word' id='word_1_189' title='bbox 130 3621 380 3713; x_wconf 84' lang='lat' dir='ltr'>stitutionem,</span> <span class='ocrx_word' id='word_1_190' title='bbox 417 3635 456 3700; x_wconf 91' lang='lat' dir='ltr'>et</span> <span class='ocrx_word' id='word_1_191' title='bbox 480 3626 569 3703; x_wconf 87' lang='lat' dir='ltr'>vitae</span> <span class='ocrx_word' id='word_1_192' title='bbox 593 3629 794 3706; x_wconf 83' lang='lat' dir='ltr'>rationem:</span> <span class='ocrx_word' id='word_1_193' title='bbox 829 3630 1018 3706; x_wconf 90' lang='lat' dir='ltr'>nonnullis</span> <span class='ocrx_word' id='word_1_194' title='bbox 1047 3633 1109 3708; x_wconf 89' lang='lat' dir='ltr'>die</span> <span class='ocrx_word' id='word_1_195' title='bbox 1133 3658 1210 3710; x_wconf 91' lang='lat' dir='ltr'>uno</span> 
     </span>
     <span class='ocr_line' id='line_1_31' title="bbox 130 3731 1209 3831; baseline 0.014 -25"><span class='ocrx_word' id='word_1_196' title='bbox 130 3731 191 3806; x_wconf 90' lang='lat' dir='ltr'>vel</span> <span class='ocrx_word' id='word_1_197' title='bbox 206 3731 330 3822; x_wconf 87' lang='lat' dir='ltr'>altero,</span> <span class='ocrx_word' id='word_1_198' title='bbox 347 3737 534 3813; x_wconf 90' lang='lat' dir='ltr'>nonnullis</span> <span class='ocrx_word' id='word_1_199' title='bbox 543 3765 631 3816; x_wconf 91' lang='lat' dir='ltr'>vero</span> <span class='ocrx_word' id='word_1_200' title='bbox 646 3742 713 3818; x_wconf 84' lang='lat' dir='ltr'>vix</span> <span class='ocrx_word' id='word_1_201' title='bbox 730 3742 827 3818; x_wconf 89' lang='lat' dir='ltr'>intra</span> <span class='ocrx_word' id='word_1_202' title='bbox 844 3766 1004 3818; x_wconf 86' lang='lat' dir='ltr'>mensem</span> <span class='ocrx_word' id='word_1_203' title='bbox 1019 3774 1029 3831; x_wconf 90' lang='grc'><strong>;</strong></span> <span class='ocrx_word' id='word_1_204' title='bbox 1054 3747 1209 3821; x_wconf 82' lang='lat' dir='ltr'>recurrit</span> 
     </span>
     <span class='ocr_line' id='line_1_32' title="bbox 130 3845 1209 3955; baseline 0.015 -39"><span class='ocrx_word' id='word_1_205' title='bbox 130 3867 281 3943; x_wconf 92' lang='lat' dir='ltr'>quoque</span> <span class='ocrx_word' id='word_1_206' title='bbox 304 3845 504 3939; x_wconf 87' lang='lat' dir='ltr'>interdum,</span> <span class='ocrx_word' id='word_1_207' title='bbox 528 3876 646 3951; x_wconf 92' lang='lat' dir='ltr'>quum</span> <span class='ocrx_word' id='word_1_208' title='bbox 672 3853 794 3953; x_wconf 90' lang='lat' dir='ltr'>primo</span> <span class='ocrx_word' id='word_1_209' title='bbox 817 3879 994 3955; x_wconf 90' lang='lat' dir='ltr'>puerpera</span> <span class='ocrx_word' id='word_1_210' title='bbox 1031 3857 1078 3931; x_wconf 86' lang='lat' dir='ltr'>ad</span> <span class='ocrx_word' id='word_1_211' title='bbox 1104 3856 1209 3934; x_wconf 88' lang='lat' dir='ltr'>solita</span> 
     </span>
     <span class='ocr_line' id='line_1_33' title="bbox 128 3958 404 4033; baseline 0.011 -3"><span class='ocrx_word' id='word_1_212' title='bbox 128 3977 283 4030; x_wconf 86' lang='lat' dir='ltr'>munera</span> <span class='ocrx_word' id='word_1_213' title='bbox 298 3958 404 4033; x_wconf 86' lang='lat' dir='ltr'>redit</span> 
     </span>
    </p>

    <p class='ocr_par' dir='ltr' id='par_1_5' title="bbox 122 4069 1209 4274">
     <span class='ocr_line' id='line_1_34' title="bbox 178 4069 1209 4212; baseline 0.014 -68"><span class='ocrx_word' id='word_1_214' title='bbox 178 4088 326 4145; x_wconf 80' lang='lat' dir='ltr'>aeeon.</span> <span class='ocrx_word' id='word_1_215' title='bbox 352 4069 506 4169; x_wconf 85' lang='lat' dir='ltr'>Corpus,</span> <span class='ocrx_word' id='word_1_216' title='bbox 531 4073 728 4163; x_wconf 84' lang='lat' dir='ltr'>doloribus,</span> <span class='ocrx_word' id='word_1_217' title='bbox 752 4086 792 4151; x_wconf 91' lang='lat' dir='ltr'>et</span> <span class='ocrx_word' id='word_1_218' title='bbox 815 4079 921 4169; x_wconf 87' lang='lat' dir='ltr'>nixu,</span> <span class='ocrx_word' id='word_1_219' title='bbox 955 4091 994 4155; x_wconf 90' lang='lat' dir='ltr'>et</span> <span class='ocrx_word' id='word_1_220' title='bbox 1018 4075 1209 4212; x_wconf 78' lang='lat' dir='ltr'>sanguinis</span> 
     </span>
     <span class='ocr_line' id='line_1_35' title="bbox 122 4174 1209 4289; baseline 0.016 -33"><span class='ocrx_word' id='word_1_221' title='bbox 122 4174 277 4289; x_wconf 82' lang='lat' dir='ltr'>jactura,</span> <span class='ocrx_word' id='word_1_222' title='bbox 300 4181 524 4262; x_wconf 80' lang='lat' dir='ltr'>exhamtum</span> <span class='ocrx_word' id='word_1_223' title='bbox 549 4194 588 4261; x_wconf 90' lang='lat' dir='ltr'>et</span> <span class='ocrx_word' id='word_1_224' title='bbox 611 4186 857 4280; x_wconf 85' lang='lat' dir='ltr'>debilitatum,</span> <span class='ocrx_word' id='word_1_225' title='bbox 891 4215 967 4269; x_wconf 94' lang='lat' dir='ltr'>non</span> <span class='ocrx_word' id='word_1_226' title='bbox 991 4193 1089 4270; x_wconf 88' lang='lat' dir='ltr'>illico</span> <span class='ocrx_word' id='word_1_227' title='bbox 1113 4196 1209 4274; x_wconf 75' lang='lat' dir='ltr'>vires</span> 
     </span>
    </p>
   </div>
   <div class='ocr_carea' id='block_1_3' title="bbox 0 0 1344 4794">
    <p class='ocr_par' dir='ltr' id='par_1_6' title="bbox 0 0 1344 4794">
     <span class='ocr_line' id='line_1_36' title="bbox 0 0 1344 4794; baseline 0 0"><span class='ocrx_word' id='word_1_228' title='bbox 0 0 1344 4794; x_wconf 95' lang='lat' dir='ltr'> </span> 
     </span>
    </p>
   </div>
  </div>
 </body>
</html>
