2678 4794
86 429 172 485 exe.
191 429 321 487 xxxv.
385 415 914 491 tranrcmnrnnoaarrcn.
1091 418 1161 494 491

84 608 186 706 quod
202 608 248 681 ad
266 606 397 680 horum
415 607 673 705 quantitatem,
690 607 907 694 mixturam,
931 607 1161 708 praeparatio·

84 744 181 807 nem,
207 730 245 793 et
261 720 412 794 demum
430 730 580 818 tempus
597 743 674 817 quo
690 719 828 792 debent
844 720 991 795 assumi.

135 854 347 907 Mocccxxu.
366 831 572 905 Commode
582 842 783 906 sumuntur
792 831 989 907 cathartica
1000 832 1060 908 vel
1073 833 1164 909 hora

83 945 212 1030 somni,
238 944 299 1016 vel
314 944 413 1017 bene
429 967 547 1032 mane,
564 956 676 1042 prout
693 944 772 1042 ipss
787 947 996 1046 promptius
1013 947 1073 1022 vel
1091 959 1162 1022 tar·

82 1055 165 1129 dius
182 1056 308 1129 alvum
327 1066 512 1130 moveant.

132 1189 371 1241 mccccxxur.
407 1166 566 1241 Prodest
599 1190 694 1265 saepe
735 1169 1047 1246 medicamentum
1084 1195 1161 1246 non

80 1302 193 1352 omne
220 1277 328 1352 simul
360 1277 562 1365 exhaurire,
589 1278 653 1355 sed
681 1278 807 1353 divisis
829 1283 1069 1380 portionibus,
1095 1308 1162 1382 per

81 1391 213 1463 idonea
228 1390 429 1475 intervalla,
454 1390 633 1488 paulatim
651 1412 817 1476 sumere;
843 1393 895 1465 sic
920 1396 1020 1468 enim
1038 1419 1162 1494 neque

82 1501 310 1576 ventriculus
328 1500 411 1599 plus
426 1526 535 1599 aequo
550 1511 736 1601 gravatur,
762 1525 884 1601 neque
912 1507 1077 1580 vomitus
1105 1531 1162 1582 ao-

81 1614 182 1700 cidit,
208 1637 329 1711 neque
345 1614 420 1687 fere
438 1614 521 1714 plus
538 1615 624 1688 satis
642 1615 812 1702 sumitur,
837 1638 958 1713 neque
987 1619 1163 1692 intestina

81 1726 192 1799 nimis
209 1727 409 1814 irritantur,
435 1738 474 1800 et
499 1724 574 1799 alvi
602 1727 775 1871 purgatio
802 1727 924 1802 multo
950 1727 1099 1817 facilior,
1124 1740 1164 1806 et

81 1837 234 1938 quidem
250 1837 383 1912 certior
397 1837 452 1912 fit.

132 1972 353 2024 Mocccxxm.
383 1949 659 2024 Medicamenta
675 1975 760 2050 quae
776 1950 893 2026 fluida
908 1952 1027 2027 forma
1042 1951 1163 2027 hauri·

80 2073 207 2150 untur,
218 2063 361 2136 scilicet
377 2060 437 2133 vel
454 2084 600 2159 prorsus
617 2061 747 2150 soluta,
774 2063 832 2137 vel
855 2063 983 2138 saltem
1002 2063 1163 2163 plurima

82 2198 178 2273 aqua
202 2174 331 2258 diluta,
356 2173 576 2270 promptius,
603 2172 753 2256 facilius,
778 2185 818 2246 et
842 2176 977 2251 certius
1005 2200 1163 2275 purgare

82 2287 210 2374 solent,
236 2309 350 2384 quam
373 2308 459 2382 quae
483 2283 587 2370 dura,
612 2281 673 2356 vel
690 2282 804 2357 solida
821 2283 961 2371 saltem,
986 2285 1162 2360 devoran-

82 2407 153 2473 tur.

133 2531 347 2584 arccccxxv.
366 2507 604 2605 Quapropter
619 2530 706 2582 cum
724 2507 893 2582 solidiora
909 2508 995 2582 data
1012 2509 1163 2596 fuerint,
1211 2553 1214 2558 ·

61 2622 63 2626 ⁸
81 2620 284 2720 praesertim
303 2620 333 2692 si
351 2619 462 2693 simul
479 2620 614 2693 acriora
627 2631 725 2707 sunt,
743 2620 961 2694 diluendum
976 2631 1032 2695 est
1045 2620 1166 2695 multo

81 2742 177 2833 potu
207 2731 313 2805 tenui
340 2740 378 2804 et
407 2730 493 2818 leni,
530 2731 683 2805 decocto
711 2755 902 2819 avenaceo,
941 2756 1021 2807 sero
1050 2732 1166 2821 lactis,

77 2843 234 2943 jusculis
264 2842 419 2930 levibus,
445 2856 483 2917 et
512 2842 703 2917 similibus.
754 2843 842 2916 Hoc
869 2844 979 2918 modo
1009 2843 1166 2919 medica·

82 2968 254 3030 mentum
273 2954 332 3028 vel
351 2954 517 3042 solvitur,
542 2954 602 3029 vel
615 2955 709 3029 bene
725 2955 952 3031 diffunditur
968 2958 1007 3031 in
1024 2957 1166 3031 intesti-

81 3071 149 3154 nis,
167 3068 277 3142 ethis
294 3068 418 3141 minus
435 3078 554 3153 nocet,
572 3076 611 3139 et
629 3067 788 3140 tormina
805 3067 864 3141 vel
877 3067 979 3142 nulla
992 3068 1166 3156 velleris,

84 3192 123 3254 et
155 3180 377 3276 dejectiones
406 3178 670 3278 copiosissimas
698 3178 822 3252 efficit
884 3179 1047 3253 Minime
1075 3205 1165 3255 vero

83 3292 300 3366 diluendum
320 3302 375 3364 est
393 3314 479 3364 cum
497 3290 638 3388 aliquid
654 3289 824 3364 beneficii
840 3313 862 3363 a
878 3291 1032 3364 stimulo
1056 3301 1093 3364 et
1119 3292 1168 3366 ir-

83 3405 255 3476 ritatione
269 3403 525 3476 medicamenti
536 3413 785 3499 expectamus,
802 3401 920 3475 veluti
934 3403 974 3474 in
989 3401 1166 3502 hydrope,

83 3517 123 3589 in
141 3540 218 3613 quo
234 3535 309 3587 non
326 3524 473 3587 tantum
497 3512 546 3586 ad
574 3513 804 3611 purgandam
822 3513 962 3600 alvum,
987 3515 1167 3612 quemad

84 3626 323 3701 excitandum
341 3648 484 3724 corpus,
510 3635 549 3698 et
571 3625 778 3722 augendam
796 3627 976 3700 actionem
994 3651 1166 3702 vasorum

84 3738 367 3823 resorbentium,
392 3736 588 3811 cathartica
605 3735 683 3809 dari
701 3735 828 3809 solent.

134 3871 388 3925 mccccxxvr.
408 3850 452 3923 In
470 3849 574 3948 gravi
591 3858 630 3921 et
647 3846 824 3921 diuturna
840 3846 913 3920 alvi
929 3849 1077 3937 duritia,
1090 3872 1165 3923 non

85 3974 235 4038 tantum
264 3961 542 4036 medicamentis
558 3984 625 4058 per
640 3982 681 4032 os
700 3957 839 4033 haustis
856 3960 955 4058 (quae
971 3983 1057 4034 sane
1072 3963 1165 4060 peri-

85 4073 170 4148 culo
187 4099 255 4149 suo
271 4075 516 4171 (mcceexrx)
533 4096 608 4147 non
634 4079 773 4169 carent)
789 4071 994 4159 fidendum,
1019 4084 1063 4146 ut
1091 4073 1166 4147 alvi

85 4186 214 4261 ductio
229 4209 295 4286 per
311 4187 460 4263 idoneas
477 4186 633 4262 lotiones
648 4183 869 4286 negligatur,
894 4210 980 4284 quae
994 4185 1091 4261 nihil
1103 4208 1165 4286 pe·
