2678 4794
127 390 218 451 can.
235 390 340 448 xxx.
436 385 659 444 Mssmcnm
676 389 965 449 anonumum.
1136 382 1209 458 393

121 569 239 669 -quasi
262 575 469 667 pungentes
484 566 670 656 videntur,
700 568 902 670 multaque
926 571 1038 646 etiam
1054 549 1114 646 res
1126 594 1211 669 quae

128 681 365 756 acrimoniam
383 679 443 754 vel
458 680 598 756 nullam
611 680 673 756 vel
685 680 890 757 admodum
908 681 1080 782 exiguam
1098 694 1212 782 atque

124 793 319 869 obscuram
348 792 496 882 habent,
525 794 603 869 aliis
629 804 743 893 atque
771 794 850 869 aliis
867 794 1043 870 musculis
1060 794 1212 870 stimulo

126 916 236 992 sunt;
261 928 352 979 narn
363 905 527 980 multum
540 906 643 980 abest
654 915 700 980 ut
710 930 838 982 omnes
851 906 991 983 stimuli
1005 931 1133 982 omnes
1149 931 1211 1006 pa·

126 1017 216 1093 riter
231 1017 423 1092 musculos
440 1018 601 1093 afficiant
621 1017 842 1118 (cccxvnr).

177 1152 410 1205 mcnxxxrx.
427 1130 533 1204 Hinc
548 1130 653 1204 facile
676 1131 916 1230 intelligetur,
941 1129 1135 1229 plerosque
1150 1130 1211 1206 vel

125 1265 256 1317 omnes
280 1241 432 1317 forsitan
458 1243 559 1330 sales,
584 1267 707 1341 puros,
732 1252 898 1327 neutros,
916 1253 1064 1331 teneus,
1081 1252 1211 1318 etme-

128 1353 279 1441 tallioos,
293 1354 436 1454 aliquid
452 1355 509 1430 vis
526 1355 748 1431 stimulantis
764 1358 805 1430 in
821 1380 860 1430 se
885 1355 1027 1443 habere,
1053 1356 1082 1430 si
1099 1355 1212 1431 modo

126 1466 201 1540 n‘te
223 1465 360 1542 suerint
388 1467 565 1543 adhibiti:
603 1467 812 1567 cujusmodi
840 1467 1011 1567 exempla
1039 1491 1115 1542 esse
1130 1491 1211 1567 pos-

126 1588 228 1666 sunt,
240 1577 352 1667 Sada,
368 1580 579 1669 Ammonio,
596 1579 761 1656 Aridum
776 1577 1047 1681 Sulpbnricmn
1063 1589 1102 1654 et
1119 1583 1212 1655 Ma»

124 1689 312 1778 amioum,
341 1692 502 1767 Marias
529 1690 649 1781 Sodae,
678 1691 845 1794 Salplros
874 1690 994 1780 Sodoe,
1019 1690 1214 1768 car-bonas

124 1803 344 1891 Ammonio,
372 1803 539 1905 Sulpbas
567 1806 748 1893 Potoaaoe,
777 1803 937 1879 Murius
962 1802 1212 1903 hydrargyri,

124 1914 186 1991 vel
203 1914 359 1992 aridum
383 1915 622 2018 hydrargyrr‘
650 1915 810 1992 rubrum
824 1941 897 2017 per
925 1915 1087 1991 aridum·
1102 1916 1212 1991 nitri·

123 2051 218 2114 aum,
234 2029 296 2103 vel
311 2027 550 2130 mrbsalphos
575 2029 965 2131 hydrargyrr'flmms,
993 2029 1129 2105 tortris
1144 2054 1212 2105 an-

125 2140 280 2229 timonii,
309 2140 465 2242 salphat
490 2141 598 2229 zinci,
627 2153 694 2218 aut
722 2141 878 2242 sulphor
906 2140 1029 2243 cupri,
1057 2141 1213 2243 rabidos

112 2251 234 2354 ‚farra
250 2252 407 2353 salphat
422 2252 636 2354 nragnrat'm
652 2254 809 2356 malpbos
825 2253 1014 2341 aluminae,
1027 2257 1090 2328 &a
1137 2255 1176 2328 N
1176 2279 1212 2328 e-

125 2389 202 2464 que
230 2366 290 2440 hae
317 2389 375 2440 res
404 2368 526 2441 minus
554 2392 641 2443 vere
667 2366 896 2442 stimulantis
925 2365 1086 2440 remedia
1112 2375 1210 2449 sunt,

125 2477 231 2577 quod
247 2478 374 2553 multae
399 2502 447 2553 ex
476 2479 521 2552 iis
549 2478 768 2571 (secundum
786 2478 949 2577 ipsarum
967 2500 1077 2550 usum
1095 2487 1134 2549 et
1149 2476 1211 2548 ad·

126 2590 446 2677 ministrationem,
472 2590 665 2689 variasque
694 2589 853 2690 eorporis
886 2597 952 2664 aut
982 2586 1213 2686 singularum

126 2700 210 2799 ejus
225 2704 384 2802 partium
409 2702 652 2800 conditiones)
681 2703 907 2777 eontrarium
935 2699 1133 2800 aliquando
1161 2697 1212 2772 ef-

124 2811 267 2890 fectum
291 2823 478 2914 praestent,
504 2825 543 2889 et
559 2813 713 2911 quidem
743 2814 883 2913 optima
909 2812 1073 2887 sedantia
1097 2835 1211 2886 reme-

124 2924 187 3001 dia
202 2926 305 3003 fiant.

176 3060 303 3115 mcxc.
329 3039 474 3138 Fruges
498 3062 651 3138 quoque
674 3064 760 3138 quae
775 3048 956 3114 vocantur
985 3061 1102 3126 acres,
1131 3037 1222 3112 vim·

125 3150 379 3225 stimulantem
409 3151 546 3225 habbnt
562 3152 649 3226 satis
666 3151 907 3226 manifestam.
955 3144 1105 3223 Harum
1123 3173 1211 3224 vero

124 3263 288 3361 plurima
303 3271 392 3336 sunt
407 3286 551 3362 genera,
577 3286 642 3338 seu
659 3263 817 3350 familiae,
842 3273 886 3338 ut
910 3261 1109 3336 dicuntur:
1134 3260 1211 3335 sili-

123 3398 251 3473 qaosoe
266 3374 462 3472 imprimis,
491 3374 552 3448 vel
568 3374 816 3476 massennes,
833 3385 915 3450 uta
931 3374 1040 3447 variis
1056 3372 1212 3448 auetori-

124 3485 195 3560 bus
219 3489 421 3560 nominatae
445 3498 553 3571 sunt;
595 3487 701 3584 cujus
736 3487 907 3586 exempla
944 3510 1021 3560 esse
1045 3496 1211 3584 possunt,

123 3598 261 3697 sinapis
285 3597 377 3686 alba,
403 3596 610 3674 cochlearia
634 3598 856 3686 armoracia,
880 3597 1087 3675 cochlearia
1102 3597 1211 3698 ‹ffici-

123 3708 236 3797 nrt-lis,
254 3710 489 3810 sisymbrium
508 3710 744 3799 nasturtium,
777 3715 862 3796 &o.;
903 3710 1003 3786 scilla
1026 3713 1211 3785 maritima

124 3846 287 3921 quoque,
312 3833 349 3897 et
366 3847 479 3897 omne
494 3845 613 3922 genus
629 3822 715 3911 allii,
749 3821 879 3896 allium
895 3846 1059 3921 porrum,
1083 3822 1209 3897 allium

123 3958 224 4035 cepa,
240 3934 370 4009 allium
383 3936 559 4024 sativum,
576 3938 660 4021 &c.;
686 3932 926 4034 umbellfferae
941 3937 1065 4022 etiam,
1081 3958 1212 4009 aarum

124 4046 246 4134 carui,
276 4047 448 4146 angelica
477 4046 754 4148 archangelica,
783 4047 963 4124 anethum
986 4046 1211 4148 graveolens,

125 4160 186 4234 &a
209 4160 417 4258 multaeque
433 4161 513 4236 aliae
529 4161 651 4235 herboe
666 4185 764 4235 aeres
793 4184 879 4261 quar
895 4186 994 4261 aegre
1009 4160 1056 4234 ad
1073 4169 1210 4234 oertam

124 4272 295 4368 quamvis
311 4271 487 4355 familiam
499 4295 563 4350 seu
577 4294 778 4350 commune
787 4299 906 4375 genus
916 4274 1042 4349 referri
1058 4270 1211 4371 possint,
