2678 4794
624 351 665 424 xi

110 565 241 644 semper
256 541 470 617 habendam
489 566 574 631 esse,
600 546 664 620 sed
679 550 796 623 menti
825 574 976 649 quoque
993 552 1176 634 interdum

107 683 176 732 esse
192 656 507 744 subveniendum,
533 658 671 758 quippe
687 659 727 734 in
745 687 818 760 qua
834 687 932 762 saepe
948 662 1084 739 haereat
1100 671 1179 745 sons

103 783 139 844 et
154 772 257 869 origo
276 769 378 844 mali.

77 923 106 946 ι
151 883 360 980 Utcunque
379 904 467 955 vero
483 891 631 956 cautum
650 884 761 958 fuerit
778 886 825 959 de
842 886 897 961 his
907 897 971 960 aut
982 887 1061 961 aliis
1073 891 1181 966 rebus

105 1019 188 1091 qnae
203 995 371 1067 nondum
398 1003 495 1066 certa
521 993 595 1066 fide
621 998 778 1094 cognitas
805 1006 843 1070 et
870 998 1068 1097 exploratae
1094 1003 1180 1091 sint,

108 1106 345 1179 metuendum
365 1115 421 1179 est
438 1129 485 1178 ne
501 1106 680 1203 quicquid
707 1108 777 1181 sub
805 1110 954 1183 nomine
982 1111 1180 1189 Medicinae

113 1217 334 1292 llaeoreticoe
359 1218 521 1316 prodeat,
555 1217 678 1304 multi,
712 1243 787 1292 non
817 1220 920 1320 vulgi
948 1221 1078 1311 solum,
1115 1225 1180 1298 sed

110 1331 336 1403 medicorum
363 1331 482 1418 etiarn,
512 1331 563 1404 sic
592 1332 693 1403 enim
722 1355 802 1405 mos
824 1332 944 1430 jubet,
969 1345 1178 1433 suspectum

114 1440 276 1515 habeant.
711 1526 716 1536 ,

155 1552 241 1626 Non
260 1563 314 1628 est
340 1555 657 1645 dissimulandum,
688 1557 857 1634 lbeorioe
883 1559 1041 1634 Medicae
1069 1563 1178 1660 scrip-

108 1676 198 1739 tores
215 1667 408 1741 hominum
426 1670 604 1767 patientia
622 1670 779 1745 multum
799 1672 929 1744 abusos
947 1696 1033 1757 esse,
1055 1684 1093 1744 et
1110 1673 1179 1746 sibi

104 1778 253 1878 aliisque
289 1805 409 1879 nuper
443 1792 480 1854 et
514 1781 602 1857 olim
639 1785 737 1857 miris
770 1784 919 1882 ineptiis
952 1784 1177 1881 imposuisse.

106 1890 206 1967 Hinc
222 1893 363 1967 factum
381 1902 446 1980 est,
472 1919 545 1969 non
564 1921 709 1995 prorsus
726 1897 804 1970 sine
821 1897 970 1970 rationis
987 1895 1115 1994 specie,
1133 1905 1178 1970 ut

105 2004 239 2091 multis,
278 2030 366 2081 cum
395 2006 632 2095 medicorum,
670 2018 752 2082 tum
787 2009 939 2082 aliorum
970 2008 1178 2094 hominum,
1314 2008 1316 2013 ’

103 2141 314 2214 persuasum
333 2118 391 2205 sit,
416 2143 562 2193 omnem
591 2120 789 2196 Theorc'um
817 2121 1003 2195 Medicam
1032 2119 1179 2220 prorsus

102 2252 231 2303 vanam
244 2241 283 2304 et
298 2229 445 2304 futilem
458 2256 543 2318 esse,
561 2243 600 2306 et
612 2258 685 2307 non
701 2234 813 2307 modo
825 2257 900 2307 non
913 2234 1095 2333 prodesse,
1112 2231 1177 2305 sed

104 2364 227 2414 revera
255 2341 417 2416 multum
443 2367 583 2429 nocere,
608 2347 775 2418 animum
794 2368 928 2442 nempe
944 2370 966 2417 a
981 2367 1067 2416 vera
1082 2343 1178 2415 noti-

108 2452 171 2536 tia,
195 2478 278 2549 quae
306 2453 389 2541 sola,
415 2465 459 2528 ut
491 2453 633 2541 volunt,
659 2455 885 2551 experientia
900 2454 1070 2539 discatur,
1094 2452 1180 2525 ficta

109 2564 266 2651 scientia,
290 2566 483 2640 avooendo.

156 2676 297 2752 Verum
314 2655 502 2755 enimvdro
520 2703 593 2753 non
611 2679 697 2754 ideo
712 2676 930 2752 concludere
940 2674 992 2749 fas
1005 2683 1070 2762 est,
1087 2672 1181 2747 nihil

106 2788 181 2861 veri
198 2799 264 2864 aut
279 2793 368 2864 certi
386 2792 433 2865 de
455 2792 616 2869 Theseia
641 2792 728 2866 artis
752 2789 904 2864 medicae
931 2811 1095 2886 unquam
1126 2810 1180 2859 re-

105 2914 252 2997 pertum
278 2904 342 2987 iri;
368 2928 491 3002 neque
517 2905 547 2977 si
574 2903 714 3000 aliquid
743 2902 814 2976 tale
842 2913 1028 2999 repertum
1058 2898 1180 2986 fuerit,

106 3011 200 3084 idem
229 3014 363 3089 inutile
391 3015 569 3090 futurum.
630 3013 814 3087 Plurimae
844 3011 929 3086 alias
955 3022 1059 3096 artes,
1087 3010 1181 3085 bene

108 3124 287 3213 novimus,
304 3126 457 3202 detectis
474 3125 775 3227 philosophorum
791 3124 972 3198 industria
989 3123 1084 3196 veris
1099 3122 1181 3219 qui-

109 3233 175 3308 bus
201 3237 415 3312 nitebantur
444 3238 640 3337 principiis
677 3235 774 3310 illico
801 3235 961 3309 multum
991 3243 1181 3333 provectas

110 3370 203 3422 esse:
233 3349 336 3448 quod
365 3349 526 3448 proiecto
554 3372 712 3448 magnus
741 3346 831 3421 olim
848 3348 993 3430 Bucon,
1019 3369 1115 3418 verae
1143 3354 1182 3419 et

109 3457 205 3533 utilis
235 3461 390 3536 Naturae
416 3461 577 3534 scientiae
604 3471 732 3557 auctor
757 3468 871 3557 atque
900 3481 946 3555 pa
985 3480 1039 3543 ns,
1077 3455 1190 3530 solita.

109 3593 170 3643 sua
186 3574 392 3672 sagacitate,
416 3582 455 3647 et
471 3571 659 3671 perspexit
684 3582 722 3645 et
752 3569 934 3670 praedixit
947 3481 1006 3667 T„
1025 3569 1182 3642 Interim
1210 3583 1237 3621 ἲ

107 3692 129 3723 “
145 3683 296 3781 (inquit)
326 3708 437 3759 nemo
470 3695 642 3784 expectet
670 3706 852 3782 magnum
882 3704 1114 3781 progressum
1141 3680 1182 3753 in

109 3794 303 3869 “scientiis
322 3799 537 3895 (praesertim
554 3797 595 3869 in
611 3806 715 3894 parte
731 3819 857 3870 earum
874 3794 1086 3892 operativa),
1110 3791 1182 3864 nisi

108 3916 127 3946 ‘⁶
142 3905 371 4006 philosophia
386 3909 562 3984 naturalis
590 3908 637 3982 ad
667 3907 834 3982 scientias
852 3903 1084 4005 particulares
1100 3924 1182 4002 pro·

110 4028 129 4058 ‘⁶
144 4017 255 4092 ducta
270 4020 394 4108 luerit,
419 4030 457 4095 et
475 4020 636 4095 scientiae
658 4017 891 4118 particulares
916 4041 1040 4091 rursus
1056 4014 1103 4088 ad
1119 4033 1182 4081 na-

110 4138 129 4168 “
144 4129 301 4203 turalem
331 4120 597 4230 philosophiam
627 4133 797 4207 reducta.
848 4131 982 4229 ltaque
1010 4149 1083 4199 non
1116 4121 1181 4192 mi·

107 4251 128 4282 “
144 4263 225 4316 rum
243 4253 301 4318 est
317 4244 348 4317 si
364 4245 525 4320 scientiae
540 4270 615 4320 non
641 4252 812 4331 crescant,
837 4266 923 4318 cum
950 4266 972 4313 a
999 4231 1180 4310 radicibus
