2678 4794
217 300 287 375 190
616 308 866 366 CONSPECTUS
1062 316 1149 369 car.
1167 318 1284 377 xrnr.

215 498 253 561 et
269 489 389 575 oleosi,
407 512 490 563 cum
505 488 636 586 fruges,
650 498 733 562 tum
749 511 899 586 quoque
915 509 1048 576 carnes,
1065 488 1288 572 difficiliores

215 601 332 675 solent
350 624 425 675 esse
448 610 645 676 concocta:
677 624 799 675 carnes
823 623 974 699 quoque
991 599 1186 696 juniorum
1212 610 1289 683 ani·

215 712 377 798 malium,
402 724 440 786 et
456 737 579 787 carnes
594 714 731 800 avium,
748 736 860 810 quam
878 711 1170 811 quadrupedum,
1189 720 1287 795 diffi.

213 819 327 912 cilius,
353 835 397 899 ut
412 826 569 912 videtur,
586 833 876 923 concoquuntur.

260 958 377 1010 ocxn.
404 937 524 1011 Tanta
539 947 664 1010 autem
682 939 738 1010 vis
754 946 809 1010 est
833 935 952 1009 edacis
978 934 1141 1012 humoris
1158 940 1288 1038 jejuni

211 1049 416 1135 ventriculi,
441 1050 481 1121 iu
510 1048 588 1121 aliis
614 1060 726 1147 atque
740 1046 819 1120 aliis
836 1046 1052 1121 animalium
1074 1054 1290 1148 generibus,

210 1169 345 1232 utnon
362 1161 474 1234 modo
490 1160 579 1249 olea,
602 1160 744 1259 gluten,
761 1157 1021 1256 muilaginem
1045 1161 1110 1233 sed
1126 1186 1206 1238 ossa
1222 1166 1286 1240 de·

208 1292 327 1357 mum,
344 1281 382 1344 et
399 1271 638 1346 durissimum
654 1271 757 1358 ebur,
774 1270 891 1344 solvat
903 1282 941 1343 et
956 1283 1170 1369 concoquat.
1212 1278 1285 1352 Di-

208 1381 305 1455 citur
329 1408 480 1482 quoque
496 1382 743 1457 ventriculum
768 1384 891 1481 ipsum
919 1381 1116 1481 aliquando
1144 1387 1283 1477 rodere,

208 1492 423 1568 brevissimo
440 1505 523 1593 post
541 1507 695 1569 mortem
712 1504 888 1592 tempore.

257 1628 395 1692 ocum.
421 1606 485 1679 Ex
503 1605 558 1679 his
576 1607 736 1704 denique
748 1606 840 1680 ratio
852 1606 956 1682 reddi
968 1618 1097 1708 potest,
1113 1632 1181 1683 cur
1195 1634 1283 1686 con-

207 1719 325 1791 coctio
343 1728 416 1791 tarn
435 1742 530 1817 saepe
546 1719 685 1805 vitiata,
712 1741 778 1791 cur
802 1715 1060 1794 alimentorum
1084 1719 1124 1792 in
1140 1725 1284 1796 ventri-

207 1828 291 1903 culo
308 1831 503 1927 corruptio,
528 1829 630 1903 acida
645 1830 776 1927 prima,
798 1828 882 1901 dein
900 1831 1058 1927 putrida,
1081 1829 1176 1905 male
1193 1857 1283 1907 con-

207 1940 450 2037 coquentibus
479 1939 681 2025 familiaris3
720 1964 785 2014 cur
809 1941 932 2015 subito
955 1942 1125 2016 turbetur
1148 1954 1188 2018 et
1203 1969 1283 2020 cor·

205 2060 399 2147 rumpatur
409 2051 571 2125 ciborum
585 2052 780 2140 concoctio,
792 2076 867 2125 non
878 2052 991 2127 modo
1000 2055 1108 2128 variis
1121 2059 1283 2155 corporis

206 2161 352 2247 morbis,
383 2163 447 2235 sed
475 2186 569 2262 saepe
596 2164 706 2237 etiam
736 2165 839 2262 gravi
867 2165 979 2239 animi
1009 2164 1170 2257 affcctu;
1213 2192 1284 2244 cur

204 2273 362 2371 corporis
379 2275 590 2348 exercitatio
607 2299 701 2373 saepe
731 2286 952 2373 promoveat,
977 2275 1173 2375 aliquando
1188 2303 1284 2354 vero

205 2383 393 2482 impediat,
418 2387 598 2461 actionem
622 2387 818 2463 ventriculi
835 2388 872 2461 in
891 2388 1007 2477 cibos,
1032 2415 1099 2464 cur
1122 2391 1282 2490 cyathus

205 2498 297 2569 meri
310 2496 437 2572 multis
449 2499 659 2573 hominibus
676 2500 800 2598 prosit,
817 2509 855 2573 et
872 2501 1144 2577 concoctionem
1155 2502 1282 2601 juvet,

207 2607 333 2682 multis
351 2635 437 2685 vero
453 2622 591 2698 noceat,
617 2612 843 2712 eandemque
860 2624 1075 2711 corrumpat,
