2678 4794
176 396 249 462 150
576 406 830 459 consracrns
1059 409 1149 463 car.
1164 411 1251 465 xv1.

175 584 338 670 tandem,
363 592 400 656 et
425 579 588 666 solvitur,
613 590 652 653 et
668 581 845 678 particula
860 580 1027 655 centralis
1055 607 1104 656 ex
1121 610 1163 657 ea
1180 585 1253 658 ela·

176 695 288 771 bitur.
338 694 414 767 Hic
429 691 545 790 igitur
561 691 802 767 videturesse
817 717 926 781 unus,
950 717 1072 790 neque
1101 694 1256 770 forsitan

175 808 363 890 minimus,
388 828 474 878 usus
499 805 568 877 seri
593 804 800 903 soliumque
823 830 916 905 quos
941 806 1115 890 continet,
1132 817 1254 880 totam

175 942 330 994 massam
354 915 541 1014 sanguinis
565 915 715 1003 diluere,
740 928 778 991 et
803 917 976 993 mobilem
994 917 1154 1004 reddere,
1172 943 1255 1015 par-

177 1029 379 1127 ticulasque
394 1028 521 1104 rubras
536 1029 706 1128 integras,
731 1040 770 1106 et
799 1056 874 1129 qua
889 1030 996 1104 decet
1010 1028 1139 1127 figura,
1169 1052 1255 1103 con-

176 1163 327 1219 servare.

224 1275 296 1328 1111.
315 1252 442 1353 Origo,
459 1267 498 1329 et
512 1254 607 1343 finis,
624 1265 662 1329 et
679 1281 767 1331 usus
783 1255 1041 1356 particularum
1060 1255 1253 1332 rubrarum

175 1367 311 1464 pariter
334 1367 472 1441 incerta
495 1379 609 1466 atque
625 1370 786 1444 obscura.
838 1371 935 1445 Sunt
950 1369 1018 1467 qui
1046 1369 1257 1465 opinantur,

176 1477 370 1575 particulas
392 1479 567 1554 centrales
590 1481 629 1553 in
642 1480 827 1578 glandulis
843 1481 1069 1580 conglobatis
1085 1503 1257 1554 vasorum

176 1590 453 1678 resorbentium,
489 1601 528 1664 et
551 1593 669 1690 prima
694 1603 801 1666 aetate
826 1595 864 1667 in
890 1593 1014 1692 thymo
1036 1590 1193 1677 formari,
1217 1591 1276 1663 in¹

176 1704 396 1802 sanguinem
413 1705 596 1791 resorberi,
613 1704 659 1777 ad
677 1705 775 1778 varia
790 1705 950 1804 corporis
963 1727 1100 1803 organa
1115 1701 1257 1788 deferri,

177 1825 217 1888 et
240 1839 262 1888 a
286 1814 410 1914 splene
434 1825 538 1915 parte
562 1816 741 1890 exteriore
765 1818 875 1890 rubra
899 1817 1016 1902 indui,
1042 1825 1080 1890 et
1097 1839 1164 1912 per
1179 1813 1260 1912 ejus

176 1949 262 2000 vasa
279 1928 500 2001 resorbentia
515 1926 562 1999 ad
578 1952 641 2001 cor
665 1926 813 2002 demum
841 1927 1103 2002 reduci-Sed
1121 1927 1198 2001 haec
1221 1935 1260 2000 et

177 2035 392 2134 hujusmodi
408 2049 618 2114 commenta
633 2063 764 2138 parum
782 2037 888 2112 firma
903 2039 1087 2113 videntur.

228 2170 318 2224 nni.
348 2148 440 2235 Non¹
460 2160 516 2224 est
542 2151 800 2237 dubitandum,
826 2151 918 2251 quin
944 2151 1133 2249 particulae
1159 2158 1262 2224 tanta

178 2283 266 2335 cura
289 2262 482 2350 fabrimtae,
519 2263 656 2363 insigni
693 2265 733 2337 in
758 2288 906 2362 corpore
932 2264 1015 2338 usui
1049 2263 1261 2349 inserviant,

179 2373 348 2471 quamvis
365 2375 425 2449 hic
441 2400 569 2474 parurn
587 2375 764 2450 hactenus
780 2376 951 2476 cognitus
977 2377 1033 2448 sit.
1085 2374 1174 2449 Non
1199 2373 1262 2447 de·

177 2482 329 2561 fuerunt
341 2487 407 2586 qui
420 2486 560 2586 opinati
573 2498 671 2575 sunt,
688 2486 1058 2565 Iatromutlrcrruticr'
1070 2488 1262 2575 nimirum,

179 2622 238 2674 eas
251 2599 310 2673 ‘ad
335 2599 491 2674 calorem
516 2601 708 2674 animalem
726 2601 958 2699 gignendum
985 2599 1265 2697 quodammodo

180 2710 364 2794 conferre3
390 2711 453 2784 sed
479 2711 579 2785 haud
605 2713 690 2786 satis
714 2712 836 2786 valida
859 2713 1009 2801 ratione.
1058 2712 1158 2786 Vasa
1187 2737 1264 2786 mu-

175 2821 257 2917 jora
280 2828 377 2893 certe
402 2819 563 2918 implent
586 2832 698 2920 atque
723 2822 951 2911 distendunt,
981 2848 1103 2922 neque
1121 2825 1263 2900 minora

179 2933 330 3017 intrant,
346 2954 469 3028 neque
485 2932 589 3006 facile
605 2957 788 3030 eoorpore
804 2933 1009 3011 elabuntur.
1059 2936 1129 3010 Ad
1146 2937 1264 3012 nutri·

181 3051 349 3116 mentum
375 3042 535 3139 corporis
570 3045 846 3142 quodammodo
871 3049 1041 3147 prodesse
1076 3049 1267 3136 videntur,

180 3151 358 3233 invalido
383 3166 422 3228 et
446 3153 542 3229 bene
566 3165 673 3252 pasto
697 3157 852 3231 animale
876 3185 986 3258 quam
1014 3161 1196 3260 plurimae,
1224 3161 1265 3234 in

181 3264 348 3340 famelico
365 3276 403 3339 et
420 3265 602 3340 exhausto
617 3267 845 3366 paucissima
861 3290 1022 3370 repertae.

231 3400 315 3451 niv.
359 3379 403 3452 F
401 3376 528 3453 ibrino
564 3391 603 3453 et
639 3377 811 3456 album
843 3393 883 3456 et
910 3382 1084 3482 gelatinu
1110 3408 1267 3484 quoque

180 3511 266 3562 vasa
282 3490 395 3585 probe
412 3490 630 3566 distendunt
647 3504 686 3568 et
708 3493 874 3591 implent,
899 3507 937 3570 et
955 3521 1002 3570 ne
1019 3496 1155 3571 humor
1171 3499 1268 3573 vita·

181 3597 225 3673 lis
251 3598 378 3673 effluat
404 3602 637 3699 impediunt:
672 3603 807 3684 humor
830 3608 930 3685 euim
958 3632 1103 3705 prorsus
1129 3611 1268 3697 tenuis,

181 3712 294 3784 instar
310 3738 426 3809 aquae,
453 3716 500 3788 ad
517 3717 605 3790 vitae
623 3742 777 3791 munera
793 3742 868 3791 non
886 3719 1097 3807 suffecisset,
1123 3721 1269 3821 quippe

180 3847 291 3919 quern
318 3848 403 3897 vasa
428 3826 633 3903 innumeris
670 3829 771 3903 ostiis
796 3831 921 3926 patula
955 3855 1029 3906 non
1057 3834 1269 3931 potuissent

180 3935 376 4011 continere.
427 3939 493 4010 Ad
519 3941 791 4014 nutrimentum
817 3942 998 4039 imprimis
1022 3943 1187 4020 conferre
1212 3946 1271 4021 vi-

181 4047 320 4120 dent-ur
334 4048 513 4146 principia
528 4051 616 4136 ista:
642 4052 815 4150 quoniam
835 4064 874 4125 et
902 4055 980 4151 ipsa
1005 4058 1168 4130 multum
1197 4081 1270 4132 nu-

181 4158 310 4245 triunt,
335 4168 373 4233 et
400 4162 523 4234 omnia
540 4161 724 4248 alimenta,
749 4188 815 4261 per
843 4164 1029 4265 duplicem
1048 4169 1086 4241 in
1112 4192 1274 4267 corpore

180 4270 464 4362 concoctionem,
480 4275 600 4371 primo
617 4274 657 4356 in
674 4275 882 4359 ventriculo
905 4289 945 4361 et
968 4280 1157 4361 intestinis
1183 4305 1274 4387 pos.-
