2678 4794
123 360 214 416 GAI'.
231 358 301 412 XV.
401 353 620 411 Mammula:
639 354 926 412 THEORETICAE.
1127 347 1197 414 143

125 539 186 613 vis
197 533 314 611 cordis
325 541 364 609 et
379 535 604 621 arteriarum,
621 530 865 632 amplificatio,
881 534 1102 622 constrictio,
1119 559 1202 609 con-

127 650 249 727 versio
265 649 303 721 iu
321 671 374 733 os,
393 655 535 719 motum
552 645 740 744 sanguinis
757 668 830 718 non
850 646 1030 744 impedire
1046 670 1121 719 non
1146 670 1209 744 po·

127 771 208 838 test
261 759 371 846 Quin
400 768 439 831 et
463 759 665 832 obstructio
688 757 874 855 quaelibet,
902 782 1013 833 venas
1037 759 1208 845 afficiens,

125 882 279 949 motrrm
295 869 487 968 sanguinis
515 869 712 943 tardiorem
729 870 871 955 reddit3
897 871 1016 945 veluti
1046 872 1076 944 si
1093 870 1211 968 jecur,

128 984 228 1085 quod
245 1006 346 1082 saepe
363 983 417 1065 lit,
441 981 580 1056 durum
605 981 726 1069 fuerit,
751 993 790 1056 et
806 985 976 1082 sanguini
994 1008 1059 1082 per
1076 1005 1210 1056 venam

122 1107 323 1198 ‚portarum
339 1092 507 1168 affluenti
524 1094 590 1167 vix
606 1096 799 1193 pervium;
824 1096 885 1172 vel
899 1095 1073 1194 denique,
1099 1094 1209 1191 respi-

131 1209 224 1284 ratio
238 1205 428 1305 impedita,
453 1205 677 1303 queminus
702 1205 815 1292 facile,
841 1230 905 1303 per
931 1207 1137 1305 pulmones,
1162 1204 1210 1278 ad

136 1320 322 1395 sinistrum
338 1318 456 1393 cordis
472 1318 579 1404 latus,
606 1318 675 1391 iter
699 1318 868 1415 sanguini
886 1320 1121 1393 conceditur:
1148 1318 1211 1391 sed

138 1430 177 1504 in
192 1430 264 1504 hoc
279 1440 370 1504 statu
388 1430 469 1503 aliae
486 1454 637 1528 quoque
653 1454 761 1503 noxae
778 1453 991 1503 concurrere
1001 1431 1186 1504 videntur.

188 1564 385 1616 ccccxxxx
413 1541 609 1629 Caetcrum,
635 1542 815 1640 quicquid
840 1565 945 1615 causa
972 1543 1083 1617 fuerit
1110 1542 1213 1640 quod

140 1655 282 1754 sanguis
298 1654 511 1751 languidius
528 1664 731 1741 moveatur,
754 1652 894 1726 malum
912 1653 951 1726 in
968 1679 1080 1727 venas
1098 1655 1214 1727 maxi-

139 1790 196 1842 me
210 1767 420 1851 incumbit;
445 1767 634 1853 nimirum,
651 1767 740 1864 quia
756 1767 794 1839 in
813 1766 869 1839 his
886 1766 1074 1864 sanguinis
1091 1778 1214 1840 motus

140 1902 279 1979 semper
303 1878 442 1952 tardior
469 1886 525 1952 est
550 1879 783 1976 (ccccxxxn).
835 1879 939 1952 Hinc
956 1878 1091 1951 varices
1109 1902 1215 1952 vena·

142 2015 233 2080 rum,
257 2002 298 2065 et
314 1991 568 2089 congestiones
585 1993 782 2090 sanguinis,
799 1993 1000 2091 praesertim
1020 1995 1058 2065 in
1077 1993 1120 2065 iis
1138 2017 1216 2091 par·

143 2102 248 2190 tibus,
267 2127 426 2203 quarum
438 2126 544 2176 venae
556 2104 671 2177 valvis
685 2117 818 2192 carent,
835 2107 925 2179 etin
939 2106 1075 2203 quibus
1092 2115 1216 2179 mutus

145 2215 395 2290 musculorum
414 2216 601 2313 sanguinis
617 2241 762 2290 cursum
779 2219 912 2316 juvare
928 2220 1069 2316 nequit.

185 2350 423 2404 ccccxxxix
450 2327 524 2400 Par
536 2352 687 2426 quoque
704 2333 797 2405 ratio
809 2339 874 2416 est,
892 2356 957 2405 cur
974 2333 1020 2403 ab
1037 2329 1218 2427 impedito

147 2451 205 2514 aut
218 2439 401 2539 languido
418 2439 606 2538 sanguinis
623 2453 731 2515 motu
749 2441 929 2540 Hydrops
947 2466 1042 2538 saepe
1059 2442 1218 2523 oriatur;

146 2551 285 2640 scilicet,
310 2563 421 2627 aucto
436 2553 474 2625 iu
492 2552 597 2625 venis
618 2554 763 2639 renixu,
788 2554 935 2652 sanguis
952 2553 1086 2651 aegrius
1103 2575 1150 2623 ex
1167 2575 1220 2622 ar·

147 2666 238 2740 tertis
255 2666 296 2739 in
315 2689 375 2738 eas
391 2666 575 2764 recipitur,
602 2676 640 2737 et
655 2665 740 2763 plus
763 2665 925 2739 humoris
943 2665 1064 2738 tenuis
1081 2663 1120 2735 in
1138 2685 1222 2735 vasa

148 2776 351 2851 exhalantia
371 2778 585 2874 (ccccxxxv)
604 2775 817 2875 impellitur,
835 2787 873 2849 et
890 2801 937 2849 ex
954 2778 998 2849 iis
1016 2776 1224 2874 deponitur,

148 2884 238 2963 laud
254 2890 349 2962 adeo
364 2888 469 2962 facile
486 2914 551 2986 per
570 2914 655 2962 vasa
671 2889 892 2962 resorbentia
909 2888 1162 2962 hauriendum.

190 3023 431 3076 cccctxxru.
471 3003 567 3074 Haec
596 3026 695 3087 vero,
729 3015 767 3074 et
800 3000 941 3099 reliqua
968 3001 1068 3075 haud
1097 3024 1224 3100 pauca,

151 3135 227 3208 quse
241 3138 264 3187 a
280 3113 459 3212 languido
476 3112 676 3186 humorum
694 3122 800 3186 motu
818 3113 1020 3210 profluunt,
1050 3114 1154 3199 mala,
1180 3137 1224 3186 eo

154 3220 280 3298 leutius
296 3235 336 3298 et
353 3224 539 3299 difficilius
557 3237 742 3312 sanantur,
768 3227 870 3324 quod
886 3250 1014 3299 omues
1027 3226 1138 3298 simul
1164 3247 1225 3296 na-

154 3346 239 3409 turae
256 3339 351 3410 vires
382 3336 571 3413 deficiunt.
622 3338 719 3424 Quae
735 3361 861 3410 veroa
885 3337 1002 3408 nimio
1028 3337 1228 3409 humorum

155 3445 289 3546 impetu
319 3450 556 3546 proveniunt,
583 3450 626 3521 iis
656 3458 722 3523 aut
751 3474 849 3523 mors
878 3451 961 3536 cita,
986 3466 1052 3522 aut
1077 3449 1229 3522 victoria

154 3554 237 3647 laeta,
262 3561 368 3633 brevi
384 3559 498 3634 finem
516 3563 689 3660 imponit.

196 3695 441 3747 ccccxxxw.
469 3674 573 3760 Quin
600 3685 637 3746 et
667 3675 803 3749 vitium
834 3677 1007 3749 circuitus
1034 3676 1231 3773 saepissime

158 3784 291 3870 accidit,
318 3786 432 3859 sicubi
452 3788 650 3885 sanguinis,
676 3788 742 3885 qui
760 3798 857 3860 certa
873 3789 976 3887 copia
1003 3788 1051 3860 ad
1067 3775 1228 3886 singulas

160 3904 267 3988 partes
286 3896 418 3969 deferri
436 3899 557 3985 debet,
583 3900 665 3997 plus
677 3901 781 3996 justo
798 3900 844 3972 ad
861 3901 1038 3997 quasdam
1057 3900 1230 3981 defertur,

163 4013 191 4076 et
207 4007 344 4104 majore
356 4033 468 4105 quam
486 4012 592 4085 decet
608 4013 775 4110 impetu:
801 4014 901 4086 uude
918 4013 1082 4087 defectus
1095 4013 1134 4083 in
1152 4010 1230 4082 aliis

164 4119 327 4209 partibus,
354 4145 438 4216 quae
454 4147 522 4196 suo
539 4147 638 4221 penu
657 4125 930 4200 defraudantur.

205 4253 422 4308 cccclxxv.
449 4235 549 4309 Talis
569 4236 781 4313 distributio
797 4239 982 4313 abnormis
1000 4232 1162 4308 humoris
1180 4229 1231 4302 vi.-
