<?xml version="1.0" encoding="UTF-8"?>
<!DOCTYPE html PUBLIC "-//W3C//DTD XHTML 1.0 Transitional//EN"
    "http://www.w3.org/TR/xhtml1/DTD/xhtml1-transitional.dtd">
<html xmlns="http://www.w3.org/1999/xhtml" xml:lang="en" lang="en">
 <head>
  <title>
</title>
<meta http-equiv="Content-Type" content="text/html;charset=utf-8" />
  <meta name='ocr-system' content='tesseract 3.04.00' />
  <meta name='ocr-capabilities' content='ocr_page ocr_carea ocr_par ocr_line ocrx_word'/>
</head>
<body>
  <div class='ocr_page' id='page_1' title='image "./conspectusmedic01greggoog_0586.png"; bbox 0 0 2678 4794; ppageno 0'>
   <div class='ocr_carea' id='block_1_1' title="bbox 62 344 1153 453">
    <p class='ocr_par' dir='ltr' id='par_1_1' title="bbox 62 344 1153 453">
     <span class='ocr_line' id='line_1_1' title="bbox 62 344 1153 453; baseline -0.002 -35"><span class='ocrx_word' id='word_1_1' title='bbox 62 363 149 418; x_wconf 80' lang='lat' dir='ltr'>oar.</span> <span class='ocrx_word' id='word_1_2' title='bbox 166 359 309 417; x_wconf 82' lang='lat' dir='ltr'>xxxlx.</span> <span class='ocrx_word' id='word_1_3' title='bbox 359 344 579 416; x_wconf 66' lang='lat' dir='ltr'>arabionem</span> <span class='ocrx_word' id='word_1_4' title='bbox 598 347 885 417; x_wconf 71' lang='lat' dir='ltr'>annonarrcar.</span> <span class='ocrx_word' id='word_1_5' title='bbox 1064 348 1153 453; x_wconf 66' lang='lat'>587⁹</span> 
     </span>
    </p>
   </div>
   <div class='ocr_carea' id='block_1_2' title="bbox 61 535 1165 3878">
    <p class='ocr_par' dir='ltr' id='par_1_2' title="bbox 61 535 1144 1620">
     <span class='ocr_line' id='line_1_2' title="bbox 111 535 1142 635; baseline -0.003 -20"><span class='ocrx_word' id='word_1_6' title='bbox 111 537 442 615; x_wconf 78' lang='lat' dir='ltr'>Mnxnv111.Cum</span> <span class='ocrx_word' id='word_1_7' title='bbox 476 535 753 611; x_wconf 83' lang='lat' dir='ltr'><strong>stimulantibus</strong></span> <span class='ocrx_word' id='word_1_8' title='bbox 787 559 940 635; x_wconf 92' lang='lat' dir='ltr'>quoque</span> <span class='ocrx_word' id='word_1_9' title='bbox 968 536 1142 612; x_wconf 84' lang='lat' dir='ltr'>remediis</span> 
     </span>
     <span class='ocr_line' id='line_1_3' title="bbox 61 649 1143 751; baseline -0.005 -23"><span class='ocrx_word' id='word_1_10' title='bbox 61 650 333 751; x_wconf 68' lang='lat' dir='ltr'>emarenagogas</span> <span class='ocrx_word' id='word_1_11' title='bbox 343 649 517 723; x_wconf 89' lang='lat' dir='ltr'>recenseri</span> <span class='ocrx_word' id='word_1_12' title='bbox 528 649 638 723; x_wconf 90' lang='lat' dir='ltr'>debet</span> <span class='ocrx_word' id='word_1_13' title='bbox 648 650 990 749; x_wconf 82' lang='lat' dir='ltr'>argentumvivum,</span> <span class='ocrx_word' id='word_1_14' title='bbox 1002 650 1143 749; x_wconf 85' lang='lat' dir='ltr'>quippe</span> 
     </span>
     <span class='ocr_line' id='line_1_4' title="bbox 66 761 1143 862; baseline -0.002 -24"><span class='ocrx_word' id='word_1_15' title='bbox 66 765 171 862; x_wconf 87' lang='lat' dir='ltr'>cujus</span> <span class='ocrx_word' id='word_1_16' title='bbox 186 787 260 836; x_wconf 91' lang='lat' dir='ltr'>non</span> <span class='ocrx_word' id='word_1_17' title='bbox 276 761 346 835; x_wconf 86' lang='lat' dir='ltr'>alia</span> <span class='ocrx_word' id='word_1_18' title='bbox 361 761 511 835; x_wconf 85' lang='lat' dir='ltr'>videtur</span> <span class='ocrx_word' id='word_1_19' title='bbox 527 785 603 836; x_wconf 89' lang='lat' dir='ltr'>esse</span> <span class='ocrx_word' id='word_1_20' title='bbox 618 763 676 836; x_wconf 86' lang='lat' dir='ltr'>vis</span> <span class='ocrx_word' id='word_1_21' title='bbox 705 770 743 836; x_wconf 92' lang='lat' dir='ltr'>et</span> <span class='ocrx_word' id='word_1_22' title='bbox 773 786 862 837; x_wconf 87' lang='lat' dir='ltr'>usus</span> <span class='ocrx_word' id='word_1_23' title='bbox 891 763 929 835; x_wconf 91' lang='lat' dir='ltr'>in</span> <span class='ocrx_word' id='word_1_24' title='bbox 955 761 1143 836; x_wconf 83' lang='lat' dir='ltr'>eliciendis</span> 
     </span>
     <span class='ocr_line' id='line_1_5' title="bbox 65 872 1143 974; baseline 0 -26"><span class='ocrx_word' id='word_1_25' title='bbox 65 875 261 950; x_wconf 88' lang='lat' dir='ltr'>mensibus.</span> <span class='ocrx_word' id='word_1_26' title='bbox 312 873 413 948; x_wconf 89' lang='lat' dir='ltr'>Olim</span> <span class='ocrx_word' id='word_1_27' title='bbox 432 872 582 970; x_wconf 91' lang='lat' dir='ltr'>quidem</span> <span class='ocrx_word' id='word_1_28' title='bbox 599 874 729 948; x_wconf 88' lang='lat' dir='ltr'>multis</span> <span class='ocrx_word' id='word_1_29' title='bbox 754 874 906 950; x_wconf 89' lang='lat' dir='ltr'>medicis</span> <span class='ocrx_word' id='word_1_30' title='bbox 928 877 1143 974; x_wconf 85' lang='lat' dir='ltr'>persuasum</span> 
     </span>
     <span class='ocr_line' id='line_1_6' title="bbox 65 986 1144 1087; baseline -0.001 -26"><span class='ocrx_word' id='word_1_31' title='bbox 65 986 137 1061; x_wconf 84' lang='lat' dir='ltr'>fuit</span> <span class='ocrx_word' id='word_1_32' title='bbox 155 1011 294 1061; x_wconf 90' lang='lat' dir='ltr'>menses</span> <span class='ocrx_word' id='word_1_33' title='bbox 312 986 509 1082; x_wconf 74' lang='lat' dir='ltr'>saepissime</span> <span class='ocrx_word' id='word_1_34' title='bbox 524 988 701 1084; x_wconf 85' lang='lat' dir='ltr'>supprimi</span> <span class='ocrx_word' id='word_1_35' title='bbox 719 1011 740 1061; x_wconf 87' lang='lat' dir='ltr'>a</span> <span class='ocrx_word' id='word_1_36' title='bbox 757 988 927 1062; x_wconf 92' lang='lat' dir='ltr'>morboso</span> <span class='ocrx_word' id='word_1_37' title='bbox 955 987 1144 1087; x_wconf 81' lang='lat' dir='ltr'>sanguinis</span> 
     </span>
     <span class='ocr_line' id='line_1_7' title="bbox 65 1097 1144 1200; baseline 0 -28"><span class='ocrx_word' id='word_1_38' title='bbox 65 1098 205 1173; x_wconf 81' lang='lat' dir='ltr'>lentore</span> <span class='ocrx_word' id='word_1_39' title='bbox 221 1122 285 1173; x_wconf 88' lang='lat' dir='ltr'>seu</span> <span class='ocrx_word' id='word_1_40' title='bbox 303 1097 494 1195; x_wconf 81' lang='lat' dir='ltr'>spissitate,</span> <span class='ocrx_word' id='word_1_41' title='bbox 518 1107 558 1170; x_wconf 91' lang='lat' dir='ltr'>et</span> <span class='ocrx_word' id='word_1_42' title='bbox 573 1111 767 1196; x_wconf 84' lang='lat' dir='ltr'>argentum</span> <span class='ocrx_word' id='word_1_43' title='bbox 785 1101 916 1176; x_wconf 83' lang='lat' dir='ltr'>vivum</span> <span class='ocrx_word' id='word_1_44' title='bbox 940 1101 1076 1200; x_wconf 80' lang='lat' dir='ltr'>insigni</span> <span class='ocrx_word' id='word_1_45' title='bbox 1103 1099 1144 1172; x_wconf 83' lang='lat' dir='ltr'>vi</span> 
     </span>
     <span class='ocr_line' id='line_1_8' title="bbox 65 1207 1144 1310; baseline 0.001 -27"><span class='ocrx_word' id='word_1_46' title='bbox 65 1211 202 1310; x_wconf 90' lang='lat' dir='ltr'>pollere</span> <span class='ocrx_word' id='word_1_47' title='bbox 231 1209 448 1306; x_wconf 83' lang='lat' dir='ltr'>sanguinem</span> <span class='ocrx_word' id='word_1_48' title='bbox 478 1207 685 1283; x_wconf 84' lang='lat' dir='ltr'>resolvendi</span> <span class='ocrx_word' id='word_1_49' title='bbox 711 1220 750 1283; x_wconf 92' lang='lat' dir='ltr'>et</span> <span class='ocrx_word' id='word_1_50' title='bbox 779 1211 1017 1286; x_wconf 78' lang='lat' dir='ltr'>attenuandi:</span> <span class='ocrx_word' id='word_1_51' title='bbox 1042 1233 1144 1284; x_wconf 90' lang='lat' dir='ltr'>nunc</span> 
     </span>
     <span class='ocr_line' id='line_1_9' title="bbox 66 1321 1143 1420; baseline 0.001 -25"><span class='ocrx_word' id='word_1_52' title='bbox 66 1346 154 1395; x_wconf 87' lang='lat' dir='ltr'>vero</span> <span class='ocrx_word' id='word_1_53' title='bbox 170 1322 288 1396; x_wconf 85' lang='lat' dir='ltr'>ambae</span> <span class='ocrx_word' id='word_1_54' title='bbox 304 1321 362 1395; x_wconf 83' lang='lat' dir='ltr'>hae</span> <span class='ocrx_word' id='word_1_55' title='bbox 378 1322 568 1420; x_wconf 90' lang='lat' dir='ltr'>opiniones</span> <span class='ocrx_word' id='word_1_56' title='bbox 596 1322 732 1420; x_wconf 90' lang='lat' dir='ltr'>pariter</span> <span class='ocrx_word' id='word_1_57' title='bbox 748 1323 1004 1409; x_wconf 84' lang='lat' dir='ltr'>obsoluerant3</span> <span class='ocrx_word' id='word_1_58' title='bbox 1030 1345 1143 1396; x_wconf 87' lang='lat' dir='ltr'>reme·</span> 
     </span>
     <span class='ocr_line' id='line_1_10' title="bbox 65 1433 1142 1535; baseline 0.003 -29"><span class='ocrx_word' id='word_1_59' title='bbox 65 1433 171 1507; x_wconf 93' lang='lat' dir='ltr'>dium</span> <span class='ocrx_word' id='word_1_60' title='bbox 190 1445 313 1507; x_wconf 90' lang='lat' dir='ltr'>autem</span> <span class='ocrx_word' id='word_1_61' title='bbox 331 1433 519 1507; x_wconf 86' lang='lat' dir='ltr'>interdum</span> <span class='ocrx_word' id='word_1_62' title='bbox 544 1457 619 1508; x_wconf 93' lang='lat' dir='ltr'>non</span> <span class='ocrx_word' id='word_1_63' title='bbox 644 1433 779 1509; x_wconf 89' lang='lat' dir='ltr'>inutile</span> <span class='ocrx_word' id='word_1_64' title='bbox 794 1446 860 1523; x_wconf 85' lang='lat' dir='ltr'>est,</span> <span class='ocrx_word' id='word_1_65' title='bbox 884 1437 1087 1535; x_wconf 78' lang='lat' dir='ltr'>praesertim</span> <span class='ocrx_word' id='word_1_66' title='bbox 1102 1434 1142 1509; x_wconf 93' lang='lat' dir='ltr'>in</span> 
     </span>
     <span class='ocr_line' id='line_1_11' title="bbox 65 1544 620 1620; baseline 0.002 -3"><span class='ocrx_word' id='word_1_67' title='bbox 65 1544 244 1618; x_wconf 90' lang='lat' dir='ltr'>diuturno</span> <span class='ocrx_word' id='word_1_68' title='bbox 260 1545 446 1619; x_wconf 88' lang='lat' dir='ltr'>mensium</span> <span class='ocrx_word' id='word_1_69' title='bbox 463 1544 620 1620; x_wconf 80' lang='lat' dir='ltr'>defectu.</span> 
     </span>
    </p>

    <p class='ocr_par' dir='ltr' id='par_1_3' title="bbox 63 1657 1146 2648">
     <span class='ocr_line' id='line_1_12' title="bbox 116 1657 1144 1757; baseline 0.003 -28"><span class='ocrx_word' id='word_1_70' title='bbox 116 1678 289 1731; x_wconf 77' lang='lat' dir='ltr'>nnxux.</span> <span class='ocrx_word' id='word_1_71' title='bbox 307 1658 486 1730; x_wconf 87' lang='lat' dir='ltr'>Proxime</span> <span class='ocrx_word' id='word_1_72' title='bbox 497 1666 582 1756; x_wconf 86' lang='lat' dir='ltr'>post</span> <span class='ocrx_word' id='word_1_73' title='bbox 597 1657 678 1732; x_wconf 85' lang='lat' dir='ltr'>haec</span> <span class='ocrx_word' id='word_1_74' title='bbox 694 1659 852 1732; x_wconf 87' lang='lat' dir='ltr'>veniunt</span> <span class='ocrx_word' id='word_1_75' title='bbox 869 1659 1030 1733; x_wconf 89' lang='lat' dir='ltr'>remedia</span> <span class='ocrx_word' id='word_1_76' title='bbox 1047 1683 1144 1757; x_wconf 84' lang='lat' dir='ltr'>quae-</span> 
     </span>
     <span class='ocr_line' id='line_1_13' title="bbox 64 1767 1146 1869; baseline 0.003 -28"><span class='ocrx_word' id='word_1_77' title='bbox 64 1767 150 1841; x_wconf 85' lang='lat' dir='ltr'>dam</span> <span class='ocrx_word' id='word_1_78' title='bbox 185 1793 271 1867; x_wconf 83' lang='lat' dir='ltr'>quae</span> <span class='ocrx_word' id='word_1_79' title='bbox 296 1792 441 1843; x_wconf 89' lang='lat' dir='ltr'>menses</span> <span class='ocrx_word' id='word_1_80' title='bbox 472 1768 672 1867; x_wconf 89' lang='lat' dir='ltr'>aliquando</span> <span class='ocrx_word' id='word_1_81' title='bbox 699 1792 850 1844; x_wconf 88' lang='lat' dir='ltr'>movere</span> <span class='ocrx_word' id='word_1_82' title='bbox 878 1778 945 1869; x_wconf 84' lang='lat' dir='ltr'>aut</span> <span class='ocrx_word' id='word_1_83' title='bbox 972 1771 1146 1846; x_wconf 78' lang='lat' dir='ltr'>reducere</span> 
     </span>
     <span class='ocr_line' id='line_1_14' title="bbox 63 1879 1146 1982; baseline 0.005 -30"><span class='ocrx_word' id='word_1_84' title='bbox 63 1880 249 1968; x_wconf 88' lang='lat' dir='ltr'>videntur,</span> <span class='ocrx_word' id='word_1_85' title='bbox 273 1881 433 1980; x_wconf 86' lang='lat' dir='ltr'>pervim</span> <span class='ocrx_word' id='word_1_86' title='bbox 451 1879 612 1979; x_wconf 79' lang='lat' dir='ltr'>aliquam</span> <span class='ocrx_word' id='word_1_87' title='bbox 630 1884 787 1956; x_wconf 85' lang='lat' dir='ltr'>mixtam</span> <span class='ocrx_word' id='word_1_88' title='bbox 806 1892 846 1957; x_wconf 91' lang='lat' dir='ltr'>et</span> <span class='ocrx_word' id='word_1_89' title='bbox 862 1882 1073 1982; x_wconf 76' lang='lat' dir='ltr'>ancipitem,</span> <span class='ocrx_word' id='word_1_90' title='bbox 1088 1907 1146 1957; x_wconf 86' lang='lat' dir='ltr'>ro·</span> 
     </span>
     <span class='ocr_line' id='line_1_15' title="bbox 64 1991 1144 2093; baseline -0.001 -23"><span class='ocrx_word' id='word_1_91' title='bbox 64 1991 254 2070; x_wconf 87' lang='lat' dir='ltr'>borantem</span> <span class='ocrx_word' id='word_1_92' title='bbox 287 1991 423 2065; x_wconf 88' lang='lat' dir='ltr'>scilicet</span> <span class='ocrx_word' id='word_1_93' title='bbox 451 1992 628 2067; x_wconf 90' lang='lat' dir='ltr'>simulet</span> <span class='ocrx_word' id='word_1_94' title='bbox 657 1994 920 2082; x_wconf 87' lang='lat' dir='ltr'>stimulantem,</span> <span class='ocrx_word' id='word_1_95' title='bbox 958 1994 1075 2093; x_wconf 89' lang='lat' dir='ltr'>qualis</span> <span class='ocrx_word' id='word_1_96' title='bbox 1103 1994 1144 2069; x_wconf 94' lang='lat' dir='ltr'>in</span> 
     </span>
     <span class='ocr_line' id='line_1_16' title="bbox 64 2101 1144 2204; baseline 0.006 -29"><span class='ocrx_word' id='word_1_97' title='bbox 64 2102 191 2177; x_wconf 88' lang='lat' dir='ltr'>multis</span> <span class='ocrx_word' id='word_1_98' title='bbox 208 2101 329 2176; x_wconf 88' lang='lat' dir='ltr'>herbis</span> <span class='ocrx_word' id='word_1_99' title='bbox 341 2101 473 2175; x_wconf 88' lang='lat' dir='ltr'>amaris</span> <span class='ocrx_word' id='word_1_100' title='bbox 486 2104 651 2194; x_wconf 70' lang='lat' dir='ltr'>(merx,</span> <span class='ocrx_word' id='word_1_101' title='bbox 669 2115 845 2204; x_wconf 70' lang='lat' dir='ltr'>mcxcvrt</span> <span class='ocrx_word' id='word_1_102' title='bbox 855 2110 973 2181; x_wconf 88' lang='lat' dir='ltr'>inesse</span> <span class='ocrx_word' id='word_1_103' title='bbox 985 2107 1144 2182; x_wconf 87' lang='lat' dir='ltr'>videtur.</span> 
     </span>
     <span class='ocr_line' id='line_1_17' title="bbox 64 2212 1145 2312; baseline 0.005 -25"><span class='ocrx_word' id='word_1_104' title='bbox 64 2215 157 2288; x_wconf 88' lang='lat' dir='ltr'>Huc</span> <span class='ocrx_word' id='word_1_105' title='bbox 173 2238 325 2312; x_wconf 91' lang='lat' dir='ltr'>quoque</span> <span class='ocrx_word' id='word_1_106' title='bbox 341 2212 464 2286; x_wconf 85' lang='lat' dir='ltr'>referri</span> <span class='ocrx_word' id='word_1_107' title='bbox 478 2223 634 2312; x_wconf 88' lang='lat' dir='ltr'>possunt</span> <span class='ocrx_word' id='word_1_108' title='bbox 649 2217 821 2311; x_wconf 76' lang='lat' dir='ltr'>quaedam</span> <span class='ocrx_word' id='word_1_109' title='bbox 838 2241 886 2290; x_wconf 90' lang='lat' dir='ltr'>ex</span> <span class='ocrx_word' id='word_1_110' title='bbox 903 2218 1145 2292; x_wconf 86' lang='lat' dir='ltr'>medicamen-</span> 
     </span>
     <span class='ocr_line' id='line_1_18' title="bbox 64 2325 1146 2424; baseline 0.001 -23"><span class='ocrx_word' id='word_1_111' title='bbox 64 2328 112 2402; x_wconf 86' lang='lat' dir='ltr'>tis</span> <span class='ocrx_word' id='word_1_112' title='bbox 134 2325 216 2424; x_wconf 89' lang='lat' dir='ltr'>jam</span> <span class='ocrx_word' id='word_1_113' title='bbox 243 2330 452 2423; x_wconf 73' lang='lat' dir='ltr'>(nnxnvn)</span> <span class='ocrx_word' id='word_1_114' title='bbox 469 2325 675 2401; x_wconf 73' lang='lat' dir='ltr'>recensitis:</span> <span class='ocrx_word' id='word_1_115' title='bbox 714 2327 884 2400; x_wconf 91' lang='lat' dir='ltr'>nonnulli</span> <span class='ocrx_word' id='word_1_116' title='bbox 907 2350 996 2401; x_wconf 87' lang='lat' dir='ltr'>vero</span> <span class='ocrx_word' id='word_1_117' title='bbox 1022 2328 1146 2402; x_wconf 87' lang='lat' dir='ltr'>omnia</span> 
     </span>
     <span class='ocr_line' id='line_1_19' title="bbox 63 2428 1146 2536; baseline 0.001 -24"><span class='ocrx_word' id='word_1_118' title='bbox 63 2463 186 2512; x_wconf 87' lang='lat' dir='ltr'>amara</span> <span class='ocrx_word' id='word_1_119' title='bbox 202 2439 300 2511; x_wconf 89' lang='lat' dir='ltr'>inter</span> <span class='ocrx_word' id='word_1_120' title='bbox 316 2428 582 2536; x_wconf 76' lang='lat' dir='ltr'>emmenagagc</span> <span class='ocrx_word' id='word_1_121' title='bbox 599 2457 813 2511; x_wconf 87' lang='lat' dir='ltr'>enumerare</span> <span class='ocrx_word' id='word_1_122' title='bbox 824 2438 981 2524; x_wconf 87' lang='lat' dir='ltr'>volunt;</span> <span class='ocrx_word' id='word_1_123' title='bbox 1007 2437 1071 2512; x_wconf 90' lang='lat' dir='ltr'>sed</span> <span class='ocrx_word' id='word_1_124' title='bbox 1087 2462 1146 2513; x_wconf 87' lang='lat' dir='ltr'>eo·</span> 
     </span>
     <span class='ocr_line' id='line_1_20' title="bbox 63 2549 1084 2648; baseline 0.001 -25"><span class='ocrx_word' id='word_1_125' title='bbox 63 2574 149 2624; x_wconf 91' lang='lat' dir='ltr'>rum</span> <span class='ocrx_word' id='word_1_126' title='bbox 166 2550 262 2622; x_wconf 88' lang='lat' dir='ltr'>vires</span> <span class='ocrx_word' id='word_1_127' title='bbox 279 2573 400 2646; x_wconf 89' lang='lat' dir='ltr'>neque</span> <span class='ocrx_word' id='word_1_128' title='bbox 417 2572 561 2648; x_wconf 84' lang='lat' dir='ltr'>magnae</span> <span class='ocrx_word' id='word_1_129' title='bbox 577 2571 700 2647; x_wconf 90' lang='lat' dir='ltr'>neque</span> <span class='ocrx_word' id='word_1_130' title='bbox 715 2560 824 2623; x_wconf 83' lang='lat' dir='ltr'>certae</span> <span class='ocrx_word' id='word_1_131' title='bbox 839 2549 1084 2648; x_wconf 90' lang='lat' dir='ltr'>reperiuntur.</span> 
     </span>
    </p>

    <p class='ocr_par' dir='ltr' id='par_1_4' title="bbox 62 2661 1148 3324">
     <span class='ocr_line' id='line_1_21' title="bbox 115 2661 1147 2761; baseline 0.002 -27"><span class='ocrx_word' id='word_1_132' title='bbox 115 2683 216 2735; x_wconf 77' lang='lat' dir='ltr'>mna.</span> <span class='ocrx_word' id='word_1_133' title='bbox 244 2661 404 2734; x_wconf 85' lang='lat' dir='ltr'>Ferrum</span> <span class='ocrx_word' id='word_1_134' title='bbox 420 2661 530 2735; x_wconf 87' lang='lat' dir='ltr'>variis</span> <span class='ocrx_word' id='word_1_135' title='bbox 559 2661 679 2734; x_wconf 88' lang='lat' dir='ltr'>modis</span> <span class='ocrx_word' id='word_1_136' title='bbox 703 2673 959 2760; x_wconf 86' lang='lat' dir='ltr'>praeparatum,</span> <span class='ocrx_word' id='word_1_137' title='bbox 985 2673 1024 2736; x_wconf 90' lang='lat' dir='ltr'>et</span> <span class='ocrx_word' id='word_1_138' title='bbox 1039 2686 1147 2761; x_wconf 84' lang='lat' dir='ltr'>aquae</span> 
     </span>
     <span class='ocr_line' id='line_1_22' title="bbox 62 2771 1147 2870; baseline 0.003 -23"><span class='ocrx_word' id='word_1_139' title='bbox 62 2772 299 2852; x_wconf 89' lang='lat' dir='ltr'>medicinales</span> <span class='ocrx_word' id='word_1_140' title='bbox 323 2771 475 2858; x_wconf 67' lang='lat' dir='ltr'>serratas,</span> <span class='ocrx_word' id='word_1_141' title='bbox 501 2796 661 2870; x_wconf 90' lang='lat' dir='ltr'>quorum</span> <span class='ocrx_word' id='word_1_142' title='bbox 688 2776 783 2848; x_wconf 85' lang='lat' dir='ltr'>vires</span> <span class='ocrx_word' id='word_1_143' title='bbox 812 2774 1022 2849; x_wconf 89' lang='lat' dir='ltr'>roborantes</span> <span class='ocrx_word' id='word_1_144' title='bbox 1049 2787 1147 2850; x_wconf 87' lang='lat' dir='ltr'>certe</span> 
     </span>
     <span class='ocr_line' id='line_1_23' title="bbox 62 2884 1148 2986; baseline 0 -26"><span class='ocrx_word' id='word_1_145' title='bbox 62 2884 164 2960; x_wconf 90' lang='lat' dir='ltr'>haud</span> <span class='ocrx_word' id='word_1_146' title='bbox 181 2885 330 2984; x_wconf 75' lang='lat' dir='ltr'>exiguae</span> <span class='ocrx_word' id='word_1_147' title='bbox 347 2895 446 2973; x_wconf 90' lang='lat' dir='ltr'>sunt,</span> <span class='ocrx_word' id='word_1_148' title='bbox 471 2887 511 2959; x_wconf 94' lang='lat' dir='ltr'>in</span> <span class='ocrx_word' id='word_1_149' title='bbox 528 2885 714 2959; x_wconf 86' lang='lat' dir='ltr'>eliciendis</span> <span class='ocrx_word' id='word_1_150' title='bbox 740 2887 927 2960; x_wconf 91' lang='lat' dir='ltr'>mensibus</span> <span class='ocrx_word' id='word_1_151' title='bbox 952 2887 1148 2986; x_wconf 82' lang='lat' dir='ltr'>insigniter</span> 
     </span>
     <span class='ocr_line' id='line_1_24' title="bbox 63 2998 1147 3096; baseline 0.002 -24"><span class='ocrx_word' id='word_1_152' title='bbox 63 3022 159 3096; x_wconf 78' lang='lat' dir='ltr'>saepe</span> <span class='ocrx_word' id='word_1_153' title='bbox 175 3009 341 3096; x_wconf 81' lang='lat' dir='ltr'>prosunt</span> <span class='ocrx_word' id='word_1_154' title='bbox 394 2998 492 3084; x_wconf 83' lang='lat' dir='ltr'>Quae</span> <span class='ocrx_word' id='word_1_155' title='bbox 504 3022 593 3071; x_wconf 90' lang='lat' dir='ltr'>vero</span> <span class='ocrx_word' id='word_1_156' title='bbox 608 2998 679 3073; x_wconf 90' lang='lat' dir='ltr'>boc</span> <span class='ocrx_word' id='word_1_157' title='bbox 689 2998 846 3073; x_wconf 86' lang='lat' dir='ltr'>consilio</span> <span class='ocrx_word' id='word_1_158' title='bbox 862 3001 980 3074; x_wconf 82' lang='lat' dir='ltr'>fontes</span> <span class='ocrx_word' id='word_1_159' title='bbox 996 2999 1147 3074; x_wconf 85' lang='lat' dir='ltr'>madici-</span> 
     </span>
     <span class='ocr_line' id='line_1_25' title="bbox 63 3109 1145 3208; baseline 0.003 -26"><span class='ocrx_word' id='word_1_160' title='bbox 63 3110 162 3184; x_wconf 89' lang='lat' dir='ltr'>nales</span> <span class='ocrx_word' id='word_1_161' title='bbox 179 3110 330 3185; x_wconf 89' lang='lat' dir='ltr'>ferratos</span> <span class='ocrx_word' id='word_1_162' title='bbox 346 3119 493 3208; x_wconf 88' lang='lat' dir='ltr'>petunt,</span> <span class='ocrx_word' id='word_1_163' title='bbox 518 3109 589 3184; x_wconf 88' lang='lat' dir='ltr'>alia</span> <span class='ocrx_word' id='word_1_164' title='bbox 605 3111 727 3197; x_wconf 89' lang='lat' dir='ltr'>simul,</span> <span class='ocrx_word' id='word_1_165' title='bbox 752 3136 874 3208; x_wconf 90' lang='lat' dir='ltr'>neque</span> <span class='ocrx_word' id='word_1_166' title='bbox 901 3113 1051 3185; x_wconf 84' lang='lat' dir='ltr'>sortasse</span> <span class='ocrx_word' id='word_1_167' title='bbox 1076 3112 1145 3185; x_wconf 91' lang='lat' dir='ltr'>mi·</span> 
     </span>
     <span class='ocr_line' id='line_1_26' title="bbox 63 3220 1083 3324; baseline 0.004 -31"><span class='ocrx_word' id='word_1_168' title='bbox 63 3221 162 3293; x_wconf 92' lang='lat' dir='ltr'>noris</span> <span class='ocrx_word' id='word_1_169' title='bbox 179 3220 372 3307; x_wconf 88' lang='lat' dir='ltr'>momenti,</span> <span class='ocrx_word' id='word_1_170' title='bbox 398 3221 537 3296; x_wconf 84' lang='lat' dir='ltr'>auxilia</span> <span class='ocrx_word' id='word_1_171' title='bbox 555 3224 788 3324; x_wconf 78' lang='lat' dir='ltr'>(mcxxxvn)</span> <span class='ocrx_word' id='word_1_172' title='bbox 804 3223 937 3297; x_wconf 88' lang='lat' dir='ltr'>habere</span> <span class='ocrx_word' id='word_1_173' title='bbox 953 3222 1083 3297; x_wconf 89' lang='lat' dir='ltr'>solent.</span> 
     </span>
    </p>

    <p class='ocr_par' dir='ltr' id='par_1_5' title="bbox 62 3331 1165 3878">
     <span class='ocr_line' id='line_1_27' title="bbox 114 3331 1165 3420; baseline 0.003 -15"><span class='ocrx_word' id='word_1_174' title='bbox 114 3354 233 3408; x_wconf 77' lang='lat' dir='ltr'>unm.</span> <span class='ocrx_word' id='word_1_175' title='bbox 264 3333 328 3405; x_wconf 86' lang='lat' dir='ltr'>Ex</span> <span class='ocrx_word' id='word_1_176' title='bbox 359 3331 614 3407; x_wconf 88' lang='lat' dir='ltr'>roborantibus</span> <span class='ocrx_word' id='word_1_177' title='bbox 641 3359 730 3408; x_wconf 89' lang='lat' dir='ltr'>vero</span> <span class='ocrx_word' id='word_1_178' title='bbox 758 3336 939 3420; x_wconf 90' lang='lat' dir='ltr'>remediis,</span> <span class='ocrx_word' id='word_1_179' title='bbox 972 3331 1165 3408; x_wconf 89' lang='lat' dir='ltr'>balneum.</span> 
     </span>
     <span class='ocr_line' id='line_1_28' title="bbox 62 3442 1148 3547; baseline 0.006 -32"><span class='ocrx_word' id='word_1_180' title='bbox 62 3442 241 3541; x_wconf 87' lang='lat' dir='ltr'>frigidum</span> <span class='ocrx_word' id='word_1_181' title='bbox 261 3447 300 3518; x_wconf 93' lang='lat' dir='ltr'>in</span> <span class='ocrx_word' id='word_1_182' title='bbox 319 3443 506 3517; x_wconf 85' lang='lat' dir='ltr'>eliciendis</span> <span class='ocrx_word' id='word_1_183' title='bbox 535 3447 725 3522; x_wconf 90' lang='lat' dir='ltr'>mensibus</span> <span class='ocrx_word' id='word_1_184' title='bbox 753 3446 864 3547; x_wconf 87' lang='lat' dir='ltr'>longe</span> <span class='ocrx_word' id='word_1_185' title='bbox 892 3447 1079 3546; x_wconf 87' lang='lat' dir='ltr'>optimum</span> <span class='ocrx_word' id='word_1_186' title='bbox 1108 3454 1148 3521; x_wconf 88' lang='lat' dir='ltr'>et</span> 
     </span>
     <span class='ocr_line' id='line_1_29' title="bbox 62 3556 1147 3658; baseline 0.004 -29"><span class='ocrx_word' id='word_1_187' title='bbox 62 3557 358 3629; x_wconf 86' lang='lat' dir='ltr'>efficacissimum</span> <span class='ocrx_word' id='word_1_188' title='bbox 375 3556 516 3642; x_wconf 87' lang='lat' dir='ltr'>existit,</span> <span class='ocrx_word' id='word_1_189' title='bbox 541 3579 616 3631; x_wconf 91' lang='lat' dir='ltr'>non</span> <span class='ocrx_word' id='word_1_190' title='bbox 648 3560 766 3658; x_wconf 83' lang='lat' dir='ltr'>magis</span> <span class='ocrx_word' id='word_1_191' title='bbox 794 3559 943 3634; x_wconf 84' lang='lat' dir='ltr'>forsitan</span> <span class='ocrx_word' id='word_1_192' title='bbox 974 3557 1023 3633; x_wconf 91' lang='lat' dir='ltr'>ob</span> <span class='ocrx_word' id='word_1_193' title='bbox 1051 3559 1147 3633; x_wconf 90' lang='lat' dir='ltr'>vires</span> 
     </span>
     <span class='ocr_line' id='line_1_30' title="bbox 64 3667 1147 3764; baseline 0.002 -22"><span class='ocrx_word' id='word_1_194' title='bbox 64 3691 149 3743; x_wconf 89' lang='lat' dir='ltr'>suas</span> <span class='ocrx_word' id='word_1_195' title='bbox 166 3667 387 3752; x_wconf 86' lang='lat' dir='ltr'>roborantes,</span> <span class='ocrx_word' id='word_1_196' title='bbox 406 3690 520 3764; x_wconf 87' lang='lat' dir='ltr'>quam</span> <span class='ocrx_word' id='word_1_197' title='bbox 538 3668 818 3745; x_wconf 90' lang='lat' dir='ltr'>saluberrimum</span> <span class='ocrx_word' id='word_1_198' title='bbox 832 3671 937 3746; x_wconf 91' lang='lat' dir='ltr'>illurn</span> <span class='ocrx_word' id='word_1_199' title='bbox 953 3670 1147 3746; x_wconf 91' lang='lat' dir='ltr'>stimulum</span> 
     </span>
     <span class='ocr_line' id='line_1_31' title="bbox 62 3780 1147 3878; baseline 0.003 -25"><span class='ocrx_word' id='word_1_200' title='bbox 62 3803 178 3878; x_wconf 91' lang='lat' dir='ltr'>quem</span> <span class='ocrx_word' id='word_1_201' title='bbox 207 3780 350 3878; x_wconf 85' lang='lat' dir='ltr'>corpori</span> <span class='ocrx_word' id='word_1_202' title='bbox 375 3780 552 3876; x_wconf 80' lang='lat' dir='ltr'>impertit</span> <span class='ocrx_word' id='word_1_203' title='bbox 603 3780 890 3856; x_wconf 88' lang='lat' dir='ltr'>Recordandum</span> <span class='ocrx_word' id='word_1_204' title='bbox 919 3793 976 3858; x_wconf 94' lang='lat' dir='ltr'>est</span> <span class='ocrx_word' id='word_1_205' title='bbox 1002 3783 1080 3856; x_wconf 85' lang='lat' dir='ltr'>haec</span> <span class='ocrx_word' id='word_1_206' title='bbox 1108 3792 1147 3856; x_wconf 86' lang='lat' dir='ltr'>et</span> 
     </span>
    </p>
   </div>
   <div class='ocr_carea' id='block_1_3' title="bbox 63 3890 1272 3982">
    <p class='ocr_par' dir='ltr' id='par_1_6' title="bbox 63 3890 1272 3982">
     <span class='ocr_line' id='line_1_32' title="bbox 63 3890 1272 3982; baseline 0.001 -16"><span class='ocrx_word' id='word_1_207' title='bbox 63 3892 197 3966; x_wconf 89' lang='lat' dir='ltr'>similia</span> <span class='ocrx_word' id='word_1_208' title='bbox 215 3892 373 3965; x_wconf 91' lang='lat' dir='ltr'>remedia</span> <span class='ocrx_word' id='word_1_209' title='bbox 390 3890 618 3966; x_wconf 82' lang='lat' dir='ltr'>stimulantis</span> <span class='ocrx_word' id='word_1_210' title='bbox 633 3904 672 3966; x_wconf 91' lang='lat' dir='ltr'>et</span> <span class='ocrx_word' id='word_1_211' title='bbox 689 3893 906 3982; x_wconf 87' lang='lat' dir='ltr'>roborantia,</span> <span class='ocrx_word' id='word_1_212' title='bbox 930 3919 1005 3969; x_wconf 90' lang='lat' dir='ltr'>non</span> <span class='ocrx_word' id='word_1_213' title='bbox 1037 3893 1147 3967; x_wconf 91' lang='lat' dir='ltr'>modo</span> <span class='ocrx_word' id='word_1_214' title='bbox 1268 3920 1272 3927; x_wconf 90' lang='lat'>·</span> 
     </span>
    </p>
   </div>
   <div class='ocr_carea' id='block_1_4' title="bbox 62 4005 1244 4334">
    <p class='ocr_par' dir='ltr' id='par_1_7' title="bbox 62 4005 1244 4334">
     <span class='ocr_line' id='line_1_33' title="bbox 62 4005 1146 4105; baseline 0.001 -28"><span class='ocrx_word' id='word_1_215' title='bbox 62 4005 249 4100; x_wconf 88' lang='lat' dir='ltr'>impetum</span> <span class='ocrx_word' id='word_1_216' title='bbox 282 4005 470 4103; x_wconf 81' lang='lat' dir='ltr'>sanguinis</span> <span class='ocrx_word' id='word_1_217' title='bbox 499 4006 702 4093; x_wconf 88' lang='lat' dir='ltr'>intendere,</span> <span class='ocrx_word' id='word_1_218' title='bbox 728 4030 859 4080; x_wconf 89' lang='lat' dir='ltr'>verum</span> <span class='ocrx_word' id='word_1_219' title='bbox 876 4009 1036 4105; x_wconf 88' lang='lat' dir='ltr'>insuper,</span> <span class='ocrx_word' id='word_1_220' title='bbox 1062 4006 1146 4079; x_wconf 88' lang='lat' dir='ltr'>sub-</span> 
     </span>
     <span class='ocr_line' id='line_1_34' title="bbox 62 4116 1146 4216; baseline 0.001 -28"><span class='ocrx_word' id='word_1_221' title='bbox 62 4118 176 4188; x_wconf 81' lang='lat' dir='ltr'>motis</span> <span class='ocrx_word' id='word_1_222' title='bbox 205 4118 453 4204; x_wconf 83' lang='lat' dir='ltr'>abnorrnibus,</span> <span class='ocrx_word' id='word_1_223' title='bbox 479 4117 656 4216; x_wconf 84' lang='lat' dir='ltr'>aequalem</span> <span class='ocrx_word' id='word_1_224' title='bbox 676 4128 714 4192; x_wconf 90' lang='lat' dir='ltr'>et</span> <span class='ocrx_word' id='word_1_225' title='bbox 730 4120 936 4194; x_wconf 89' lang='lat' dir='ltr'>naturalem</span> <span class='ocrx_word' id='word_1_226' title='bbox 966 4116 1045 4215; x_wconf 89' lang='lat' dir='ltr'>ejus</span> <span class='ocrx_word' id='word_1_227' title='bbox 1074 4118 1146 4190; x_wconf 90' lang='lat' dir='ltr'>dis·</span> 
     </span>
     <span class='ocr_line' id='line_1_35' title="bbox 64 4229 1244 4334; baseline 0 -31"><span class='ocrx_word' id='word_1_228' title='bbox 64 4229 309 4304; x_wconf 86' lang='lat' dir='ltr'>tributionem</span> <span class='ocrx_word' id='word_1_229' title='bbox 320 4229 473 4319; x_wconf 86' lang='lat' dir='ltr'>efficere,</span> <span class='ocrx_word' id='word_1_230' title='bbox 484 4232 683 4330; x_wconf 89' lang='lat' dir='ltr'>ipsumque</span> <span class='ocrx_word' id='word_1_231' title='bbox 692 4256 890 4334; x_wconf 79' lang='lat' dir='ltr'>spasmum,</span> <span class='ocrx_word' id='word_1_232' title='bbox 900 4254 1014 4331; x_wconf 84' lang='lat' dir='ltr'>quern</span> <span class='ocrx_word' id='word_1_233' title='bbox 1025 4231 1147 4331; x_wconf 89' lang='lat' dir='ltr'>primo</span> <span class='ocrx_word' id='word_1_234' title='bbox 1237 4278 1244 4293; x_wconf 84' lang='lat'><strong>·</strong></span> 
     </span>
    </p>
   </div>
   <div class='ocr_carea' id='block_1_5' title="bbox 0 0 1345 4794">
    <p class='ocr_par' dir='ltr' id='par_1_8' title="bbox 0 0 1345 4794">
     <span class='ocr_line' id='line_1_36' title="bbox 0 0 1345 4794; baseline 0 0"><span class='ocrx_word' id='word_1_235' title='bbox 0 0 1345 4794; x_wconf 95' lang='lat' dir='ltr'> </span> 
     </span>
    </p>
   </div>
  </div>
 </body>
</html>
