2678 4794
99 363 104 367 ’
134 384 225 442 cur.
244 382 330 437 xlx.
425 380 645 437 aramenta
664 380 952 439 annonarum.
1149 374 1219 443 201
1250 456 1251 460 ,

145 566 381 664 gravescente
404 583 548 648 nausea,
572 583 647 634 nou
664 560 777 634 modo
801 571 924 637 motus
949 560 1144 637 ventriculi
1169 563 1223 637 in-

138 699 264 750 versus
289 685 355 761 est,
392 674 455 747 sed
480 697 574 772 saepe
612 684 756 772 magnae
780 675 893 772 partis
918 676 1084 749 intestini
1122 676 1224 774 quod

133 789 355 888 proximum
372 796 446 870 est;
472 797 510 859 et
526 786 685 873 tandem,
712 795 815 884 septo
833 797 1046 873 transverso,
1070 799 1108 861 et
1124 813 1225 863 mus-

133 900 227 975 culis
243 899 462 985 abdominis,
492 922 557 997 per
573 923 790 972 consensum
808 901 933 998 quiea
959 902 1056 974 inter
1080 912 1118 975 et
1134 927 1223 977 veu-

131 1011 313 1086 triculum
357 1011 561 1098 intercedit,
603 1011 642 1082 in
686 1022 832 1086 motum
873 1013 998 1111 raptis,
1039 1012 1222 1088 abdomen

134 1134 272 1210 totum,
300 1133 340 1196 et
356 1120 582 1218 uentriculus
593 1123 791 1221 imprimis,
817 1124 933 1198 veluti
950 1126 989 1198 in
1007 1125 1109 1224 prelo
1125 1152 1225 1201 com-

139 1237 373 1334 primuntur;
399 1258 476 1332 quo
492 1234 644 1307 tandem
661 1235 810 1323 auxilio,
828 1237 1006 1334 quicquid
1025 1239 1063 1311 iu
1082 1263 1126 1313 eo
1150 1239 1224 1314 fuit

137 1346 278 1445 insigni
292 1350 412 1445 viper
428 1346 554 1445 gulam
584 1358 623 1420 et
638 1371 679 1421 os
708 1348 862 1445 ejicitur.
912 1349 1108 1425 Vomitum
1130 1376 1224 1450 prae-

142 1458 272 1532 cedere
288 1459 375 1533 solet
393 1484 549 1558 magnus
576 1460 776 1535 humorum
803 1461 876 1535 oris
891 1461 1030 1550 fluxus,
1058 1477 1096 1537 et
1112 1466 1225 1538 inter-

139 1570 231 1645 dum
246 1570 329 1645 labii
346 1573 526 1646 inferioris
546 1583 705 1659 tremor3
731 1598 895 1672 eumque
905 1576 1104 1650 comitatur
1116 1577 1226 1675 plena

136 1692 177 1758 et
193 1683 312 1758 valida
339 1686 532 1783 expiratio,
561 1709 635 1783 qua
652 1697 814 1774 cavetur,
841 1688 997 1786 nequid
1026 1687 1225 1789 {eryngen

134 1805 175 1871 et
190 1820 355 1894 asperam
373 1798 537 1870 arteriam
555 1798 679 1873 intret.

186 1929 378 1983 ncuxxw.
396 1909 544 1984 Nausea
561 1920 599 1983 et
615 1913 789 1999 vomitus,
807 1911 1102 2011 frequentissima
1119 1914 1225 1999 mala,

132 2021 350 2096 innumeras
375 2021 449 2095 fere
475 2047 598 2098 causas
623 2036 839 2124 agnoscunt,
865 2036 948 2100 turn
975 2051 1059 2124 quae
1088 2029 1226 2100 ventri-

128 2133 265 2208 culum
282 2136 406 2233 ipsum
423 2135 601 2224 afficiunt,
622 2148 705 2211 turn
719 2162 805 2236 quae
821 2140 1081 2212 remotissimas
1098 2164 1226 2239 corpo-

126 2247 182 2321 ris
199 2258 342 2346 partes3
368 2273 526 2345 quarum
540 2250 772 2336 irritationes,
789 2250 850 2323 vel
861 2250 1071 2325 affectiones
1084 2252 1225 2349 quales-

130 2381 286 2458 cunque
302 2360 453 2447 suerint,
479 2362 684 2436 secundum
702 2386 898 2438 consensus
914 2362 1024 2460 leges,
1041 2365 1226 2437 ventricu-

131 2468 216 2545 lum
235 2471 402 2545 multum
419 2473 596 2547 afficiunt.

183 2606 359 2658 ncuuxv,
386 2584 596 2659 Ventriculi
614 2585 730 2683 igitur
758 2585 913 2659 initatio
934 2585 1064 2672 omnis,
1090 2586 1226 2660 disten-

130 2696 204 2785 tio,
230 2696 349 2772 veluti
367 2697 412 2770 ab
429 2722 539 2772 onere
566 2698 638 2771 cibi
670 2697 784 2785 crudi,
810 2723 922 2797 prava
939 2700 1137 2785 concoctio,
1163 2700 1227 2774 ob-

126 2810 290 2883 structio
306 2810 399 2883 circa
416 2811 553 2884 ostium
570 2810 733 2897 inferius,
757 2811 851 2883 acria
868 2812 990 2883 omnia
1008 2811 1047 2884 in
1065 2837 1153 2885 eum
1171 2837 1225 2885 re-

124 2932 252 3019 cepta,
271 2922 389 2996 morbi
401 2922 545 3020 jecoris,
572 2923 849 3009 intestinorum,
865 2947 1008 3010 renum,
1033 2925 1141 3012 uteri,
1171 2949 1227 2998 ca-

123 3034 234 3132 pitis,
251 3036 402 3132 pedum,
421 3036 600 3110 universae
625 3035 731 3122 cutis,
759 3046 798 3109 et
816 3060 901 3109 sane
918 3036 1081 3111 universi
1099 3062 1226 3136 corpo

134 3145 209 3231 ris3
236 3146 487 3235 inflammatio,
517 3147 687 3235 calculus,
717 3149 868 3223 morbus
884 3151 1018 3248 regius,
1047 3149 1228 3236 sclrirras,

132 3256 348 3356 apopleniu,
393 3263 621 3360 compressio,
663 3260 821 3334 fractura
855 3261 1029 3347 calvariae,
1072 3263 1253 3359 veruga.

129 3392 309 3470 syncope,
338 3372 442 3445 dolor
467 3374 649 3460 immanis,
676 3372 850 3472 podagra,
876 3371 1021 3472 repulsa
1037 3370 1227 3471 imprimis

126 3481 264 3570 febres,
299 3485 414 3557 animi
432 3484 594 3573 affectus
624 3486 804 3582 imagines
822 3485 975 3558 demum
993 3484 1053 3558 vel
1071 3485 1228 3584 descrip

130 3593 256 3668 tiones
286 3595 526 3685 fastidiendae,
555 3620 729 3671 nauseam
757 3607 796 3669 et
824 3600 1011 3671 vomitum
1044 3623 1140 3697 saepe
1173 3600 1227 3671 in·

133 3705 291 3781 ducunt.

186 3842 381 3895 ncnxxvl.
407 3822 523 3897 Ratio
540 3847 627 3921 ergo
643 3823 681 3896 in
700 3831 877 3920 promptu
897 3823 976 3910 erit,
1003 3847 1068 3895 cnr
1084 3822 1225 3896 malurn

140 3929 226 4006 adeo
244 3932 427 4031 frequens,
454 3959 550 4033 saepe
580 3936 773 4034 primarius
799 3936 962 4023 morbus,
991 3937 1123 4033 saepius
1140 3935 1225 4007 alio-

140 4062 219 4117 rum
248 4045 462 4120 morborum
481 4047 658 4133 effectus3
690 4072 756 4122 cur
782 4072 877 4145 saepe
902 4048 1068 4121 salutaris
1085 4057 1226 4118 natura.

146 4166 300 4243 conatus,
319 4182 464 4231 summa
481 4162 614 4233 medici
632 4185 703 4258 ope
719 4161 1016 4259 promovendus:
1035 4158 1224 4230 interdum

150 4283 227 4340 vero
244 4269 388 4343 inutilis
405 4296 550 4370 prorsus
564 4286 601 4346 et
618 4274 778 4373 ineptus,
809 4274 966 4371 ideoque
996 4290 1225 4367 compescen·
