2678 4794
54 323 148 382 osa.
166 322 269 377 xxvi
338 318 561 377 nsnrcrnn
580 321 868 379 rasonsrrcn.
936 397 937 400 p
1065 306 1143 388 803
1280 376 1285 387 ,

58 502 141 577 tive
157 522 331 587 concessa,
352 501 528 598 pessimos
543 524 639 599 saepe
654 499 822 574 habuisse
839 498 1002 588 effectus,
1019 524 1142 599 neque

57 637 205 713 semper
220 622 336 686 morte
351 614 516 691 carnisse.

111 748 376 803 nccccnxxrx.
403 725 526 825 Igitur
541 725 636 799 bene
651 724 885 824 perspicuum
910 725 994 812 erit,
1018 742 1143 801 coram

60 850 175 937 atque
189 838 437 913 attentionem
455 837 555 912 haud
583 837 681 911 leves
697 833 836 910 daridas
859 860 936 910 esse
962 837 1083 910 diaetoe
1097 862 1146 910 ae·
1276 843 1279 863 '

61 951 315 1052 gestantium
356 960 396 1023 et
420 949 540 1024 multa
574 949 706 1047 peritia
742 971 840 1046 saepc
863 972 957 1045 opus
981 962 1070 1033 csse,
1099 958 1145 1022 nt

62 1065 151 1139 sciat
166 1061 336 1136 medicus
351 1062 474 1158 qualia
489 1061 663 1134 alimenta
679 1070 718 1133 et
732 1084 810 1158 quo
826 1072 992 1158 tempore
1020 1061 1146 1158 singu·

62 1173 108 1249 lis
129 1176 237 1274 aegris
259 1175 336 1249 sint
373 1173 628 1271 permittenda.
695 1173 885 1258 Quoniam
910 1196 997 1246 vero
1021 1195 1145 1269 nsque

62 1285 199 1360 limites
231 1308 355 1384 neque
379 1287 608 1384 propositum
634 1283 747 1380 hujus
782 1285 901 1381 operis
924 1296 990 1358 aut
1017 1286 1145 1357 sinunt

61 1407 132 1473 aut
155 1395 352 1496 postulant,
386 1407 432 1473 ut
465 1396 513 1470 de
551 1420 639 1470 cura
674 1393 905 1494 singulorum
930 1396 1144 1469 morborum

62 1521 209 1609 agema
232 1519 288 1583 sat
313 1508 426 1584 fuerit
451 1509 489 1583 in
519 1508 589 1583 hoe
617 1507 696 1582 loco
724 1507 873 1580 consilia
896 1518 936 1581 et
963 1519 1146 1606 praecepta

62 1618 236 1720 quaedam
252 1644 367 1720 quam
384 1622 547 1697 maxime
558 1619 739 1719 generalia
755 1620 955 1708 tmdidisse,
973 1622 1022 1694 de
1036 1622 1146 1699 dieta

63 1756 150 1832 qnoe
173 1733 214 1806 in
238 1731 385 1807 dnobus
411 1733 623 1807 morbomm
641 1731 848 1830 generibus,
874 1732 992 1805 acutis
1009 1732 1145 1809 scilicet

63 1855 178 1943 atque
193 1846 362 1932 vetustis,
379 1845 583 1921 conveniat.
634 1843 729 1918 Hac
745 1844 832 1917 bina
847 1843 1060 1918 morborum
1083 1867 1145 1941 ge-
1242 1895 1247 1903 ·

64 1979 167 2045 uera,
192 1979 313 2054 quum
338 1956 430 2029 adeo
454 1957 595 2033 diversa
611 1967 650 2030 et
666 1956 741 2030 fere
765 1958 944 2031 contraria
967 1957 1145 2041 existunt,

65 2090 271 2166 omnesque
311 2069 457 2144 morbos
502 2069 776 2168 quodammodo
815 2069 1145 2168 comprehendunt,

65 2175 270 2254 doctrinam
288 2179 497 2281 generalem
522 2182 569 2254 de
585 2181 706 2254 diaetae
721 2181 1037 2260 administratione
1060 2182 1146 2254 satis

64 2290 315 2378 illustrabunt,
332 2316 446 2391 quarn
462 2293 719 2391 unusquisque
735 2291 889 2390 singulis
898 2293 1034 2366 morbis
1053 2293 1145 2390 (per-

65 2405 198 2502 spectis
214 2406 317 2502 prius
333 2404 548 2503 specialibus
565 2429 693 2479 eorum
709 2405 864 2504 naturis)
881 2403 986 2478 facile
1001 2405 1147 2477 noverit

65 2517 350 2592 accommodare.

116 2650 371 2706 nocccsxxrt.
397 2630 444 2704 Iu
469 2628 654 2728 plerisque
677 2630 814 2712 nmrbis
829 2629 957 2715 acutis,
984 2626 1146 2702 febribus
1259 2626 1260 2633 ’

65 2738 214 2821 sones
238 2739 392 2840 aliisque
408 2742 664 2817 affectionibus
689 2742 854 2840 ejusdem
883 2753 1039 2832 naturas,
1063 2740 1147 2816 talis

61 2849 135 2926 fere
157 2853 288 2941 existit
315 2856 550 2952 appetituum
575 2855 798 2930 naturalium
825 2863 952 2942 status,
983 2865 1028 2930 nt
1052 2856 1143 2954 aegri

66 2964 191 3039 cibum
207 2986 282 3039 non
302 2965 410 3039 modo
426 2990 501 3040 non
526 2976 713 3066 appetant,
741 2968 802 3043 sed
822 2966 984 3043 multum
1008 2966 1147 3041 fastidi·

66 3084 142 3161 ant,
179 3099 276 3174 sepe
311 3077 423 3151 etiam
461 3077 571 3152 nullis
605 3080 831 3180 argumentis
872 3089 939 3154 aut
979 3080 1148 3178 precibus
1249 3164 1251 3169 ,

66 3185 300 3273 inducantur,
348 3200 394 3264 ut
435 3190 529 3264 hanc
570 3192 852 3291 repugnantiam
893 3193 946 3264 ita
985 3192 1147 3279 vincant,

67 3306 113 3370 ut
137 3295 200 3370 vel
221 3322 335 3374 unam
371 3300 547 3377 bucceam
571 3303 655 3391 cibi,
691 3304 859 3403 quamvis
888 3300 1147 3389 delicatissimi,

67 3419 228 3486 sumant.

113 3541 388 3600 nccccnxxxn
415 3525 462 3599 In
481 3525 551 3601 hoc
566 3527 682 3625 igitur
698 3539 808 3617 statu,
833 3528 1034 3604 absurdum
1051 3539 1150 3604 certe

68 3628 159 3710 foret
174 3635 343 3711 multum
361 3637 487 3712 cibum
503 3638 665 3736 cujusvis
691 3643 834 3740 generis
849 3642 1042 3741 aegrotanti
1060 3665 1150 3740 prae·

70 3745 244 3833 scribere:
274 3751 474 3847 presertim
502 3775 620 3849 quum
638 3765 677 3825 et
693 3753 786 3825 ratio
800 3752 919 3839 docet,
936 3765 975 3826 et
991 3752 1150 3850 plurima

67 3859 297 3955 experientis
318 3862 582 3960 compmbavit,
607 3864 744 3951 cibum,
768 3853 1152 3963 quem,'repugnante

61 3976 208 4058 nsum,
245 3981 287 4046 et
320 3972 516 4048 deficiente
539 3976 719 4075 appetitu,
756 3986 822 4051 aut
851 3977 1019 4050 saniant
1050 3975 1150 4073 aegri,

57 4072 315 4159 febricitantes
339 4084 533 4185 imprimis,
570 4089 805 4187 sumpserint,
839 4111 936 4187 aegrc
959 4087 1150 4183 concoqui,

63 4195 113 4258 tt
133 4214 262 4294 corpus
291 4220 423 4295 parum
453 4198 595 4275 nutrire
623 4209 691 4276 aut
716 4199 872 4284 reficere,
898 4210 937 4273 et
952 4197 1046 4274 nihil
1070 4218 1151 4293 pro·

600 4332 628 4384 a
