2678 4794
179 256 265 335 ,368
576 270 829 330 couseucrus
860 272 866 277 ·
1016 269 1102 325 cnr.
1119 268 1276 326 xxrru.

193 452 294 529 tibus
309 451 497 552 profuisse,
522 451 763 549 quantumvis
779 449 944 547 ipsorum
961 468 1044 545 spes
1068 455 1107 521 et
1135 446 1274 523 fiducia

194 565 421 753 Prhrfhiihtv
449 674 580 749 Animi
608 696 698 747 vero
722 671 852 746 laetitia
880 679 993 769 atque
1018 668 1197 760 hilaritas,
1234 682 1272 747 et

194 791 311 890 magis
340 788 460 863 adhuc
488 810 570 884 spes
597 795 664 859 aut
686 784 880 884 gaudium,
904 781 1174 882 aegrotantibus
1197 806 1271 869 non

194 926 337 1001 semper
352 906 439 974 sunt
449 908 515 972 aut
526 896 753 972 concilianda
765 907 831 969 aut
841 894 1097 969 conservanda
1140 895 1271 970 Ptoxi·

194 1037 253 1087 ma
268 1025 393 1086 autem
416 1012 531 1083 animi
558 1009 699 1084 laetitiae
729 1017 787 1082 est
814 1008 946 1082 idonea
973 1006 1054 1104 ejus
1080 1008 1271 1107 occupatio

194 1135 233 1198 et
248 1123 470 1210 exercitatio,
486 1148 573 1222 quae
589 1116 714 1196 multo
729 1119 843 1218 magis
856 1119 994 1192 anobis
1007 1118 1158 1217 pendet,
1175 1144 1270 1218 quoe·

193 1258 268 1332 que
283 1246 322 1308 et
338 1235 474 1308 similes
491 1235 607 1309 bonos
635 1230 788 1306 effectus
814 1233 854 1305 in
883 1255 1031 1330 corpore
1047 1243 1209 1329 praestat,
1224 1236 1270 1308 'et

192 1369 316 1419 revera
331 1342 499 1418 animum
517 1348 640 1444 ipsum
656 1343 878 1444 plerumque
893 1345 1019 1418 laetum
1050 1353 1089 1418 et
1119 1343 1268 1418 hilarem

191 1456 323 1531 reddit
374 1457 475 1532 'lulis
492 1459 609 1558 igitur
624 1457 738 1530 animi
755 1457 889 1555 pariter
904 1466 944 1530 et
959 1455 1120 1553 corporis
1137 1458 1268 1531 exerci-=

191 1571 295 1657 tatio,
312 1570 430 1668 qualis
446 1592 522 1644 non
539 1570 654 1644 nimia
670 1568 792 1655 fuerit,
809 1566 932 1666 neque
947 1566 1163 1642 alterutrius
1178 1569 1268 1647 viret

190 1683 450 1771 attenuaverit,
476 1681 646 1782 plurimis
661 1681 767 1779 aegris
791 1691 905 1778 atque
933 1678 1100 1765 infirmis,
1124 1702 1268 1778 prater·

191 1795 262 1870 tim
291 1796 358 1894 qui
388 1796 524 1870 morbis
548 1791 698 1870 nervosi
719 1791 886 1893 generis,
911 1791 1030 1867 veluti
1058 1789 1268 1893 dyspepsio,

190 1905 369 2004 hystoria,
386 1904 712 2006 lypochondriasi
738 1903 988 1992 melancholia,
1005 1907 1069 1979 &c
1095 1903 1267 1992 laborant,

190 2041 266 2115 prae
291 2019 464 2092 omnibus
490 2018 744 2116 persuadenda
768 2028 832 2092 est.
884 2017 972 2091 Non
1001 2018 1103 2090 enim
1132 2026 1190 2092 sat
1216 2026 1267 2091 est

190 2150 323 2226 corpus
340 2138 384 2202 ut
400 2130 507 2204 decet
524 2132 695 2219 exerceri,
713 2132 742 2205 si
756 2155 860 2204 mens
873 2131 947 2204 suis
960 2130 1067 2216 curis,
1084 2138 1124 2203 et
1140 2152 1267 2204 aerum·

189 2240 258 2328 nis,
283 2251 321 2314 et
338 2240 644 2329 solicitudinibus,
668 2245 779 2317 anxia
803 2253 842 2316 et
870 2243 946 2316 fixa
961 2243 1126 2317 inhaeret.
1178 2240 1267 2332 Qui·

59 2378 61 2383 ·
188 2374 340 2450 cunque
355 2355 454 2428 enim
474 2352 542 2428 sibi
559 2379 712 2453 suaeque
727 2355 932 2429 valetudini
949 2352 1032 2453 plus
1058 2376 1170 2452 aequo
1197 2352 1268 2428 ani·

189 2489 295 2540 mum
312 2466 485 2554 attendit,
509 2465 571 2541 ille
587 2467 729 2565 aliquid
749 2466 837 2541 mali
865 2467 904 2539 in
934 2489 973 2540 se
1000 2475 1067 2540 aut
1094 2460 1267 2552 inveniet,

189 2588 256 2652 aut
280 2578 408 2678 finget,
433 2589 500 2653 aut
523 2603 649 2653 revera
677 2580 828 2654 tandem
854 2581 971 2654 saciet.
1023 2579 1267 2679 Quapropter,

189 2689 318 2763 multis
335 2692 483 2789 aegrotis
500 2691 641 2790 aliquid
657 2694 798 2792 negotii
816 2703 882 2768 aut
898 2692 1151 2790 occupationis
1167 2689 1267 2790 qnod

187 2801 357 2873 animum
386 2803 550 2877 detineat
576 2806 819 2878 necessarium
844 2815 911 2892 est,
935 2827 1011 2877 non
1040 2803 1154 2878 modo
1181 2824 1265 2876 cum

186 2933 337 3008 corpora
361 2925 427 2985 aut
456 2925 649 3011 nequeunt
678 2927 744 2990 aut
768 2915 904 2989 nolunt
933 2938 1110 3003 exercere,
1134 2934 1263 2989 verum

186 3023 299 3094 etiam
315 3023 482 3121 apprime
511 3025 604 3099 utile
630 3049 716 3098 cum
748 3034 865 3099 semet
893 3028 1057 3102 maxime
1084 3035 1264 3112 exercent,

187 3131 306 3206 veluti
322 3133 557 3222 ambulando,
574 3135 786 3233 equitando,
804 3139 868 3212 &a
918 3139 1008 3214 Non
1024 3137 1146 3215 verbis
1174 3161 1266 3238 opus

99 3294 102 3301 -
186 3253 254 3332 est,
279 3246 498 3345 utquisque
526 3248 594 3344 qui
619 3255 789 3322 naturam
815 3249 1017 3326 humanam
1036 3251 1096 3326 vel
1112 3252 1266 3325 minime

187 3356 421 3446 intellexerit,
446 3357 560 3456 probe
586 3359 791 3457 perspiciat,
818 3365 1118 3438 exercitationem
1138 3385 1265 3461 quam·

186 3466 287 3554 libet,
312 3480 405 3568 puta
420 3464 708 3545 ambulationem
739 3475 1003 3572 quotidianam,
1029 3484 1097 3550 aut
1107 3471 1263 3575 'longum

185 3579 265 3663 iter,
291 3580 402 3680 longe
427 3581 532 3656 aliter
548 3583 691 3659 homini
707 3609 786 3661 esse
802 3587 1048 3686 profuturam,
1071 3610 1189 3685 quem
1205 3608 1264 3660 ve·

181 3699 294 3766 natus
307 3715 419 3779 amor,
436 3695 707 3770 autherbarum
722 3699 900 3787 studium,
918 3698 1021 3773 ducit
1032 3722 1099 3798 per
1107 3720 1263 3798 campos,

184 3813 224 3877 et
242 3813 394 3891 montes,
419 3815 458 3879 et
475 3806 606 3906 sylvas,
632 3818 671 3881 et
697 3808 831 3897 littora,
856 3810 1080 3884 indefessum
1107 3834 1130 3883 a
1160 3830 1263 3885 mane

182 3915 232 3989 ad
249 3939 437 4015 vesperem
455 3933 583 4019 usque,
610 3930 779 4020 atquem
796 3921 949 4020 pulchro
975 3930 1119 3997 naturae
1147 3921 1262 4008 facim,
1294 3988 1301 3995 .

184 4036 223 4101 et
238 4027 412 4103 mirabilis
439 4031 539 4121 ordo,
565 4032 723 4107 delectat
751 4043 865 4132 atque
892 4033 1082 4122 exhilarat,
1109 4032 1260 4109 acuisti

183 4148 222 4212 et
237 4141 371 4216 misero
395 4145 599 4242 aegrotanti,
625 4145 687 4221 cui
709 4143 802 4219 nihil
819 4145 920 4221 aliud
936 4156 1023 4222 ante
1048 4146 1175 4224 oculos
1199 4156 1260 4221 ant
