2678 4794
128 288 200 356 238
521 298 770 355 cossrrrcrus
1011 298 1096 350 cur.
1115 295 1208 386 xxi

125 501 219 564 rcus,
236 476 354 552 forsan
367 501 389 550 a
400 475 499 548 vitiis
507 473 724 573 genitalium
736 492 968 570 organorum,
986 472 1195 558 irritatione,

125 592 243 664 nimio
259 587 443 688 sanguinis
459 585 578 673 fluxu,
595 585 710 657 nimia
721 585 922 659 humorum
939 583 1197 658 foecundorum

126 705 332 788 secretione,
361 699 554 783 inductus;
588 697 719 797 saepius
736 721 822 770 vero
838 721 859 768 a
875 695 958 770 laesa
973 707 1011 768 et
1028 705 1198 794 corrupta

125 813 387 914 imaginatione
402 810 582 908 originem
597 810 744 884 ducens.

174 946 386 1000 uccnxxrx.
413 923 460 994 In
477 921 650 996 foecunda
666 922 815 995 Venere
830 919 1014 1018 probabile
1031 929 1095 1006 est,
1121 942 1200 992 non

125 1038 234 1112 modo
260 1033 460 1110 clitoridcm
487 1046 711 1133 caeterasque
735 1042 854 1133 partes
878 1034 1073 1106 exteriores
1098 1034 1201 1129 geni·

124 1147 252 1221 talium
277 1171 501 1246 organorum
519 1146 770 1232 foeminarum,
796 1145 861 1218 sed
876 1146 1022 1218 intimas
1040 1167 1200 1241 quoque,

123 1259 230 1333 tubas
247 1261 430 1360 imprimis
446 1258 708 1360 Fallopionus,
735 1256 914 1331 influente
931 1258 1109 1355 sanguine
1126 1265 1201 1329 tur·

122 1395 208 1470 gere
224 1384 263 1446 et
280 1374 372 1472 erigi
386 1402 395 1459 ;
433 1372 571 1471 hasque
588 1371 694 1446 tubas
711 1371 759 1444 ad
774 1369 908 1445 avaria
923 1369 1120 1456 admoveri,
1145 1393 1198 1442 ea-
1237 1396 1241 1403 ·

122 1483 285 1583 demque
301 1486 375 1558 suis
386 1484 538 1557 fimbriis
549 1483 730 1582 amplecti,
744 1506 943 1581 semenque
956 1480 1198 1555 masculinum

114 1585 171 1669 'ad
199 1621 241 1669 ea
270 1596 419 1682 deferre,
448 1620 638 1694 ovumque
665 1594 726 1669 vel
754 1605 957 1695 separatum
986 1619 1033 1667 ex
1062 1593 1198 1678 ovorio,
1227 1638 1232 1645 ·

122 1719 320 1807 postquam
339 1711 477 1783 semine
494 1707 695 1782 masculino
722 1706 978 1781 foecundatam
996 1706 1117 1792 fuerit,
1142 1703 1197 1778 vel

122 1821 273 1896 forsitan
302 1823 405 1921 rupti
432 1830 580 1896 tautum
606 1821 669 1893 ovi
703 1820 906 1906 humorem,
942 1843 1030 1892 cum
1063 1817 1198 1891 semine

124 1935 298 2020 mixtum,
323 1936 362 2007 in
381 1944 528 2031 uterum
546 1932 737 2007 deducere.

172 2067 377 2120 occaxxx.
405 2047 501 2120 Haec
516 2069 607 2118 vero
623 2070 716 2119 num
742 2045 794 2118 ita
823 2045 930 2132 fiunt,
960 2044 1020 2117 vel
1036 2069 1114 2143 quo
1143 2045 1199 2119 de·

124 2179 231 2230 mum
250 2169 427 2256 tempore,
453 2183 584 2257 parum
607 2159 729 2232 adhuc
745 2168 907 2231 constat:
944 2157 1091 2245 scilicet,
1116 2158 1200 2256 quia

126 2268 344 2343 observandi
367 2271 569 2346 occasiones
599 2272 637 2344 in
663 2270 874 2345 hominibus
896 2296 984 2343 rarae
999 2271 1201 2345 admodum

78 2466 87 2478 ²
125 2391 223 2468 sunt,
250 2382 444 2481 multaque
456 2394 585 2456 vetant
601 2383 773 2457 adhibere
788 2382 899 2456 fidem
917 2381 1095 2480 plurimis,
1114 2406 1201 2482 quas

126 2494 217 2567 varii
240 2504 405 2569 auctores
433 2496 679 2594 protulerunt,
703 2494 1024 2569 observationibus.
1077 2497 1201 2584 Quan-

127 2616 209 2678 tum
228 2630 316 2680 vero
332 2633 381 2680 cx
396 2609 685 2706 inspectionibus
701 2608 926 2694 animalium,
943 2609 1201 2705 aperitissimis

127 2716 276 2788 medicis
294 2720 485 2805 institutis,
511 2720 570 2794 vel
588 2720 750 2817 denique
766 2745 964 2820 paucarum
994 2722 1201 2807 mulierum,

126 2849 283 2919 quarum
300 2831 474 2904 cadavera
490 2832 591 2905 brevi
620 2842 705 2929 post
721 2843 942 2928 conceptum
959 2842 1126 2933 tempore
1149 2836 1200 2908 in-

126 2937 301 3032 spiciendi
318 2939 469 3015 facultas
485 2943 605 3027 fuerit,
631 2941 752 3039 colligi
780 2945 903 3040 possit,
929 2969 1051 3044 neque
1080 2949 1201 3031 fietus,

125 3069 246 3143 neque
262 3073 388 3137 ovum,
413 3063 498 3124 ante
514 3054 649 3151 viginti
665 3053 743 3126 dies
768 3066 849 3152 post
875 3071 1111 3158 conceptum,
1140 3061 1200 3135 de·

124 3159 202 3255 tegi
218 3172 391 3257 possunt:
419 3162 716 3241 humortantum
735 3173 858 3254 tenarr,
884 3170 1105 3265 glutinosus,
1128 3172 1201 3272 pel·

124 3268 267 3347 lucidus
295 3274 335 3348 in
365 3285 471 3349 utero
497 3284 562 3349 aut
589 3276 687 3351 tubis
717 3283 961 3377 conspicitur;
991 3273 1059 3383 qui
1077 3296 1200 3360 tamen

123 3383 320 3476 primordia
354 3388 440 3461 novi
473 3388 638 3462 animalis
672 3392 849 3479 continet,
887 3398 1060 3492 quamvis
1094 3397 1200 3482 oculi,

124 3494 236 3568 etiam
252 3501 380 3571 armati
393 3500 543 3597 optimis
554 3502 674 3592 vitris,
693 3506 808 3579 aciem
828 3506 1017 3605 fugientia.
1062 3511 1203 3597 Quam·

123 3605 383 3702 primumvero
395 3624 542 3687 tanturn
553 3613 736 3690 firmitatis
754 3628 792 3690 et
806 3619 935 3693 coloris
952 3622 1099 3720 adeptae
1117 3634 1204 3697 sunt

121 3728 240 3815 partes
257 3722 361 3796 crudi
377 3722 500 3812 foetus,
526 3737 569 3800 ut
599 3730 740 3826 possint
758 3730 950 3829 distingui,
977 3746 1062 3807 tum
1087 3759 1202 3810 ovum

122 3831 334 3908 observatur
350 3860 396 3910 ex
415 3837 516 3912 molli
534 3851 573 3912 et
590 3842 694 3914 tenui
722 3843 931 3916 membrana
955 3858 1142 3938 constans,
1165 3858 1204 3921 et

122 3944 296 4042 aquulam
313 3949 530 4046 pellucidam
558 3954 761 4040 continens,
786 3956 824 4026 in
857 3981 930 4052 qua
956 3982 1097 4033 novum
1129 3963 1204 4035 ani-

81 4159 90 4169 ,
123 4056 205 4142 mal,
231 4058 439 4148 incurvum,
470 4087 536 4161 per
565 4063 694 4137 funem
725 4067 889 4141 umbilici
918 4094 937 4142 a
960 4070 1144 4169 placenta
1168 4083 1206 4146 et

124 4167 332 4246 rnernbr'a‘na
349 4175 409 4248 ovi
428 4176 645 4271 pendulum,
671 4179 845 4269 deforme,
871 4183 1029 4279 ingente
1046 4210 1119 4284 pro
1130 4196 1208 4262 rata
