2694 4792
134 371 207 439 458
295 437 300 472 Ι
481 366 792 431 ὀοΝεΡεοτυε
959 368 1053 428 car.
1072 373 1237 428 xxxma

134 558 191 636 illi
207 559 409 633 humorum
430 554 667 629 abundantiae
683 574 768 651 quae
784 546 888 625 aliter
903 549 1018 639 fieret,
1047 552 1111 626 vel
1130 552 1231 628 hanc

137 672 303 746 tollendo
319 672 349 746 si
359 670 438 769 jam
456 669 550 743 facta
567 667 624 754 sit,
642 690 774 740 verum
797 664 949 762 insuper
978 665 1227 763 praecavendo

135 784 329 858 abnormes
346 793 458 882 atque
474 781 691 879 perniciosas
719 777 797 852 illas
825 775 1025 851 humorum
1041 778 1222 853 distribu-

136 899 265 983 tiones,
291 897 454 988 (forsitan
472 904 593 994 partes
609 914 735 966 versus
751 914 837 989 quae
862 913 921 962 eas
948 887 1043 964 male
1057 891 1216 963 sustiue-

133 1018 233 1106 rent)
270 1033 357 1108 qnae
392 1008 432 1079 in
465 1006 532 1079 tali
565 1013 664 1079 statu
699 1026 842 1101 semper
874 1012 963 1076 sunt
996 1001 1215 1077 metuendae.

138 1121 262 1195 lmmo
294 1143 369 1194 nou
403 1119 538 1192 desunt
571 1119 638 1216 qni
671 1126 807 1215 putant
832 1139 974 1215 corpus,
1007 1116 1218 1191 istiusmodi

136 1232 403 1329 (ncccxxmx)
420 1230 735 1305 exinanitionibus
757 1228 823 1302 diu
841 1238 1040 1313 assuetum,
1065 1252 1135 1326 per
1159 1253 1216 1302 eas

135 1344 265 1418 multis
281 1343 500 1419 humoribus
528 1343 647 1417 noxiis
675 1353 790 1415 semet
807 1363 973 1438 purgare,
997 1341 1038 1412 vi
1055 1341 1216 1439 quadam

136 1453 237 1529 baud
254 1454 350 1530 facili
369 1454 593 1554 explanatu;
618 1455 798 1552 novisque
809 1453 903 1540 ideo,
920 1451 990 1525 illis
1003 1457 1215 1552 suppressis,

137 1592 232 1667 opus
249 1593 336 1656 esse,
360 1570 496 1668 quibus
513 1568 563 1657 hi,
580 1566 742 1666 alioquin
761 1564 964 1665 plurimum
983 1566 1157 1654 nocituri,
1174 1575 1216 1640 ut

136 1693 246 1755 antea
263 1693 528 1782 expurgentur.

187 1816 427 1869 racccxnvn.
455 1795 592 1870 Multae
617 1795 770 1868 demum
796 1793 1075 1877 exinanitiones,
1103 1793 1216 1867 urina

136 1908 317 2004 imprimis
345 1931 503 2005 magnus
532 1906 669 1992 fluxus
706 1916 773 1979 aut
802 1907 968 2004 copiosus
998 1905 1124 1991 sudor,
1154 1916 1215 1979 aut

136 2018 258 2090 valida
275 2017 348 2091 alvi
366 2019 549 2117 purgatio,
574 2017 725 2092 fortasse
741 2018 851 2093 etiam
869 2029 908 2091 et
923 2015 1033 2116 plena
1050 2018 1214 2104 vomitia

136 2129 354 2204 mirabiliter
370 2156 466 2231 saepe
483 2141 638 2231 prosunt
655 2131 826 2229 augendo
843 2130 1025 2202 actionem
1044 2154 1215 2203 vasorum

136 2241 412 2318 absorbentium
439 2244 722 2336 (ccccxxxvur,
748 2262 1012 2338 ccccxxmx),
1039 2267 1128 2340 quae
1152 2241 1215 2316 hu·

136 2377 255 2430 mores
275 2356 415 2456 ubique
426 2355 781 2456 corporisexhalatos
798 2353 857 2428 vel
875 2353 1011 2428 effusos
1029 2354 1215 2440 hauriunt,

135 2479 175 2542 et
204 2469 241 2541 in
274 2470 491 2568 sanguinem
518 2470 655 2543 iterum
680 2467 861 2542 deferunt.
912 2467 1000 2541 Hoc
1025 2467 1214 2541 interdum

136 2579 312 2669 efficiunt,
330 2581 452 2679 aliqua
470 2579 596 2655 saltem
616 2605 663 2655 ex
679 2592 794 2680 parte,
810 2605 876 2680 per
892 2604 1001 2654 suum
1021 2581 1215 2654 stimulum

136 2695 202 2791 qui
236 2719 322 2767 vasa
354 2692 427 2781 illa,
469 2694 606 2792 pariter
643 2718 685 2768 ac
724 2717 852 2767 ornnes
894 2694 1056 2791 eorporis
1098 2704 1215 2792 partes

136 2807 340 2901 (nicnxvr),
366 2807 413 2880 ad
430 2831 567 2881 novam
583 2816 622 2880 et
637 2806 858 2880 validiorum
888 2806 1074 2879 actionem
1105 2806 1209 2886 cieat;

135 2918 266 3014 saepius
284 2943 371 2991 vero
386 2932 424 2993 et
443 2922 567 3018 magis,
593 2921 758 2993 detracto
775 2917 832 2991 vel
851 2919 1029 3017 dissipato
1055 2917 1208 3016 plurimo

134 3027 290 3103 humore
307 3032 412 3103 tenui
430 3033 497 3128 qui
514 3033 552 3104 in
572 3031 676 3106 venis
700 3032 886 3105 adfuerat:
915 3031 1017 3104 unde
1034 3030 1133 3103 brevi
1147 3051 1209 3100 ne-

134 3142 279 3216 cessitas
308 3141 397 3214 novi
424 3141 507 3217 talis
531 3143 697 3218 humoris
726 3142 890 3228 subsidii,
916 3142 977 3215 cui
1008 3141 1214 3216 necessitati

133 3254 277 3328 Natura
293 3277 405 3352 quam
425 3256 567 3353 optime
593 3256 774 3342 satisfacit,
800 3254 1003 3328 hauriendo
1029 3265 1216 3352 quantum

133 3391 226 3464 opus
242 3367 355 3442 fuerit
372 3392 420 3441 ex
437 3367 501 3442 illo
518 3393 617 3468 penu
635 3368 701 3468 qui
718 3369 880 3441 maxime
896 3368 935 3441 in
953 3376 1133 3466 promptu
1152 3376 1216 3441 est

132 3477 346 3551 Beneenim
362 3493 495 3554 notum
509 3491 575 3569 est,
592 3483 630 3555 in
648 3481 726 3555 aliis
743 3482 867 3566 etiam,
884 3505 1009 3579 neque
1026 3480 1216 3566 morbosis,

132 3589 323 3686 exemplis,
348 3615 426 3687 quo
442 3593 558 3692 major
574 3593 686 3668 fuerit
702 3596 894 3668 necessitas
911 3592 1066 3667 subsidii
1084 3592 1218 3666 bumo-

130 3701 180 3775 ris
213 3703 337 3776 tenuis
366 3704 414 3777 ad
443 3706 661 3780 diluendum
690 3708 921 3806 sanguinem,
947 3730 991 3779 co
1019 3705 1107 3802 pius
1136 3704 1218 3784 talis

129 3811 296 3888 humoris
312 3840 333 3889 a
350 3817 557 3892 ventriculo
574 3844 639 3918 per
656 3842 739 3892 vasa
751 3819 982 3892 absorbentia
995 3818 1113 3890 lactea
1126 3815 1217 3889 hau-

128 3924 202 4012 riri,
228 3938 266 4000 et
283 3928 320 4000 in
339 3953 451 4002 venas
467 3932 590 4029 recipi,
615 3930 734 4005 veluti
751 3932 790 4003 in
809 3932 853 4005 iis
870 3931 936 4028 qui
953 3955 975 4002 a
992 3928 1123 4015 colore,
1149 3937 1218 4001 aut

127 4035 250 4110 valida
265 4041 425 4137 eorporis
450 4044 723 4129 exercitatione,
748 4041 914 4117 multum
940 4051 979 4115 et
1008 4039 1076 4114 diu
1106 4040 1218 4114 suda·

126 4148 268 4223 verint:
295 4149 463 4224 homines
480 4174 579 4239 vero,
603 4155 641 4227 in
661 4153 730 4227 boc
747 4164 858 4240 statu,
884 4153 1216 4252 importunissimas

125 4258 197 4347 siti,
215 4262 385 4359 quaefere
397 4262 524 4354 oritur,
541 4277 721 4364 parentes,
737 4264 991 4343 incredibilem
1007 4263 1215 4366 aliquando
