2678 4794
124 350 217 411 car,
234 348 336 407 xxm
434 343 654 407 amarorum
671 348 958 410 rnaoanrrcm.
1126 339 1199 416 263

121 528 253 605 sertim
269 549 360 627 quos
376 536 505 605 auctus
521 529 709 629 sanguinis
725 530 886 628 impetus
902 530 1110 619 comitatam,
1129 534 1201 632 ipsi

123 640 355 717 nutrimento
370 639 521 729 obstare,
537 640 717 741 impedita
742 665 923 719 novarum
940 641 1202 744 particularum

121 752 364 854 appositione.
1087 845 1089 849 η

165 886 365 941 neceam.
383 863 470 939 Non
481 865 639 941 dubium
656 874 713 942 est
724 866 926 942 maximam
942 875 1085 966 partem
1098 866 1202 966 quod

120 979 304 1053 amittunt
319 977 448 1075 aegroti
474 966 653 1076 ponderis
660 978 808 1079 adipem
824 1003 901 1055 esse
918 977 985 1071 (οι,
1010 989 1049 1052 et
1073 985 1200 1078 seqq),

119 1089 190 1189 qui
213 1087 390 1162 facillime
413 1091 653 1179 consumitur,
689 1100 728 1166 et
751 1091 855 1166 brevi
884 1114 979 1189 saepe
1003 1103 1198 1189 reparatur.

123 1200 305 1289 Quaedam
322 1224 411 1276 vero
440 1203 612 1302 exempla
639 1202 889 1291 ostenderunt,
917 1226 1046 1277 omnes
1069 1211 1199 1302 partes,

121 1312 255 1389 solidas
279 1315 415 1413 pariter
440 1338 482 1387 ac
497 1313 641 1404 fluidas,
665 1315 854 1389 interdum
869 1315 1058 1400 consumi;
1082 1313 1202 1389 deteri

123 1422 303 1501 nimirum
323 1437 363 1502 et
399 1427 565 1527 dissipari
602 1429 711 1502 otius
734 1451 848 1526 quam
875 1450 983 1502 novae
1009 1424 1200 1526 particulae

123 1547 402 1638 apponerentur.
1300 1528 1308 1545 ⁶

166 1671 347 1727 nocem.
375 1651 485 1728 Certa
512 1660 622 1728 aetate
645 1659 810 1730 accurate
827 1650 1015 1726 nutrimur
1039 1652 1118 1726 sine
1142 1653 1197 1726 in-

118 1772 309 1838 cremento
331 1772 398 1840 aut
420 1764 704 1842 imminutione:
733 1763 949 1863 quotidiana
965 1762 1101 1837 scilicet
1122 1763 1200 1861 jao-

119 1881 203 1951 tura
217 1875 436 1974 quotidiano
452 1879 681 1953 nutrimento
696 1884 893 1977 reparatur.
935 1874 1061 1949 Prima
1071 1885 1199 1950 autem

119 1992 240 2073 etate,
256 1988 420 2064 multum
437 1999 476 2062 et
492 1990 615 2090 subito
631 1990 847 2066 crescimus:
877 1989 1104 2088 provectiore
1121 2011 1198 2063 non

119 2098 322 2189 uadatus,
357 2101 422 2175 sed
450 2103 746 2202 pinguesoimus3
788 2101 921 2176 ultima
958 2101 1198 2177 decrescimus

117 2210 253 2286 iterum
265 2222 306 2288 et
321 2213 581 2304 contrahimur,
608 2215 762 2314 ipsaque
777 2236 971 2312 corporum
987 2225 1198 2290 nostrorum

118 2344 194 2399 ossa
210 2324 372 2400 diminui
390 2325 572 2402 videntur.

164 2457 336 2513 ncccnv.
353 2437 489 2537 Neque
501 2437 665 2537 profecto
681 2438 773 2512 adeo
789 2436 947 2511 difficilis
963 2445 1030 2511 aut
1046 2437 1198 2510 obscura

118 2544 248 2625 harum
273 2574 394 2625 rerum
423 2552 527 2640 ratio,
557 2575 598 2626 ac
613 2550 833 2626 nutrimenti
858 2548 973 2648 ipsius
991 2546 1196 2646 explicatio.

117 2659 315 2737 Existente
331 2663 429 2736 enim
446 2663 486 2737 vi
515 2686 580 2736 seu
597 2662 769 2737 facultate
785 2685 871 2760 quae
899 2684 1034 2734 novam
1051 2657 1198 2733 materi-

117 2795 174 2848 am
190 2775 335 2873 corpori
358 2787 529 2875 apponat,
555 2784 816 2873 vetustamque
837 2774 979 2848 deterat
1003 2780 1042 2846 et
1065 2769 1197 2868 ejiciat,

116 2895 252 2962 aetatu
269 2888 427 2984 corporis
443 2887 552 2962 variis
568 2887 738 2962 aetatibus
754 2884 1029 2986 quodammodo
1038 2881 1197 2981 intelligi

116 3008 249 3095 potest,
265 2998 335 3072 hoc
345 2997 572 3097 aliquamdiu
584 3008 737 3076 auctum
748 2999 803 3087 iri,
820 3008 919 3073 certo
930 3021 1018 3073 vero
1029 3007 1197 3093 tempore

116 3107 321 3184 desiturum
346 3135 513 3199 crescere,
550 3111 773 3211 tandemque
797 3111 1031 3210 incepturum
1057 3107 1195 3182 decres-

116 3243 209 3307 cere,
237 3231 274 3295 et
289 3222 406 3297 indies
423 3223 611 3298 minutum
627 3225 683 3312 iri,
700 3223 817 3298 donec
832 3223 911 3298 vita
926 3222 1014 3320 ipsa,
1039 3217 1194 3317 impedi-

117 3332 166 3408 tis
182 3357 324 3432 prorsus
340 3335 604 3424 functionibus,
621 3336 775 3410 deficiat

162 3468 348 3529 nccctvn
374 3446 501 3521 Prima
526 3446 663 3521 scilicet
686 3456 794 3522 aetate
811 3448 947 3544 (neque
963 3441 1067 3517 aliter
1083 3464 1139 3518 res
1155 3463 1195 3515 se

113 3556 223 3663 habet
240 3559 333 3634 dum
351 3561 389 3633 in
420 3568 526 3634 utero
541 3559 632 3632 latet
648 3558 921 3655 homunculus),
946 3578 1078 3653 corpus
1102 3551 1194 3628 mol·

114 3667 295 3747 limirnum
313 3682 369 3745 est
394 3679 432 3744 et
449 3680 580 3768 aptum
596 3669 759 3757 extendi,
786 3679 825 3743 et
853 3692 988 3766 magna
1005 3666 1059 3740 vis
1081 3665 1194 3753 adest,

115 3780 185 3858 fere
213 3793 381 3858 acentro
408 3782 567 3881 corporis
593 3782 782 3880 incipiens,
807 3806 892 3879 quae
916 3791 1040 3855 totum
1057 3778 1194 3853 disten·

118 3891 196 3981 dat;
226 3920 290 3970 oor
307 3894 442 3968 scilieet
458 3893 579 3968 multo
595 3892 770 3992 grandius
786 3916 853 3990 pro
868 3899 945 3965 rata
960 3897 1064 3990 parte
1079 3910 1194 3988 quam

119 4003 153 4078 in
168 4008 298 4082 adulto
314 4007 405 4093 viro,
434 4006 556 4081 multo
572 4005 688 4105 magis
705 4002 889 4091 irritabile,
914 4000 1109 4099 multoque
1124 3999 1194 4072 fre·

119 4121 288 4214 quentius
306 4119 451 4196 micans.
503 4118 600 4195 Vasa
617 4140 768 4217 quoque
783 4141 868 4214 quae
892 4113 1110 4214 sanguinem
1131 4128 1191 4181 ve·
