<?xml version="1.0" encoding="UTF-8"?>
<!DOCTYPE html PUBLIC "-//W3C//DTD XHTML 1.0 Transitional//EN"
    "http://www.w3.org/TR/xhtml1/DTD/xhtml1-transitional.dtd">
<html xmlns="http://www.w3.org/1999/xhtml" xml:lang="en" lang="en">
 <head>
  <title>
</title>
<meta http-equiv="Content-Type" content="text/html;charset=utf-8" />
  <meta name='ocr-system' content='tesseract 3.04.00' />
  <meta name='ocr-capabilities' content='ocr_page ocr_carea ocr_par ocr_line ocrx_word'/>
</head>
<body>
  <div class='ocr_page' id='page_1' title='image "./conspectusmedic01greggoog_0532.png"; bbox 0 0 2678 4794; ppageno 0'>
   <div class='ocr_carea' id='block_1_1' title="bbox 136 309 1215 377">
    <p class='ocr_par' dir='ltr' id='par_1_1' title="bbox 136 309 1215 377">
     <span class='ocr_line' id='line_1_1' title="bbox 136 309 1215 377; baseline 0.002 -2"><span class='ocrx_word' id='word_1_1' title='bbox 136 317 224 375; x_wconf 78' lang='lat' dir='ltr'>cae.</span> <span class='ocrx_word' id='word_1_2' title='bbox 242 319 388 374; x_wconf 81' lang='lat' dir='ltr'>xxxiv.</span> <span class='ocrx_word' id='word_1_3' title='bbox 450 317 672 374; x_wconf 72' lang='lat' dir='ltr'>mumcmm</span> <span class='ocrx_word' id='word_1_4' title='bbox 690 320 978 377; x_wconf 73' lang='lat' dir='ltr'>ruuouurrcm.</span> <span class='ocrx_word' id='word_1_5' title='bbox 1143 309 1215 377; x_wconf 78' lang='lat'>483</span> 
     </span>
    </p>
   </div>
   <div class='ocr_carea' id='block_1_2' title="bbox 125 495 1212 3389">
    <p class='ocr_par' dir='ltr' id='par_1_2' title="bbox 125 495 1212 2359">
     <span class='ocr_line' id='line_1_2' title="bbox 187 495 1212 597; baseline -0.001 -26"><span class='ocrx_word' id='word_1_6' title='bbox 187 518 364 572; x_wconf 83' lang='lat' dir='ltr'>mccccn.</span> <span class='ocrx_word' id='word_1_7' title='bbox 375 495 504 585; x_wconf 87' lang='lat' dir='ltr'><strong>Juvat,</strong></span> <span class='ocrx_word' id='word_1_8' title='bbox 522 509 560 573; x_wconf 92' lang='lat' dir='ltr'>et</span> <span class='ocrx_word' id='word_1_9' title='bbox 570 495 791 596; x_wconf 90' lang='lat' dir='ltr'>plerumque</span> <span class='ocrx_word' id='word_1_10' title='bbox 799 508 949 597; x_wconf 92' lang='lat' dir='ltr'>oportet</span> <span class='ocrx_word' id='word_1_11' title='bbox 962 497 1063 589; x_wconf 89' lang='lat' dir='ltr'>(cum</span> <span class='ocrx_word' id='word_1_12' title='bbox 1076 498 1212 572; x_wconf 90' lang='lat' dir='ltr'>ventri-</span> 
     </span>
     <span class='ocr_line' id='line_1_3' title="bbox 136 607 1210 708; baseline -0.001 -26"><span class='ocrx_word' id='word_1_13' title='bbox 136 607 262 682; x_wconf 91' lang='lat' dir='ltr'>culum</span> <span class='ocrx_word' id='word_1_14' title='bbox 280 609 392 706; x_wconf 81' lang='lat' dir='ltr'>probe</span> <span class='ocrx_word' id='word_1_15' title='bbox 409 609 597 684; x_wconf 90' lang='lat' dir='ltr'>exinanire</span> <span class='ocrx_word' id='word_1_16' title='bbox 614 611 811 708; x_wconf 82' lang='lat' dir='ltr'>cupimus),</span> <span class='ocrx_word' id='word_1_17' title='bbox 835 609 1070 708; x_wconf 91' lang='lat' dir='ltr'>aliquantum</span> <span class='ocrx_word' id='word_1_18' title='bbox 1086 608 1210 682; x_wconf 82' lang='lat' dir='ltr'>bibere</span> 
     </span>
     <span class='ocr_line' id='line_1_4' title="bbox 134 719 1210 819; baseline 0 -25"><span class='ocrx_word' id='word_1_19' title='bbox 134 720 181 794; x_wconf 90' lang='lat' dir='ltr'>ad</span> <span class='ocrx_word' id='word_1_20' title='bbox 195 719 297 794; x_wconf 90' lang='lat' dir='ltr'>illum</span> <span class='ocrx_word' id='word_1_21' title='bbox 313 721 546 819; x_wconf 90' lang='lat' dir='ltr'>implendum</span> <span class='ocrx_word' id='word_1_22' title='bbox 561 721 619 795; x_wconf 94' lang='lat' dir='ltr'>vel</span> <span class='ocrx_word' id='word_1_23' title='bbox 632 721 921 795; x_wconf 90' lang='lat' dir='ltr'>distendendum</span> <span class='ocrx_word' id='word_1_24' title='bbox 940 724 1210 818; x_wconf 78' lang='lat' dir='ltr'>(mcccuxvn),</span> 
     </span>
     <span class='ocr_line' id='line_1_5' title="bbox 132 831 1209 932; baseline 0.002 -28"><span class='ocrx_word' id='word_1_25' title='bbox 132 856 210 929; x_wconf 92' lang='lat' dir='ltr'>quo</span> <span class='ocrx_word' id='word_1_26' title='bbox 237 831 389 929; x_wconf 82' lang='lat' dir='ltr'>plenior,</span> <span class='ocrx_word' id='word_1_27' title='bbox 414 843 453 905; x_wconf 90' lang='lat' dir='ltr'>et</span> <span class='ocrx_word' id='word_1_28' title='bbox 479 831 626 918; x_wconf 85' lang='lat' dir='ltr'>facilior,</span> <span class='ocrx_word' id='word_1_29' title='bbox 651 844 688 905; x_wconf 90' lang='lat' dir='ltr'>et</span> <span class='ocrx_word' id='word_1_30' title='bbox 714 834 928 932; x_wconf 81' lang='lat' dir='ltr'>promptior,</span> <span class='ocrx_word' id='word_1_31' title='bbox 954 834 1118 907; x_wconf 89' lang='lat' dir='ltr'>vomitus</span> <span class='ocrx_word' id='word_1_32' title='bbox 1135 832 1209 906; x_wconf 90' lang='lat' dir='ltr'>fiat.</span> 
     </span>
     <span class='ocr_line' id='line_1_6' title="bbox 131 943 1209 1043; baseline -0.002 -26"><span class='ocrx_word' id='word_1_33' title='bbox 131 943 349 1017; x_wconf 91' lang='lat' dir='ltr'>Cavendum</span> <span class='ocrx_word' id='word_1_34' title='bbox 368 956 496 1018; x_wconf 92' lang='lat' dir='ltr'>autem</span> <span class='ocrx_word' id='word_1_35' title='bbox 526 968 573 1016; x_wconf 95' lang='lat' dir='ltr'>ne</span> <span class='ocrx_word' id='word_1_36' title='bbox 602 944 684 1041; x_wconf 87' lang='lat' dir='ltr'>plus</span> <span class='ocrx_word' id='word_1_37' title='bbox 710 971 820 1043; x_wconf 83' lang='lat' dir='ltr'>oequo</span> <span class='ocrx_word' id='word_1_38' title='bbox 836 946 1005 1022; x_wconf 81' lang='lat' dir='ltr'>bibatur:</span> <span class='ocrx_word' id='word_1_39' title='bbox 1031 946 1209 1043; x_wconf 84' lang='lat' dir='ltr'>quonium</span> 
     </span>
     <span class='ocr_line' id='line_1_7' title="bbox 129 1054 1209 1155; baseline 0.002 -27"><span class='ocrx_word' id='word_1_40' title='bbox 129 1072 222 1130; x_wconf 82' lang='lat' dir='ltr'>tunc</span> <span class='ocrx_word' id='word_1_41' title='bbox 237 1054 438 1153; x_wconf 87' lang='lat' dir='ltr'>aliquando</span> <span class='ocrx_word' id='word_1_42' title='bbox 454 1054 578 1128; x_wconf 93' lang='lat' dir='ltr'>nullus</span> <span class='ocrx_word' id='word_1_43' title='bbox 596 1056 673 1128; x_wconf 88' lang='lat' dir='ltr'>fieri</span> <span class='ocrx_word' id='word_1_44' title='bbox 691 1068 812 1155; x_wconf 85' lang='lat' dir='ltr'>potest</span> <span class='ocrx_word' id='word_1_45' title='bbox 830 1060 1004 1146; x_wconf 89' lang='lat' dir='ltr'>vomitus,</span> <span class='ocrx_word' id='word_1_46' title='bbox 1022 1067 1061 1131; x_wconf 89' lang='lat' dir='ltr'>et</span> <span class='ocrx_word' id='word_1_47' title='bbox 1076 1060 1209 1154; x_wconf 83' lang='lat' dir='ltr'>ingens</span> 
     </span>
     <span class='ocr_line' id='line_1_8' title="bbox 127 1167 1209 1265; baseline 0.004 -26"><span class='ocrx_word' id='word_1_48' title='bbox 127 1169 325 1265; x_wconf 87' lang='lat' dir='ltr'>oppressio,</span> <span class='ocrx_word' id='word_1_49' title='bbox 351 1178 390 1240; x_wconf 90' lang='lat' dir='ltr'>et</span> <span class='ocrx_word' id='word_1_50' title='bbox 406 1168 581 1252; x_wconf 84' lang='lat' dir='ltr'>anxietas,</span> <span class='ocrx_word' id='word_1_51' title='bbox 607 1177 645 1240; x_wconf 89' lang='lat' dir='ltr'>et</span> <span class='ocrx_word' id='word_1_52' title='bbox 663 1167 775 1255; x_wconf 93' lang='lat' dir='ltr'>dolor,</span> <span class='ocrx_word' id='word_1_53' title='bbox 801 1182 839 1243; x_wconf 90' lang='lat' dir='ltr'>et</span> <span class='ocrx_word' id='word_1_54' title='bbox 857 1173 1035 1244; x_wconf 87' lang='lat' dir='ltr'>immanes</span> <span class='ocrx_word' id='word_1_55' title='bbox 1065 1183 1103 1244; x_wconf 90' lang='lat' dir='ltr'>et</span> <span class='ocrx_word' id='word_1_56' title='bbox 1128 1194 1209 1243; x_wconf 88' lang='lat' dir='ltr'>cru·</span> 
     </span>
     <span class='ocr_line' id='line_1_9' title="bbox 127 1277 1210 1376; baseline 0.002 -25"><span class='ocrx_word' id='word_1_57' title='bbox 127 1277 227 1351; x_wconf 89' lang='lat' dir='ltr'>deles</span> <span class='ocrx_word' id='word_1_58' title='bbox 245 1279 367 1364; x_wconf 89' lang='lat' dir='ltr'>nixus,</span> <span class='ocrx_word' id='word_1_59' title='bbox 392 1287 431 1351; x_wconf 92' lang='lat' dir='ltr'>et</span> <span class='ocrx_word' id='word_1_60' title='bbox 448 1303 534 1351; x_wconf 91' lang='lat' dir='ltr'>sane</span> <span class='ocrx_word' id='word_1_61' title='bbox 550 1278 753 1376; x_wconf 89' lang='lat' dir='ltr'>periculum</span> <span class='ocrx_word' id='word_1_62' title='bbox 778 1303 852 1353; x_wconf 92' lang='lat' dir='ltr'>non</span> <span class='ocrx_word' id='word_1_63' title='bbox 881 1282 973 1369; x_wconf 89' lang='lat' dir='ltr'>leve,</span> <span class='ocrx_word' id='word_1_64' title='bbox 999 1281 1171 1356; x_wconf 89' lang='lat' dir='ltr'>accidunt</span> <span class='ocrx_word' id='word_1_65' title='bbox 1187 1306 1210 1353; x_wconf 88' lang='lat' dir='ltr'>a</span> 
     </span>
     <span class='ocr_line' id='line_1_10' title="bbox 129 1389 1209 1477; baseline 0.003 -14"><span class='ocrx_word' id='word_1_66' title='bbox 129 1389 336 1464; x_wconf 91' lang='lat' dir='ltr'>ventriculo</span> <span class='ocrx_word' id='word_1_67' title='bbox 353 1390 464 1464; x_wconf 92' lang='lat' dir='ltr'>nimis</span> <span class='ocrx_word' id='word_1_68' title='bbox 482 1391 653 1477; x_wconf 92' lang='lat' dir='ltr'>distento,</span> <span class='ocrx_word' id='word_1_69' title='bbox 679 1400 718 1463; x_wconf 88' lang='lat' dir='ltr'>et</span> <span class='ocrx_word' id='word_1_70' title='bbox 741 1392 852 1464; x_wconf 90' lang='lat' dir='ltr'>simul</span> <span class='ocrx_word' id='word_1_71' title='bbox 867 1389 1017 1466; x_wconf 89' lang='lat' dir='ltr'>fortasse</span> <span class='ocrx_word' id='word_1_72' title='bbox 1034 1396 1127 1468; x_wconf 86' lang='lat' dir='ltr'>circa</span> <span class='ocrx_word' id='word_1_73' title='bbox 1144 1417 1209 1466; x_wconf 90' lang='lat' dir='ltr'>sua</span> 
     </span>
     <span class='ocr_line' id='line_1_11' title="bbox 127 1501 1209 1601; baseline 0.003 -27"><span class='ocrx_word' id='word_1_74' title='bbox 127 1501 220 1575; x_wconf 90' lang='lat' dir='ltr'>ostia</span> <span class='ocrx_word' id='word_1_75' title='bbox 238 1503 445 1589; x_wconf 87' lang='lat' dir='ltr'>constricto,</span> <span class='ocrx_word' id='word_1_76' title='bbox 471 1503 523 1577; x_wconf 87' lang='lat' dir='ltr'>ita</span> <span class='ocrx_word' id='word_1_77' title='bbox 551 1513 594 1577; x_wconf 91' lang='lat' dir='ltr'>ut</span> <span class='ocrx_word' id='word_1_78' title='bbox 620 1502 714 1577; x_wconf 86' lang='lat' dir='ltr'>nihil</span> <span class='ocrx_word' id='word_1_79' title='bbox 743 1503 872 1601; x_wconf 88' lang='lat' dir='ltr'>ejicere</span> <span class='ocrx_word' id='word_1_80' title='bbox 897 1505 1019 1601; x_wconf 86' lang='lat' dir='ltr'>possit.</span> <span class='ocrx_word' id='word_1_81' title='bbox 1069 1504 1209 1578; x_wconf 87' lang='lat' dir='ltr'>Adulti</span> 
     </span>
     <span class='ocr_line' id='line_1_12' title="bbox 125 1612 1207 1714; baseline 0.003 -27"><span class='ocrx_word' id='word_1_82' title='bbox 125 1612 202 1687; x_wconf 90' lang='lat' dir='ltr'>fere</span> <span class='ocrx_word' id='word_1_83' title='bbox 218 1613 348 1688; x_wconf 92' lang='lat' dir='ltr'>libram</span> <span class='ocrx_word' id='word_1_84' title='bbox 367 1637 479 1688; x_wconf 91' lang='lat' dir='ltr'>unam</span> <span class='ocrx_word' id='word_1_85' title='bbox 497 1614 697 1688; x_wconf 89' lang='lat' dir='ltr'>alteramve</span> <span class='ocrx_word' id='word_1_86' title='bbox 718 1615 843 1688; x_wconf 89' lang='lat' dir='ltr'>idonei</span> <span class='ocrx_word' id='word_1_87' title='bbox 869 1629 980 1714; x_wconf 90' lang='lat' dir='ltr'>potus</span> <span class='ocrx_word' id='word_1_88' title='bbox 1010 1615 1207 1714; x_wconf 84' lang='lat' dir='ltr'>(mccccnr)</span> 
     </span>
     <span class='ocr_line' id='line_1_13' title="bbox 127 1725 1210 1826; baseline -0.002 -26"><span class='ocrx_word' id='word_1_89' title='bbox 127 1734 214 1800; x_wconf 88' lang='lat' dir='ltr'>tuto</span> <span class='ocrx_word' id='word_1_90' title='bbox 230 1736 269 1799; x_wconf 88' lang='lat' dir='ltr'>et</span> <span class='ocrx_word' id='word_1_91' title='bbox 286 1748 361 1798; x_wconf 92' lang='lat' dir='ltr'>non</span> <span class='ocrx_word' id='word_1_92' title='bbox 379 1725 560 1801; x_wconf 89' lang='lat' dir='ltr'>inutiliter</span> <span class='ocrx_word' id='word_1_93' title='bbox 571 1726 707 1801; x_wconf 90' lang='lat' dir='ltr'>bibunt</span> <span class='ocrx_word' id='word_1_94' title='bbox 718 1728 765 1801; x_wconf 90' lang='lat' dir='ltr'>ad</span> <span class='ocrx_word' id='word_1_95' title='bbox 778 1727 1074 1826; x_wconf 89' lang='lat' dir='ltr'>promovendum</span> <span class='ocrx_word' id='word_1_96' title='bbox 1093 1727 1210 1801; x_wconf 90' lang='lat' dir='ltr'>vomi-</span> 
     </span>
     <span class='ocr_line' id='line_1_14' title="bbox 126 1837 1209 1941; baseline -0.001 -30"><span class='ocrx_word' id='word_1_97' title='bbox 126 1846 231 1911; x_wconf 89' lang='lat' dir='ltr'>tum:</span> <span class='ocrx_word' id='word_1_98' title='bbox 258 1862 337 1910; x_wconf 90' lang='lat' dir='ltr'>raro</span> <span class='ocrx_word' id='word_1_99' title='bbox 354 1849 479 1911; x_wconf 90' lang='lat' dir='ltr'>autem</span> <span class='ocrx_word' id='word_1_100' title='bbox 497 1848 571 1913; x_wconf 89' lang='lat' dir='ltr'>tres</span> <span class='ocrx_word' id='word_1_101' title='bbox 583 1837 692 1912; x_wconf 92' lang='lat' dir='ltr'>libras</span> <span class='ocrx_word' id='word_1_102' title='bbox 704 1838 764 1912; x_wconf 90' lang='lat' dir='ltr'>vel</span> <span class='ocrx_word' id='word_1_103' title='bbox 778 1838 875 1913; x_wconf 91' lang='lat' dir='ltr'>ultra</span> <span class='ocrx_word' id='word_1_104' title='bbox 887 1839 1011 1912; x_wconf 89' lang='lat' dir='ltr'>bibere</span> <span class='ocrx_word' id='word_1_105' title='bbox 1023 1839 1209 1941; x_wconf 90' lang='lat' dir='ltr'>convenit,</span> 
     </span>
     <span class='ocr_line' id='line_1_15' title="bbox 127 1949 1209 2049; baseline 0.003 -28"><span class='ocrx_word' id='word_1_106' title='bbox 127 1949 199 2022; x_wconf 88' lang='lat' dir='ltr'>nisi</span> <span class='ocrx_word' id='word_1_107' title='bbox 215 1949 317 2046; x_wconf 91' lang='lat' dir='ltr'>quod</span> <span class='ocrx_word' id='word_1_108' title='bbox 334 1951 435 2048; x_wconf 87' lang='lat' dir='ltr'>prius</span> <span class='ocrx_word' id='word_1_109' title='bbox 452 1949 628 2027; x_wconf 89' lang='lat' dir='ltr'>haustum</span> <span class='ocrx_word' id='word_1_110' title='bbox 646 1960 733 2038; x_wconf 89' lang='lat' dir='ltr'>erat,</span> <span class='ocrx_word' id='word_1_111' title='bbox 753 1950 843 2049; x_wconf 91' lang='lat' dir='ltr'>jam,</span> <span class='ocrx_word' id='word_1_112' title='bbox 868 1950 992 2048; x_wconf 87' lang='lat' dir='ltr'>aliqua</span> <span class='ocrx_word' id='word_1_113' title='bbox 1014 1949 1142 2024; x_wconf 89' lang='lat' dir='ltr'>saltem</span> <span class='ocrx_word' id='word_1_114' title='bbox 1161 1973 1209 2024; x_wconf 86' lang='lat' dir='ltr'>ex</span> 
     </span>
     <span class='ocr_line' id='line_1_16' title="bbox 127 2060 1208 2159; baseline 0.002 -25"><span class='ocrx_word' id='word_1_115' title='bbox 127 2070 241 2159; x_wconf 86' lang='lat' dir='ltr'>parte,</span> <span class='ocrx_word' id='word_1_116' title='bbox 265 2060 445 2158; x_wconf 88' lang='lat' dir='ltr'>rejectum</span> <span class='ocrx_word' id='word_1_117' title='bbox 462 2062 583 2136; x_wconf 90' lang='lat' dir='ltr'>fuerit.</span> <span class='ocrx_word' id='word_1_118' title='bbox 635 2062 801 2137; x_wconf 89' lang='lat' dir='ltr'>Infantes</span> <span class='ocrx_word' id='word_1_119' title='bbox 817 2063 893 2136; x_wconf 91' lang='lat' dir='ltr'>fere</span> <span class='ocrx_word' id='word_1_120' title='bbox 921 2063 1046 2137; x_wconf 91' lang='lat' dir='ltr'>bibere</span> <span class='ocrx_word' id='word_1_121' title='bbox 1063 2062 1208 2149; x_wconf 90' lang='lat' dir='ltr'>nolunt,</span> 
     </span>
     <span class='ocr_line' id='line_1_17' title="bbox 128 2174 1209 2274; baseline 0.004 -31"><span class='ocrx_word' id='word_1_122' title='bbox 128 2194 249 2270; x_wconf 90' lang='lat' dir='ltr'>neque</span> <span class='ocrx_word' id='word_1_123' title='bbox 264 2197 358 2271; x_wconf 92' lang='lat' dir='ltr'>opus</span> <span class='ocrx_word' id='word_1_124' title='bbox 371 2182 426 2246; x_wconf 90' lang='lat' dir='ltr'>est</span> <span class='ocrx_word' id='word_1_125' title='bbox 440 2182 484 2245; x_wconf 92' lang='lat' dir='ltr'>ut</span> <span class='ocrx_word' id='word_1_126' title='bbox 497 2182 686 2271; x_wconf 83' lang='lat' dir='ltr'>cogantur,</span> <span class='ocrx_word' id='word_1_127' title='bbox 704 2175 880 2271; x_wconf 89' lang='lat' dir='ltr'>quoniam</span> <span class='ocrx_word' id='word_1_128' title='bbox 893 2175 1114 2274; x_wconf 90' lang='lat' dir='ltr'>plerumque</span> <span class='ocrx_word' id='word_1_129' title='bbox 1130 2174 1209 2250; x_wconf 90' lang='lat' dir='ltr'>sine</span> 
     </span>
     <span class='ocr_line' id='line_1_18' title="bbox 128 2281 722 2359; baseline -0.002 0"><span class='ocrx_word' id='word_1_130' title='bbox 128 2283 193 2359; x_wconf 82' lang='lat' dir='ltr'>tali</span> <span class='ocrx_word' id='word_1_131' title='bbox 209 2283 349 2358; x_wconf 87' lang='lat' dir='ltr'>auxilio</span> <span class='ocrx_word' id='word_1_132' title='bbox 365 2281 536 2356; x_wconf 87' lang='lat' dir='ltr'>facillime</span> <span class='ocrx_word' id='word_1_133' title='bbox 553 2294 722 2358; x_wconf 83' lang='lat' dir='ltr'>vomunt</span> 
     </span>
    </p>

    <p class='ocr_par' dir='ltr' id='par_1_3' title="bbox 125 2394 1210 3389">
     <span class='ocr_line' id='line_1_19' title="bbox 178 2394 1207 2494; baseline -0.003 -23"><span class='ocrx_word' id='word_1_134' title='bbox 178 2419 356 2471; x_wconf 76' lang='lat' dir='ltr'>mccccnu</span> <span class='ocrx_word' id='word_1_135' title='bbox 383 2397 541 2469; x_wconf 87' lang='lat' dir='ltr'>Praestat</span> <span class='ocrx_word' id='word_1_136' title='bbox 563 2394 685 2469; x_wconf 92' lang='lat' dir='ltr'>multo</span> <span class='ocrx_word' id='word_1_137' title='bbox 710 2395 757 2469; x_wconf 91' lang='lat' dir='ltr'>ad</span> <span class='ocrx_word' id='word_1_138' title='bbox 784 2396 1073 2494; x_wconf 89' lang='lat' dir='ltr'>promovendam</span> <span class='ocrx_word' id='word_1_139' title='bbox 1090 2394 1207 2470; x_wconf 90' lang='lat' dir='ltr'>vomi-</span> 
     </span>
     <span class='ocr_line' id='line_1_20' title="bbox 128 2505 1207 2606; baseline -0.003 -23"><span class='ocrx_word' id='word_1_140' title='bbox 128 2517 212 2583; x_wconf 89' lang='lat' dir='ltr'>tum</span> <span class='ocrx_word' id='word_1_141' title='bbox 231 2517 341 2606; x_wconf 89' lang='lat' dir='ltr'>potus</span> <span class='ocrx_word' id='word_1_142' title='bbox 357 2505 530 2580; x_wconf 87' lang='lat' dir='ltr'>adhibere</span> <span class='ocrx_word' id='word_1_143' title='bbox 545 2506 677 2581; x_wconf 92' lang='lat' dir='ltr'>leniter</span> <span class='ocrx_word' id='word_1_144' title='bbox 693 2507 936 2595; x_wconf 85' lang='lat' dir='ltr'>stimulantes,</span> <span class='ocrx_word' id='word_1_145' title='bbox 962 2506 1080 2581; x_wconf 93' lang='lat' dir='ltr'>veluti</span> <span class='ocrx_word' id='word_1_146' title='bbox 1110 2505 1207 2580; x_wconf 92' lang='lat' dir='ltr'>infu-</span> 
     </span>
     <span class='ocr_line' id='line_1_21' title="bbox 125 2615 1206 2706; baseline -0.004 -11"><span class='ocrx_word' id='word_1_147' title='bbox 125 2620 245 2695; x_wconf 88' lang='lat' dir='ltr'>siones</span> <span class='ocrx_word' id='word_1_148' title='bbox 255 2618 388 2691; x_wconf 90' lang='lat' dir='ltr'>florum</span> <span class='ocrx_word' id='word_1_149' title='bbox 400 2616 622 2693; x_wconf 77' lang='lat' dir='ltr'>anthemidis</span> <span class='ocrx_word' id='word_1_150' title='bbox 632 2615 777 2706; x_wconf 65' lang='lat' dir='ltr'>nubilas,</span> <span class='ocrx_word' id='word_1_151' title='bbox 794 2629 860 2693; x_wconf 89' lang='lat' dir='ltr'>aut</span> <span class='ocrx_word' id='word_1_152' title='bbox 872 2627 1084 2695; x_wconf 73' lang='lat' dir='ltr'>centaureae</span> <span class='ocrx_word' id='word_1_153' title='bbox 1095 2618 1206 2691; x_wconf 91' lang='lat' dir='ltr'>bene·</span> 
     </span>
     <span class='ocr_line' id='line_1_22' title="bbox 126 2729 1207 2829; baseline -0.004 -23"><span class='ocrx_word' id='word_1_154' title='bbox 126 2732 247 2816; x_wconf 85' lang='lat' dir='ltr'>dictae,</span> <span class='ocrx_word' id='word_1_155' title='bbox 282 2740 349 2804; x_wconf 88' lang='lat' dir='ltr'>aut</span> <span class='ocrx_word' id='word_1_156' title='bbox 375 2729 588 2806; x_wconf 67' lang='lat' dir='ltr'>cochleariae</span> <span class='ocrx_word' id='word_1_157' title='bbox 616 2730 846 2817; x_wconf 77' lang='lat' dir='ltr'>armoracioe,</span> <span class='ocrx_word' id='word_1_158' title='bbox 883 2742 949 2805; x_wconf 93' lang='lat' dir='ltr'>aut</span> <span class='ocrx_word' id='word_1_159' title='bbox 978 2754 1112 2829; x_wconf 83' lang='lat' dir='ltr'>aquarn</span> <span class='ocrx_word' id='word_1_160' title='bbox 1146 2729 1207 2803; x_wconf 91' lang='lat' dir='ltr'>cui</span> 
     </span>
     <span class='ocr_line' id='line_1_23' title="bbox 127 2835 1210 2944; baseline -0.003 -27"><span class='ocrx_word' id='word_1_161' title='bbox 127 2835 338 2944; x_wconf 84' lang='lat' dir='ltr'>pauxillum</span> <span class='ocrx_word' id='word_1_162' title='bbox 364 2841 511 2940; x_wconf 91' lang='lat' dir='ltr'>pollinis</span> <span class='ocrx_word' id='word_1_163' title='bbox 535 2843 670 2942; x_wconf 83' lang='lat' dir='ltr'>sinapis</span> <span class='ocrx_word' id='word_1_164' title='bbox 698 2842 758 2916; x_wconf 91' lang='lat' dir='ltr'>vel</span> <span class='ocrx_word' id='word_1_165' title='bbox 786 2841 979 2918; x_wconf 80' lang='lat' dir='ltr'>ommonioe</span> <span class='ocrx_word' id='word_1_166' title='bbox 1007 2841 1210 2917; x_wconf 91' lang='lat' dir='ltr'>admistum</span> 
     </span>
     <span class='ocr_line' id='line_1_24' title="bbox 127 2953 1208 3053; baseline -0.004 -23"><span class='ocrx_word' id='word_1_167' title='bbox 127 2956 251 3041; x_wconf 91' lang='lat' dir='ltr'>fuerit,</span> <span class='ocrx_word' id='word_1_168' title='bbox 277 2979 387 3053; x_wconf 90' lang='lat' dir='ltr'>quam</span> <span class='ocrx_word' id='word_1_169' title='bbox 409 2979 540 3053; x_wconf 90' lang='lat' dir='ltr'>puram</span> <span class='ocrx_word' id='word_1_170' title='bbox 565 2953 742 3053; x_wconf 90' lang='lat' dir='ltr'>tepidam,</span> <span class='ocrx_word' id='word_1_171' title='bbox 767 2955 945 3052; x_wconf 91' lang='lat' dir='ltr'>quoniam</span> <span class='ocrx_word' id='word_1_172' title='bbox 974 2953 1058 3053; x_wconf 88' lang='lat' dir='ltr'>plus</span> <span class='ocrx_word' id='word_1_173' title='bbox 1084 2953 1208 3051; x_wconf 90' lang='lat' dir='ltr'>hujus,</span> 
     </span>
     <span class='ocr_line' id='line_1_25' title="bbox 128 3065 1208 3167; baseline -0.006 -23"><span class='ocrx_word' id='word_1_174' title='bbox 128 3080 260 3167; x_wconf 90' lang='lat' dir='ltr'>utpote</span> <span class='ocrx_word' id='word_1_175' title='bbox 278 3067 440 3155; x_wconf 88' lang='lat' dir='ltr'>mitioris,</span> <span class='ocrx_word' id='word_1_176' title='bbox 462 3068 673 3165; x_wconf 86' lang='lat' dir='ltr'>requiritur,</span> <span class='ocrx_word' id='word_1_177' title='bbox 699 3080 737 3141; x_wconf 90' lang='lat' dir='ltr'>et</span> <span class='ocrx_word' id='word_1_178' title='bbox 754 3066 992 3154; x_wconf 89' lang='lat' dir='ltr'>ventriculus,</span> <span class='ocrx_word' id='word_1_179' title='bbox 1017 3079 1056 3140; x_wconf 91' lang='lat' dir='ltr'>et</span> <span class='ocrx_word' id='word_1_180' title='bbox 1073 3065 1208 3163; x_wconf 87' lang='lat' dir='ltr'>majore</span> 
     </span>
     <span class='ocr_line' id='line_1_26' title="bbox 128 3158 1206 3278; baseline -0.002 -25"><span class='ocrx_word' id='word_1_181' title='bbox 128 3191 167 3253; x_wconf 86' lang='lat' dir='ltr'>et</span> <span class='ocrx_word' id='word_1_182' title='bbox 184 3158 429 3253; x_wconf 75' lang='lat' dir='ltr'>diutumiore&#39;</span> <span class='ocrx_word' id='word_1_183' title='bbox 439 3178 673 3266; x_wconf 88' lang='lat' dir='ltr'>distentione,</span> <span class='ocrx_word' id='word_1_184' title='bbox 699 3189 737 3253; x_wconf 90' lang='lat' dir='ltr'>et</span> <span class='ocrx_word' id='word_1_185' title='bbox 753 3180 793 3254; x_wconf 90' lang='lat' dir='ltr'>vi</span> <span class='ocrx_word' id='word_1_186' title='bbox 810 3180 975 3254; x_wconf 89' lang='lat' dir='ltr'>solvente</span> <span class='ocrx_word' id='word_1_187' title='bbox 991 3204 1098 3278; x_wconf 86' lang='lat' dir='ltr'>aquae</span> <span class='ocrx_word' id='word_1_188' title='bbox 1114 3179 1206 3276; x_wconf 88' lang='lat' dir='ltr'>tepi-</span> 
     </span>
     <span class='ocr_line' id='line_1_27' title="bbox 128 3291 793 3389; baseline -0.003 -22"><span class='ocrx_word' id='word_1_189' title='bbox 128 3293 196 3379; x_wconf 84' lang='lat' dir='ltr'>dae,</span> <span class='ocrx_word' id='word_1_190' title='bbox 224 3293 337 3389; x_wconf 86' lang='lat' dir='ltr'>magis</span> <span class='ocrx_word' id='word_1_191' title='bbox 354 3291 563 3364; x_wconf 86' lang='lat' dir='ltr'>infirmatur</span> <span class='ocrx_word' id='word_1_192' title='bbox 579 3302 617 3365; x_wconf 91' lang='lat' dir='ltr'>et</span> <span class='ocrx_word' id='word_1_193' title='bbox 634 3291 793 3367; x_wconf 79' lang='lat' dir='ltr'>laeditur.</span> 
     </span>
    </p>
   </div>
   <div class='ocr_carea' id='block_1_3' title="bbox 179 3401 1293 3478">
    <p class='ocr_par' dir='ltr' id='par_1_4' title="bbox 179 3401 1293 3478">
     <span class='ocr_line' id='line_1_28' title="bbox 179 3401 1293 3478; baseline -0.003 -1"><span class='ocrx_word' id='word_1_194' title='bbox 179 3425 346 3477; x_wconf 76' lang='lat' dir='ltr'>mcccciv.</span> <span class='ocrx_word' id='word_1_195' title='bbox 373 3401 475 3475; x_wconf 90' lang='lat' dir='ltr'>Raro</span> <span class='ocrx_word' id='word_1_196' title='bbox 491 3404 732 3478; x_wconf 89' lang='lat' dir='ltr'>necessarium</span> <span class='ocrx_word' id='word_1_197' title='bbox 763 3413 820 3478; x_wconf 90' lang='lat' dir='ltr'>est</span> <span class='ocrx_word' id='word_1_198' title='bbox 847 3403 923 3478; x_wconf 93' lang='lat' dir='ltr'>ulla</span> <span class='ocrx_word' id='word_1_199' title='bbox 938 3402 1207 3476; x_wconf 89' lang='lat' dir='ltr'>medicamenta</span> <span class='ocrx_word' id='word_1_200' title='bbox 1289 3434 1293 3441; x_wconf 94' lang='lat'><em>·</em></span> 
     </span>
    </p>
   </div>
   <div class='ocr_carea' id='block_1_4' title="bbox 127 3512 1207 3948">
    <p class='ocr_par' dir='ltr' id='par_1_5' title="bbox 127 3512 1207 3948">
     <span class='ocr_line' id='line_1_29' title="bbox 128 3512 1207 3602; baseline 0.001 -14"><span class='ocrx_word' id='word_1_201' title='bbox 128 3515 215 3590; x_wconf 91' lang='lat' dir='ltr'>dare</span> <span class='ocrx_word' id='word_1_202' title='bbox 231 3515 277 3586; x_wconf 89' lang='lat' dir='ltr'>ad</span> <span class='ocrx_word' id='word_1_203' title='bbox 295 3512 558 3599; x_wconf 84' lang='lat' dir='ltr'>resolvendam,</span> <span class='ocrx_word' id='word_1_204' title='bbox 584 3525 649 3586; x_wconf 90' lang='lat' dir='ltr'>aut</span> <span class='ocrx_word' id='word_1_205' title='bbox 666 3515 943 3602; x_wconf 89' lang='lat' dir='ltr'>attenuandam,</span> <span class='ocrx_word' id='word_1_206' title='bbox 960 3523 1026 3589; x_wconf 88' lang='lat' dir='ltr'>aut</span> <span class='ocrx_word' id='word_1_207' title='bbox 1044 3515 1207 3589; x_wconf 88' lang='lat' dir='ltr'>mobilio-</span> 
     </span>
     <span class='ocr_line' id='line_1_30' title="bbox 127 3624 1206 3724; baseline -0.002 -22"><span class='ocrx_word' id='word_1_208' title='bbox 127 3652 206 3702; x_wconf 90' lang='lat' dir='ltr'>rem</span> <span class='ocrx_word' id='word_1_209' title='bbox 225 3624 451 3699; x_wconf 90' lang='lat' dir='ltr'>reddendam</span> <span class='ocrx_word' id='word_1_210' title='bbox 469 3625 660 3697; x_wconf 89' lang='lat' dir='ltr'>materiam</span> <span class='ocrx_word' id='word_1_211' title='bbox 679 3650 764 3722; x_wconf 86' lang='lat' dir='ltr'>quae</span> <span class='ocrx_word' id='word_1_212' title='bbox 780 3627 903 3699; x_wconf 88' lang='lat' dir='ltr'>evomi</span> <span class='ocrx_word' id='word_1_213' title='bbox 922 3627 1051 3712; x_wconf 87' lang='lat' dir='ltr'>debet;</span> <span class='ocrx_word' id='word_1_214' title='bbox 1078 3652 1206 3724; x_wconf 91' lang='lat' dir='ltr'>qnam-</span> 
     </span>
     <span class='ocr_line' id='line_1_31' title="bbox 127 3735 1205 3837; baseline -0.004 -23"><span class='ocrx_word' id='word_1_215' title='bbox 127 3741 185 3814; x_wconf 95' lang='lat' dir='ltr'>vis</span> <span class='ocrx_word' id='word_1_216' title='bbox 198 3761 284 3812; x_wconf 89' lang='lat' dir='ltr'>sane</span> <span class='ocrx_word' id='word_1_217' title='bbox 298 3760 566 3834; x_wconf 89' lang='lat' dir='ltr'>nonnunquam</span> <span class='ocrx_word' id='word_1_218' title='bbox 581 3735 807 3811; x_wconf 88' lang='lat' dir='ltr'>ventriculus</span> <span class='ocrx_word' id='word_1_219' title='bbox 819 3738 971 3810; x_wconf 90' lang='lat' dir='ltr'>materia</span> <span class='ocrx_word' id='word_1_220' title='bbox 987 3739 1078 3812; x_wconf 89' lang='lat' dir='ltr'>adeo</span> <span class='ocrx_word' id='word_1_221' title='bbox 1094 3738 1205 3837; x_wconf 88' lang='lat' dir='ltr'>gluti·</span> 
     </span>
     <span class='ocr_line' id='line_1_32' title="bbox 128 3849 1207 3948; baseline -0.007 -20"><span class='ocrx_word' id='word_1_222' title='bbox 128 3877 217 3929; x_wconf 91' lang='lat' dir='ltr'>nosa</span> <span class='ocrx_word' id='word_1_223' title='bbox 233 3860 272 3924; x_wconf 89' lang='lat' dir='ltr'>et</span> <span class='ocrx_word' id='word_1_224' title='bbox 290 3862 416 3924; x_wconf 90' lang='lat' dir='ltr'>tenace</span> <span class='ocrx_word' id='word_1_225' title='bbox 432 3860 616 3948; x_wconf 85' lang='lat' dir='ltr'>gravetur,</span> <span class='ocrx_word' id='word_1_226' title='bbox 643 3858 687 3922; x_wconf 92' lang='lat' dir='ltr'>ut</span> <span class='ocrx_word' id='word_1_227' title='bbox 711 3849 923 3922; x_wconf 89' lang='lat' dir='ltr'>communia</span> <span class='ocrx_word' id='word_1_228' title='bbox 940 3851 1207 3923; x_wconf 90' lang='lat' dir='ltr'>medicamenta</span> 
     </span>
    </p>
   </div>
   <div class='ocr_carea' id='block_1_5' title="bbox 125 3959 1207 4262">
    <p class='ocr_par' dir='ltr' id='par_1_6' title="bbox 125 3959 1207 4262">
     <span class='ocr_line' id='line_1_33' title="bbox 125 3959 1206 4064; baseline -0.004 -27"><span class='ocrx_word' id='word_1_229' title='bbox 125 3988 258 4064; x_wconf 91' lang='lat' dir='ltr'>parum</span> <span class='ocrx_word' id='word_1_230' title='bbox 276 3962 532 4062; x_wconf 88' lang='lat' dir='ltr'>respondeant,</span> <span class='ocrx_word' id='word_1_231' title='bbox 557 3973 595 4035; x_wconf 89' lang='lat' dir='ltr'>et</span> <span class='ocrx_word' id='word_1_232' title='bbox 612 3961 696 4035; x_wconf 92' lang='lat' dir='ltr'>ideo</span> <span class='ocrx_word' id='word_1_233' title='bbox 714 3959 949 4034; x_wconf 86' lang='lat' dir='ltr'>validioribus</span> <span class='ocrx_word' id='word_1_234' title='bbox 977 3961 1084 4060; x_wconf 91' lang='lat' dir='ltr'>plane</span> <span class='ocrx_word' id='word_1_235' title='bbox 1113 3984 1206 4058; x_wconf 86' lang='lat' dir='ltr'>opus</span> 
     </span>
     <span class='ocr_line' id='line_1_34' title="bbox 127 4063 1207 4174; baseline -0.008 -22"><span class='ocrx_word' id='word_1_236' title='bbox 127 4080 186 4165; x_wconf 89' lang='lat' dir='ltr'>sit,</span> <span class='ocrx_word' id='word_1_237' title='bbox 213 4075 360 4174; x_wconf 90' lang='lat' dir='ltr'>quibus,</span> <span class='ocrx_word' id='word_1_238' title='bbox 385 4075 505 4150; x_wconf 91' lang='lat' dir='ltr'>multo</span> <span class='ocrx_word' id='word_1_239' title='bbox 521 4063 646 4174; x_wconf 86' lang='lat' dir='ltr'>magis</span> <span class='ocrx_word' id='word_1_240' title='bbox 656 4096 769 4172; x_wconf 90' lang='lat' dir='ltr'>quam</span> <span class='ocrx_word' id='word_1_241' title='bbox 796 4072 1071 4159; x_wconf 88' lang='lat' dir='ltr'>resolventibus,</span> <span class='ocrx_word' id='word_1_242' title='bbox 1097 4071 1207 4147; x_wconf 87' lang='lat' dir='ltr'>conli-</span> 
     </span>
     <span class='ocr_line' id='line_1_35' title="bbox 127 4189 376 4262; baseline -0.004 0"><span class='ocrx_word' id='word_1_243' title='bbox 127 4189 293 4262; x_wconf 89' lang='lat' dir='ltr'>dendum</span> <span class='ocrx_word' id='word_1_244' title='bbox 311 4197 376 4261; x_wconf 91' lang='lat' dir='ltr'>est.</span> 
     </span>
    </p>
   </div>
   <div class='ocr_carea' id='block_1_6' title="bbox 614 4298 729 4375">
    <p class='ocr_par' dir='ltr' id='par_1_7' title="bbox 614 4298 729 4375">
     <span class='ocr_line' id='line_1_36' title="bbox 614 4298 729 4375; baseline 0 -1"><span class='ocrx_word' id='word_1_245' title='bbox 614 4298 729 4375; x_wconf 65' lang='lat' dir='ltr'>ube</span> 
     </span>
    </p>
   </div>
   <div class='ocr_carea' id='block_1_7' title="bbox 0 0 1344 4794">
    <p class='ocr_par' dir='ltr' id='par_1_8' title="bbox 0 0 1344 4794">
     <span class='ocr_line' id='line_1_37' title="bbox 0 0 1344 4794; baseline 0 3"><span class='ocrx_word' id='word_1_246' title='bbox 0 0 1344 4794; x_wconf 95' lang='lat' dir='ltr'> </span> 
     </span>
    </p>
   </div>
  </div>
 </body>
</html>
