2678 4794
164 399 212 466 22
568 404 840 465 macrus
1115 412 1202 467 CAP·
1220 413 1248 469 1.

148 542 246 663 'eina
262 585 444 665 rationalis
461 584 539 659 sive
554 583 793 684 Dogmatiaa.
844 583 917 659 Est
940 593 980 658 et
1004 582 1126 674 altera,
1152 589 1247 664 Em·

156 700 287 804 pirico
311 699 497 784 nimirum,
522 720 618 795 quae,
644 697 762 770 missis
780 695 993 809 hujusmodi
1018 698 1248 797 ambagibus,

163 815 239 890 sola
264 810 422 890 remedia
446 809 643 908 quaeritet
667 809 805 908 profert
842 821 940 886 certa
964 821 1002 885 et
1027 810 1180 885 definita
1207 815 1247 888 vi

22 930 24 937 '
163 927 316 1026 praedita
332 921 378 996 ad
394 932 512 996 certos
530 922 675 997 morbos
691 922 876 998 delendos.

215 1054 363 1112 uxxm.
382 1033 613 1132 Hujusmodi
630 1035 791 1108 remedia
807 1036 928 1110 omnis
939 1035 1249 1111 eimumforaueus

163 1149 330 1226 medicus
349 1147 477 1246 jactat,
501 1148 621 1222 ornnis
646 1171 740 1222 anus
757 1172 795 1222 se
811 1149 927 1223 credit
954 1148 1159 1249 possidere;
1185 1173 1250 1249 po·

146 1260 360 1362 ,pulusque
385 1263 453 1360 qui
477 1259 552 1334 fere
576 1261 697 1360 decipi
714 1286 824 1360 quam
845 1287 969 1363 sapere
987 1262 1139 1349 mavult,
1169 1260 1250 1334 tali·

162 1375 234 1449 hus
249 1374 420 1449 remediis
433 1397 575 1473 semper
591 1373 694 1461 fidit;
721 1400 844 1474 neque
860 1378 1036 1474 profecto,
1052 1384 1249 1473 postquam

97 1488 100 1492 ’
163 1489 355 1562 sanitatem
374 1511 458 1561 eum
490 1511 529 1560 re
558 1487 730 1573 amiserit,
755 1486 860 1563 facile
889 1488 977 1561 sinit
1001 1488 1250 1585 gratissimum
1317 1568 1321 1575 ,

164 1602 282 1675 menti
298 1624 454 1675 errorem
472 1599 563 1697 eripi
577 1627 587 1685 3
612 1599 749 1674 scilieet
761 1624 872 1700 quem
887 1599 981 1673 nolit
997 1600 1145 1686 intueri,
1157 1600 1250 1673 adeo

163 1711 300 1788 blanda
315 1724 371 1788 est
396 1712 565 1811 sperandi
591 1722 658 1809 pro
682 1736 721 1785 se
746 1713 882 1810 cuique
898 1710 1064 1785 dulcedo.
1124 1711 1250 1799 Quam

164 1843 283 1926 panea
298 1850 387 1900 vero
402 1824 610 1901 istiusmodi
628 1824 788 1897 remedia
804 1820 925 1898 adhuc
942 1830 1086 1922 reperta
1098 1823 1251 1912 fuerint,

164 1939 376 2035 peritissimi
401 1936 533 2011 medici
559 1936 724 2029 fatentur
748 1945 787 2009 et
811 1934 948 2011 dolent
1000 1935 1115 2024 Quod
1140 1937 1170 2010 si
1196 1962 1251 2011 re·

164 2051 287 2126 media
303 2050 472 2150 quedam
490 2048 631 2124 fuerint
647 2073 733 2148 quae
748 2049 787 2120 vi
805 2046 971 2141 nondum
985 2036 1174 2147 explorata
1186 2060 1253 2126 aut

164 2160 352 2238 intellecta
367 2163 575 2261 inoorpore
591 2160 755 2236 humano
771 2159 923 2259 pollent,
950 2158 991 2234 id
1009 2162 1160 2235 minime
1185 2163 1252 2237 mi-

164 2300 248 2351 rum
262 2304 271 2361 ;
297 2275 439 2376 quippe
455 2277 543 2377 quia
559 2284 618 2349 tot
630 2274 792 2349 existant
809 2272 927 2347 morbi
943 2297 1102 2373 quorum
1120 2277 1253 2350 natura

164 2397 205 2463 et
221 2412 340 2465 causae
354 2412 503 2490 prorsus
532 2387 679 2463 lateant.
731 2386 929 2476 Caeterum,
957 2412 1034 2487 quo
1059 2387 1253 2486 perfectior

164 2500 278 2585 fuerit
295 2502 446 2578 seientia
464 2502 614 2590 medioa,
639 2526 684 2576 eo
713 2500 855 2577 facilius
883 2501 954 2575 erit
971 2500 1254 2575 medicamento-

165 2638 249 2689 rum
266 2615 415 2703 virium,
440 2625 479 2689 et
498 2615 597 2689 modi
615 2640 692 2714 quo
708 2637 840 2711 corpus
868 2613 1039 2697 afficiant,
1068 2614 1253 2711 variisque

165 2726 206 2800 in
223 2726 360 2800 morbis
375 2727 530 2825 prosint,
548 2726 726 2798 rationem
745 2723 906 2796 reddere.

216 2858 360 2912 uxxw.
384 2835 568 2910 Remedia
591 2835 709 2931 igitur
724 2831 883 2904 ordinari
901 2830 1029 2918 solent,
1046 2833 1252 2910 secundum

166 2941 322 3020 effectus
338 2932 551 3019 manifestos
563 2967 659 3043 quos
675 2943 715 3017 in
731 2965 881 3040 corpore
892 2942 1054 3017 humano
1068 2957 1253 3043 praestant.

165 3055 406 3133 -Afficiunt
421 3054 480 3128 vel
498 3064 621 3156 partes
637 3053 768 3130 solidas
784 3055 846 3128 vel
858 3054 1000 3131 fluidas.
1038 3056 1123 3131 Illas
1135 3060 1253 3151 alunt,

155 3178 402 3254 <consumunt
420 3167 582 3258 firmant,
602 3167 737 3255 laxant,
766 3167 941 3257 excitant,
959 3170 1120 3268 sopiunt.
1170 3173 1254 3249 Has

165 3280 227 3355 vel
243 3282 454 3381 quantitate
469 3279 531 3355 vel
546 3279 725 3381 qualitate
741 3280 898 3370 vitiatas,
916 3283 1117 3382 corrigunt,
1140 3295 1254 3384 atque

165 3405 370 3480 evacuant;
396 3394 511 3493 idque
520 3394 580 3469 vel
592 3393 661 3467 viis
675 3393 913 3482 naturalibus,
930 3394 990 3470 vel
1002 3394 1080 3471 aliis
1097 3398 1253 3472 insolitis

166 3513 207 3581 et
229 3515 308 3580 arte
331 3505 580 3581 saetis-Nea
594 3505 731 3579 desunt
759 3507 896 3581 auxilia
912 3507 1086 3585 adversus
1108 3533 1253 3585 sonore·

165 3619 285 3694 tiones
300 3618 398 3693 intra
423 3642 556 3718 eorpus
582 3619 764 3706 formatas,
788 3630 855 3695 aut
870 3621 1041 3697 animalia
1065 3622 1104 3694 in
1122 3621 1254 3696 eodem

165 3729 389 3830 hospitantia
406 3731 538 3823 (Lx111,
550 3732 1089 3831 Lxru)-Medioamentorum
1102 3758 1190 3808 vero
1202 3735 1254 3810 ef·

165 3841 332 3919 foetuum
349 3853 388 3919 et
406 3844 506 3920 modi
522 3870 600 3946 quo
616 3870 749 3949 eorpus
764 3844 945 3937 efficiunt,
969 3847 1131 3934 seientia,
1159 3844 1254 3923 Tire·

166 3955 301 4058 raptio
317 3969 479 4032 vooatur.
