2678 4794
127 405 222 463 ω.
240 402 321 457 xva
432 400 652 454 nnmerum
671 402 958 459 rnrousrrcrs.
1142 395 1235 474 151,

129 595 194 657 tea
208 582 247 654 in
265 576 517 677 pulmonibus,
541 577 581 650 in
598 577 723 651 eadem
734 580 843 677 prius
859 587 1069 666 vertuntur,
1099 605 1211 677 quam

126 694 173 768 ad
189 690 368 766 alendum
384 711 525 787 eorpus,
553 701 591 762 et
616 690 779 787 partium
806 690 1004 765 solidarum
1028 691 1212 790 jacturam
1316 691 1326 713 ''

123 801 380 904 reparandam,
397 801 667 899 impendantur.

140 938 241 990 nv.
268 914 469 989 Universae
495 937 622 986 massae
652 939 739 988 usus
764 915 855 989 varii
879 927 918 991 et
953 916 1110 989 maximi
1135 940 1213 989 mo·

125 1028 240 1100 menti
252 1035 354 1099 sunt
408 1025 543 1101 Genus
560 1048 755 1100 nervosum
769 1027 949 1123 imprimis
965 1028 1113 1114 excitat,
1130 1053 1212 1125 pro·

125 1139 168 1213 be
199 1137 421 1222 distributa;
463 1136 511 1210 ad
549 1136 705 1210 calorem
736 1139 928 1212 animalem
966 1141 1211 1239 gignendum,

127 1250 362 1346 eundemque
389 1273 455 1346 per
483 1258 607 1322 toturn
636 1272 766 1346 corpus
795 1249 1086 1326 diffundendum
1111 1251 1212 1326 lraud

131 1385 262 1458 parum
278 1359 439 1433 oonferre
455 1360 624 1444 videtur;
661 1360 754 1458 quin
785 1373 823 1436 et
840 1363 987 1461 sanguis
1004 1388 1121 1462 penus
1146 1375 1212 1449 est,

134 1470 232 1545 unde
248 1472 333 1546 varii
346 1473 531 1560 humores,
548 1472 657 1546 variis
670 1473 808 1546 muniis
823 1476 910 1573 apti,
927 1474 1141 1550 derivantur
1152 1475 1212 1554 uel

135 1595 378 1658 seoemuntur.

174 1717 258 1769 uvr.
286 1697 485 1795 Sanguinis
509 1707 629 1793 partes
648 1696 728 1795 jam
755 1697 943 1797 descripta
960 1723 1040 1772 raro
1055 1700 1211 1787 desunt;

130 1831 205 1881 raro
228 1806 312 1880 aliae
335 1808 376 1879 in
402 1807 582 1906 sanguine
608 1809 852 1906 reperiuntur.
917 1812 964 1885 In
987 1810 1213 1908 quibusdam

129 1943 211 1994 sero
226 1918 420 2016 exemplis,
445 1930 511 1991 aut
527 1918 628 1993 nulla
644 1918 883 2021 fuitfibrino,
904 1934 970 1997 aut
987 1933 1064 1996 tam
1082 1928 1212 2021 pamm

131 2031 214 2129 ejus,
231 2042 299 2106 aut
316 2032 395 2130 ipsa
411 2031 503 2119 adeo
520 2044 701 2129 corrupta,
729 2045 772 2107 ut
790 2036 939 2133 sanguis
956 2059 976 2107 e
994 2037 1098 2109 venis
1127 2037 1212 2111 mis·

132 2167 186 2218 sus
203 2168 280 2218 non
300 2144 425 2229 eoiret,
442 2153 480 2216 et
498 2144 685 2240 particulae
701 2145 831 2232 rubrae,
848 2147 963 2219 instar
978 2171 1106 2235 arenae,
1128 2148 1212 2222 lun-

134 2254 218 2331 dum
238 2256 336 2329 vasis
353 2267 531 2353 peterent.
583 2255 662 2328 Res
679 2257 827 2354 pessimi
844 2258 988 2330 ominis.

138 2430 141 2435 ,
175 2391 277 2443 nvrr.
307 2368 437 2441 Serum
456 2366 654 2464 aliquando
671 2366 811 2456 album,
828 2368 942 2441 instar
957 2367 1070 2454 laetis,
1093 2369 1212 2442 obser·

134 2493 246 2569 satur,
261 2480 366 2579 quod
382 2481 428 2553 ab
444 2479 553 2576 adipe
569 2489 769 2576 resumpto,
784 2501 908 2575 neque
921 2479 1057 2551 iterum
1074 2479 1113 2551 in
1130 2478 1214 2577 glu-

136 2601 191 2667 ten
207 2593 369 2678 redacte,
396 2591 481 2663 oriri
499 2589 657 2663 videtur.
710 2590 814 2688 Saepe
832 2591 942 2661 etiam
960 2598 1092 2687 praeter
1107 2604 1213 2663 natu·

134 2727 203 2778 ram
218 2703 364 2778 flavum
381 2705 596 2777 observatur
613 2725 747 2788 serum,
775 2713 927 2801 psopter
950 2699 1059 2776 bilem
1078 2701 1115 2780 in
1134 2724 1213 2775 san·

136 2817 286 2914 guinem
300 2816 533 2890 redeuntem

175 2951 293 3003 nv111.
316 2929 426 3026 Saepe
442 2927 511 3000 alia
530 2929 653 3001 minus
679 2926 785 3002 solita
800 2929 944 3001 ratione
969 2928 1114 3026 cogitur
1128 2951 1214 3000 -san-

133 3041 220 3137 guis,
232 3051 286 3115 et
301 3053 589 3114 crassamentum
602 3040 807 3126 obducitur
823 3053 943 3114 crusta
959 3040 1049 3127 alba,
1076 3051 1214 3125 tenaee,

137 3151 245 3226 imtar
269 3153 368 3226 corii.
445 3152 542 3226 Haee
579 3163 698 3226 crusta
723 3151 817 3224 nihil
846 3162 901 3226 est
926 3162 1057 3249 praeter
1081 3174 1212 3248 puram

130 3259 304 3360 fibrinum
321 3264 463 3339 tardius
488 3264 596 3338 solito
613 3273 785 3350 coactam,
811 3289 888 3361 quo
904 3263 949 3336 fit
965 3275 1010 3335 ut
1025 3261 1214 3360 particulae

135 3376 248 3450 rubrae
262 3376 468 3451 colorantes
485 3375 761 3474 quodammodo
777 3375 978 3449 subsidant

178 3511 264 3564 mx.
286 3488 461 3577 Nullum,
484 3500 529 3562 ut
545 3488 609 3561 diu
624 3486 804 3561 creditum
828 3486 910 3571 fuit,
928 3460 1115 3584 sanguinis
1137 3483 1214 3558 len

135 3608 258 3690 torem,
288 3600 522 3687 densitatem,
541 3601 773 3698 spissitatem,
790 3599 1036 3683 tenacitatem,
1065 3597 1214 3682 indicat,

135 3713 191 3788 ted
215 3714 342 3812 potius
368 3715 601 3798 tenuitatem,
628 3711 757 3785 saltem
775 3711 953 3783 minorem
971 3708 1018 3782 ad
1047 3704 1214 3804 eoagula-

137 3825 269 3900 tionem
283 3826 566 3924 proclivitatem.
613 3823 746 3896 Oritur
756 3821 1007 3919 plerumquea
1018 3817 1215 3891 uehemen-

139 3936 220 4012 tiore
237 3939 428 4035 sanguinis
445 3938 543 4010 intra
571 3960 704 4033 eorpus
718 3935 931 4032 agitatione,
957 3955 1022 4003 sen
1039 3950 1216 4025 eonquas·

142 4051 294 4136 tatione3
320 4049 408 4123 hine
433 4049 565 4122 multas
592 4047 723 4131 febres,
748 4058 785 4119 et
811 4042 1117 4118 inflammationes
1142 4038 1217 4108 fere

143 4179 271 4247 omnes,
310 4174 349 4236 et
373 4160 573 4259 aliquando
598 4158 787 4256 sanguinis
812 4155 1008 4254 profluvia,
1035 4162 1074 4222 et
1099 4148 1216 4220 febres

146 4291 227 4365 quas
256 4274 404 4373 eruptio
428 4280 678 4373 super'cutem
696 4269 903 4355 comitatur,
928 4260 1117 4336 interdurn
1142 4278 1217 4331 coe-
