2678 4794
134 319 210 388 242
522 330 781 419 ‘consracros
1020 331 1103 386 err.
1121 327 1199 385 xxa

135 508 316 596 vernulas,
340 529 406 606 per
419 528 503 579 vasa
517 504 657 578 hiantia
685 503 810 576 denuo
838 503 1089 581 resorbendus.
1141 503 1199 578 Lis

136 620 224 720 ipsa,
249 613 468 718 experiendo
494 636 569 688 non
586 612 880 714 argumentando
905 613 1122 703 dirimenda,
1147 640 1199 714 pa·

135 755 219 806 mm
243 730 299 804 ad·
312 749 420 802 usum
444 724 632 799 medicum
657 725 829 825 pertinet.
894 724 1054 823 Oportet
1081 738 1199 800 tamen

133 840 350 926 meminisse,
371 846 522 911 auctum
539 836 727 938 sanguinis
743 836 783 909 in
798 837 892 911 vasis
907 837 1003 911 uteri
1019 837 1199 935 impetum

126 952 336 1054 placentam
353 973 447 1049 saepe
463 972 638 1049 separare,
663 958 702 1022 et
727 947 811 1021 ideo
827 947 996 1022 abortum
1020 948 1199 1031 inducere

131 1071 171 1137 et
186 1062 279 1135 hanc
294 1085 519 1160 quocunque
534 1060 646 1135 modo
658 1070 869 1158 separatam,
886 1060 962 1133 sive
977 1068 1084 1157 partu
1097 1066 1199 1131 natu·

130 1171 206 1260 rali,
223 1173 301 1267 sine
317 1172 459 1260 abortu,
476 1173 554 1247 sive
570 1172 753 1270 magnavi
769 1170 850 1246 funi
867 1169 1030 1245 umbilici
1046 1169 1199 1256 admota

130 1281 248 1358 veluti
273 1284 320 1358 ab
344 1285 515 1384 imperita
537 1284 730 1361 obstetrice
753 1291 837 1382 post
858 1296 1019 1382 partum,
1043 1280 1199 1379 aliquem

130 1416 274 1495 semper
289 1397 478 1497 sanguinis
493 1395 652 1484 fluxum,
674 1418 943 1493 nonnunquam
959 1394 1151 1492 ingentem
1166 1399 1199 1467 et

130 1505 313 1594 lethalem,
330 1507 482 1583 efficere.

179 1642 341 1696 nccxcr.
376 1617 577 1718 Singrdaris
601 1617 788 1719 sanguinis
811 1619 850 1693 in
876 1619 971 1693 foetu
996 1642 1134 1705 cursus,
1158 1614 1199 1691 ab

129 1754 175 1804 eo
191 1732 258 1830 qui
273 1732 313 1806 in
328 1730 456 1805 adulto
471 1730 684 1805 observatur
699 1729 810 1828 longe
825 1726 1000 1818 diversus,
1026 1731 1199 1805 nimirum

129 1868 196 1943 per
211 1843 373 1919 foramen
389 1840 503 1929 oncle,
519 1853 558 1915 et
569 1841 726 1915 ductum
736 1841 957 1918 arreriomm
973 1844 1071 1916 inter
1082 1842 1199 1917 arteri-

128 1981 189 2030 am
215 1952 461 2056 pulmonem
478 1964 516 2028 et
531 1961 686 2042 coriaria,
711 1962 749 2027 et
764 1955 910 2028 arterias
926 1952 1153 2030 rnnbilicolea
1164 1962 1199 2029 'et

122 2066 345 2167 placentam,
356 2076 394 2141 et
405 2089 539 2140 venam
551 2063 790 2141 umbilicarem
798 2075 840 2140 et
849 2067 1005 2141 ductum
1018 2089 1199 2155 cenorum,

122 2178 203 2277 jam
220 2179 423 2278 descriptus
438 2187 495 2253 est
511 2179 753 2279 (ccccxvn);
778 2202 900 2278 neque
927 2180 1044 2279 igitur
1070 2180 1134 2255 hic
1146 2179 1199 2257 fu·

129 2292 204 2367 sius
220 2292 451 2392 repetendus.

106 2440 108 2445 2
178 2426 358 2483 nccxcn.
381 2405 523 2481 Parum
539 2416 681 2482 constat
692 2405 740 2480 de
763 2405 903 2507 origine
919 2407 1101 2482 variarum
1117 2426 1199 2507 que

129 2543 241 2593 ovum
258 2517 419 2595 formant
435 2521 655 2609 tunicarum,
680 2520 758 2594 sive
773 2542 821 2593 ex
843 2518 1045 2617 liquoribus
1061 2517 1199 2595 foeeun·

129 2630 185 2704 dis
211 2631 405 2731 utriusque
428 2656 537 2708 sexus
561 2631 776 2719 formentur,
813 2654 888 2704 non
924 2654 1026 2705 secus
1050 2654 1095 2706 ac
1125 2631 1199 2731 ipse

127 2741 250 2826 foetus,
276 2742 354 2815 sive
377 2743 424 2816 ab
449 2754 554 2818 utero
577 2745 800 2818 deriventur.
875 2741 1049 2817 Exterior
1072 2740 1199 2818 saitem

127 2849 337 2926 ¹membrana
348 2852 475 2941 chorii,
492 2854 646 2929 decidua
657 2852 764 2941 dicta,
781 2853 827 2927 ab
839 2865 945 2929 utero
954 2854 1199 2943 videtureme¹

125 2958 301 3034 nimirum
326 2965 474 3060 quaein
500 2974 605 3037 utero
619 2964 777 3038 adfuisse
801 2962 927 3051 fertur,
951 2990 1072 3066 quum
1085 2966 1199 3043 -foetus

124 3093 315 3169 ovumque
331 3071 371 3145 in
387 3071 478 3146 tuba
493 3071 724 3174 Follopiona
740 3074 901 3151 haereret.

174 3203 366 3260 nccxcnr.
384 3184 526 3260 Uterus
539 3184 626 3284 ipse,
642 3187 735 3261 dum
746 3188 880 3264 mulier
890 3191 1041 3291 gravida
1054 3201 1123 3281 est,
1134 3190 1199 3269 mi·

125 3319 210 3371 rum
234 3295 281 3370 in·
309 3295 463 3372 modum
487 3298 624 3385 crescit,
661 3301 905 3401 quinquagies
937 3302 1013 3377 fere
1037 3306 1199 3405 oapau'or

125 3405 242 3483 factus
258 3434 368 3506 quam
385 3410 426 3484 in
442 3409 587 3510 virgine
614 3410 741 3488 fuerat.
793 3412 926 3513 Neque
953 3415 1038 3490 ideo
1054 3418 1199 3493 tenuior

124 3517 191 3592 fit:
216 3543 302 3593 vasa
318 3521 453 3596 seilicet
470 3523 685 3622 sanguinem
703 3525 875 3600 vehentia
900 3526 1138 3617 evolvuntur,
1162 3534 1199 3603 et

124 3629 326 3728 plurimum
344 3634 560 3733 sanguinem
579 3638 780 3725 continent,
796 3647 835 3714 et
847 3638 920 3713 tela
930 3639 1050 3715 forsan
1067 3642 1199 3717 reticu-

123 3740 206 3829 lata,
223 3766 307 3841 quae
323 3744 431 3820 fibras
447 3747 670 3829 musculosas
687 3750 812 3838 nectit,
828 3752 954 3825 crescit
970 3776 1135 3853 quoque.

172 3876 356 3931 nccxcr-v.
380 3857 582 3933 Nonnullae
605 3859 786 3950 mulieres,
809 3872 854 3936 ut
869 3862 994 3952 fertur,
1011 3866 1140 3940 statim
1151 3873 1199 3942 ut

123 3967 367 4065 conceperint,
396 3969 437 4042 id
464 3979 613 4057 nonrnt,
642 3979 741 4045 certo
770 3996 889 4061 sensu,
914 3974 1032 4072 qualis
1048 4001 1071 4051 a
1086 3976 1199 4053 sterili

123 4100 256 4152 venere
271 4077 400 4166 abfuit,
428 4080 641 4161 ethonore
669 4082 794 4181 aliquo
809 4084 906 4161 illico
929 4088 1140 4187 ingruente,
1163 4096 1199 4165 et

123 4213 266 4282 nausea,
294 4190 470 4291 postridie
497 4191 656 4283 fortasse,
684 4194 745 4270 vel
772 4196 899 4276 saltem
917 4200 1043 4300 paucis
1059 4201 1199 4295 diebus,
