2678 4794
98 325 184 381 ΟΑΡ.
201 320 349 379 xxxiv.
400 315 616 374 tramenta
634 317 917 377 THEOBETICAE.
1107 315 1180 397 479

99 503 283 576 actionem
299 521 468 574 vasorum
494 495 770 572 absorbentiutn
788 497 1044 599 (mcccxtvn)
1061 500 1186 582 interr--

103 615 223 689 dunt:
250 612 336 686 hine
352 635 447 709 saepe
465 608 574 683 utiles
591 610 630 683 in
647 608 809 708 generali
834 609 1010 710 languore
1024 624 1092 689 aut
1107 626 1182 694 tor.

100 749 199 824 pore,
215 734 282 799 aut
297 722 466 823 paralysi,
481 730 549 798 aut
565 721 715 809 insania,
732 731 799 795 aut
810 722 1062 800 obstmotione
1078 749 1181 804 men.

100 839 208 925 sium,
232 847 298 911 aut
315 834 477 910 oohibita
501 833 733 908 exhalatione
762 856 828 933 per
856 848 993 924 eutem,
1017 847 1084 913 aut
1099 842 1183 939 qui.

98 948 254 1023 busdam
272 948 463 1051 sanguinis
483 944 687 1044 profluviis,
711 956 777 1021 aut
792 946 1006 1048 apopleroio,
1031 966 1096 1028 aut
1113 953 1182 1055 hy.

98 1060 213 1161 drope
229 1060 341 1146 vario,
359 1062 426 1133 tte.
618 1100 621 1107 ·

149 1195 338 1247 ircccxcr.
365 1172 596 1271 Magnopere
622 1181 779 1272 prosunt
793 1173 833 1248 in
849 1176 1023 1251 omnibus
1040 1178 1114 1252 fere
1130 1178 1181 1254 fe·

98 1284 236 1373 bribus,
264 1285 467 1383 prasertim
483 1285 612 1383 primis
628 1284 769 1372 diebus,
794 1291 965 1385 quamvis
994 1290 1087 1364 nihil
1115 1292 1181 1367 ob-

98 1407 172 1471 stet
182 1421 258 1495 quo
271 1396 645 1472 minusomniearum
658 1405 825 1495 tempore
842 1400 1052 1496 postulante
1062 1427 1177 1502 aegros

102 1510 216 1585 tantis
227 1509 438 1584 conditione
453 1508 741 1608 praescribantur.
792 1508 914 1584 Tanta
931 1514 1181 1591 vomitionum

100 1620 242 1696 utilitas
259 1620 298 1695 in
317 1621 451 1696 talibus
461 1621 609 1709 morbis,
626 1645 749 1720 neque
758 1621 911 1697 stimulo
924 1647 1035 1722 quem
1044 1626 1183 1726 generi

96 1755 263 1821 mnaso,
289 1733 518 1832 impertiunt,
545 1756 667 1835 neque
683 1733 838 1808 incitato
854 1736 1043 1833 sanguinis
1060 1739 1184 1813 motui

99 1843 192 1941 (jam
209 1845 330 1920 forsan
347 1845 459 1919 nimis
475 1844 715 1938 vehementi),
741 1845 939 1921 tribuenda
967 1860 1034 1937 eat,
1058 1873 1185 1949 neque

98 1979 185 2032 sane
201 1956 377 2031 haetenus
393 1957 488 2031 bene
502 1957 692 2056 explorata
720 1967 788 2032 aut
817 1958 1005 2035 intellecta
1020 1961 1181 2037 videtur.

102 2065 198 2143 Sunt
215 2069 350 2167 quibus
366 2091 582 2166 persuasum
598 2077 654 2142 est
670 2094 818 2144 oausam
834 2072 1044 2170 proximam
1071 2073 1182 2151 febris

97 2179 140 2253 in
154 2203 301 2280 epasmo
317 2205 383 2255 seu
405 2181 654 2254 contractione
670 2180 792 2254 valide
808 2191 847 2255 et
862 2208 960 2281 aegre
976 2186 1182 2283 superanda

99 2316 272 2368 vasorum
301 2304 566 2379 extremorum,
591 2301 630 2365 et
654 2291 857 2388 praesertim
885 2297 992 2383 eutis,
1016 2299 1181 2372 maxime

87 2391 307 2491 'oonsistere
332 2414 371 2478 et
387 2404 608 2478 vomitiones
624 2426 699 2476 non
716 2402 788 2478 alio
804 2401 879 2478 fere
896 2405 1009 2480 modo
1038 2409 1078 2481 in
1108 2409 1181 2484 isto

99 2527 199 2592 statu
216 2517 398 2616 prodesse,
423 2539 538 2614 quarn
555 2514 733 2590 solvendo
754 2514 855 2589 illam
881 2520 1179 2608 eontraotionem,

97 2639 322 2726 motumque
347 2628 536 2726 sanguinis
565 2651 631 2726 per
660 2626 805 2704 minuta
832 2638 871 2702 et
900 2638 1066 2703 extrema
1095 2654 1180 2706 vasa

96 2741 222 2814 denuo
237 2738 480 2838 expediendo.
530 2738 586 2812 Et
610 2737 681 2815 hoc
704 2739 821 2814 faeere
836 2741 1097 2816 existimantur
1114 2768 1180 2843 per

95 2875 317 2929 eonsensum
334 2850 496 2950 aliquem
513 2850 720 2925 mirabilem
733 2862 772 2926 et
782 2852 1032 2942 manifestum,
1049 2879 1178 2953 quam-

95 2967 154 3041 vis
171 2964 373 3065 explanatu
390 2963 664 3050 difficillimum,
680 2974 805 3039 eutem
824 2964 922 3040 inter
937 2975 976 3041 et
992 2968 1177 3043 ventricu-

95 3078 188 3167 lum,
214 3080 266 3152 ita
284 3088 327 3152 ut
343 3075 455 3174 hujus
472 3075 619 3151 affectio
635 3075 734 3153 illius
751 3087 889 3152 statum
916 3078 1078 3154 multum
1098 3106 1178 3155 mu-

95 3202 161 3280 tet,
186 3193 379 3290 ipsamque
395 3189 513 3264 solvat
541 3199 580 3263 et
605 3188 716 3277 laxet,
742 3202 781 3264 et
809 3190 1081 3274 exhalationem
1111 3217 1178 3291 per

96 3304 198 3380 illam
215 3303 398 3402 expediat,
423 3301 573 3377 fortasse
589 3303 700 3377 etiam
718 3301 891 3376 sudorem
909 3302 1042 3385 eliciat,
1066 3315 1105 3376 et
1120 3327 1176 3377 ao-

95 3417 237 3492 tionem
255 3438 426 3489 vasorum
444 3414 524 3511 ejus
545 3413 726 3500 intendat,
751 3415 1005 3513 majoremque
1021 3415 1176 3490 demum

96 3529 287 3627 sanguinis
320 3525 587 3600 derivationem
617 3550 663 3600 eo
688 3527 833 3615 efficiat,
868 3537 908 3601 et
934 3529 985 3602 sie
1013 3527 1176 3617 liberam,

93 3639 287 3739 aqualem,
314 3635 528 3723 naturalem,
545 3646 586 3710 et
601 3636 724 3712 lenem
741 3641 931 3739 sanguinis
946 3650 1093 3716 motum
1110 3666 1177 3740 per

30 3838 36 3843 ,
95 3763 221 3828 totum
239 3775 371 3850 corpus
388 3749 568 3823 restituat.

146 3885 355 3941 stcccxcn.
374 3862 583 3959 Utcunque
599 3862 752 3937 obseura
767 3872 880 3961 atque
891 3864 1028 3940 ineerta
1039 3887 1177 3964 magna

93 3976 307 4074 hujusmodi
333 3974 511 4048 doctrinm
534 3997 616 4072 pars
634 3973 814 4063 videatur,
844 3977 913 4052 hoc
942 3975 1071 4052 saltem
1100 4001 1175 4050 eer-

92 4100 179 4164 tum
196 4099 235 4163 et
251 4087 488 4164 manifestum
505 4098 571 4175 est,
588 4088 629 4161 in
645 4088 749 4162 omni
758 4086 835 4162 fere
847 4088 957 4173 febre,
974 4090 1175 4185 praesertim

93 4201 224 4299 primis
251 4200 392 4288 diebus,
416 4213 543 4277 eutem
570 4223 739 4287 arescere,
764 4200 817 4274 ita
849 4210 891 4276 ut
921 4200 987 4274 vix
1014 4200 1179 4276 dubitari
