2678 4794
71 370 156 426 err.
174 369 292 425 xmrr.
342 360 561 420 aramenta
586 363 872 419 sumamma.
1073 347 1145 419 587

72 558 184 646 auget
216 545 331 644 (quod
360 543 533 616 naturalis
562 544 664 616 urina
694 541 852 638 faceret),
878 548 922 614 ut
952 536 1080 611 eadem
1107 537 1146 608 in

74 660 292 756 quibusdam
311 654 502 753 exemplis,
528 678 613 726 nam
631 655 708 727 haec
725 678 780 726 res
798 653 952 725 minime
968 659 1147 748 perpetua

76 784 141 857 est,
159 771 276 869 plane,
292 769 462 867 quamvis
476 766 675 838 admodum
690 767 800 852 lente,
811 764 1062 837 comminuere
1072 762 1150 835 visa

73 883 130 957 sit.
180 879 306 956 Alcali
322 904 410 952 vero
426 880 628 952 causticam
646 880 781 976 largius
811 886 1043 974 assumptum
1071 873 1148 946 sive

73 994 190 1067 forma
206 994 360 1090 saponis,
382 992 459 1063 sive
476 1013 611 1087 purum
629 991 846 1062 devoratum
864 989 985 1075 fuerit,
1003 988 1148 1061 urinam

73 1105 181 1203 plane
197 1103 396 1178 aleuliaam
412 1102 556 1184 reddit;
582 1125 737 1198 eamque
767 1101 876 1175 simul
907 1103 991 1175 satis
1021 1100 1150 1174 acriter

73 1226 211 1302 movet,
246 1229 440 1313 partesque
473 1236 538 1311 per
571 1237 663 1310 quas
697 1215 893 1287 transitura
923 1225 978 1287 est
1005 1213 1152 1285 fortiter

75 1352 169 1426 saepe
186 1327 313 1413 irritat,
339 1326 540 1424 prasertim
568 1327 597 1399 si
623 1325 680 1397 hae
705 1323 927 1399 calculorum
944 1326 1072 1400 attritu
1091 1322 1151 1396 vel

76 1440 146 1512 alia
155 1462 377 1539 quacunque
390 1462 497 1511 causa
508 1436 583 1534 jam
602 1437 838 1510 inflammatae
854 1447 920 1510 aut
937 1438 1154 1511 exulceratae

75 1552 223 1638 fuerint,
253 1560 366 1647 atque
383 1551 466 1622 ideo
484 1550 611 1624 multis
629 1549 814 1624 calculosis
831 1551 995 1624 adhiberi
1011 1551 1154 1646 nequit,

75 1664 247 1761 quamvis
275 1663 386 1736 etiam
415 1662 523 1736 valde
549 1662 724 1749 dilutum,
758 1674 797 1736 et
823 1662 1016 1760 glutinosis
1047 1660 1155 1733 rebus

76 1777 325 1861 commistum,
351 1784 389 1847 et
406 1798 550 1871 semper
567 1776 683 1873 igitur
700 1784 807 1849 caute
824 1785 862 1848 et
878 1774 1080 1873 prudenter
1095 1769 1156 1844 ad·

77 1887 282 1961 hibendum
313 1895 377 1958 est.
441 1885 580 1958 Contra
607 1911 706 1973 vero,
737 1913 832 1986 aqua
849 1887 963 1974 calcis,
989 1882 1158 1984 quamvis

79 1998 144 2070 diu
162 2007 201 2069 et
220 1999 316 2091 large
332 1995 474 2077 hausta,
502 1998 648 2068 urinam
674 2022 796 2094 neque
822 1998 1022 2073 olcaliaarrr
1037 2017 1159 2093 neque

78 2132 198 2184 acrem
215 2105 347 2189 reddit,
364 2127 488 2200 neque
500 2128 603 2176 renes
614 2129 737 2201 neque
750 2111 907 2180 vesicam
920 2109 1017 2181 male
1030 2109 1158 2195 irritat,

81 2221 144 2295 sed
161 2242 286 2293 earum
305 2216 468 2314 partium
498 2216 728 2301 irritationes,
754 2226 792 2289 et
808 2217 949 2290 dolores
966 2227 1074 2288 antea
1090 2219 1161 2290 for-

81 2342 175 2406 tasse
204 2329 446 2429 gravissimos,
472 2352 568 2426 saepe
597 2327 775 2401 sublevat.
827 2329 982 2401 Constat
1012 2353 1162 2425 quoque

82 2456 288 2541 utrumque
304 2441 369 2514 diu
387 2459 424 2513 et
444 2441 528 2513 satis
555 2439 655 2537 large
684 2464 788 2537 posse
817 2440 964 2525 assumi,
992 2440 1021 2511 si
1052 2441 1164 2511 modo

84 2581 170 2631 cum
188 2554 385 2654 prudentia
414 2553 544 2627 datum
571 2553 694 2640 fuerit,
720 2553 879 2652 generali
897 2553 1055 2650 oorporis
1073 2554 1165 2625 sani-

83 2678 160 2742 tate
176 2667 269 2741 nihil
281 2666 490 2740 imminuta.
540 2665 785 2739 Atemerario
795 2690 883 2738 vero
894 2675 932 2738 et
945 2666 1055 2738 nimis
1066 2664 1167 2763 largo

83 2780 230 2854 illorum
251 2805 329 2865 usu,
353 2779 478 2864 fertur,
504 2788 543 2851 et
560 2780 713 2851 minime
729 2777 941 2852 incredibile
957 2790 1023 2863 est,
1042 2787 1168 2850 totum

84 2917 216 2991 corpus
233 2893 341 2965 variis
359 2892 476 2964 modis
492 2891 603 2965 fuisse
620 2892 759 2978 laesum,
780 2892 1026 2987 humoresque
1042 2890 1169 2988 impri-

83 3007 155 3080 mis
182 3006 376 3104 insigniter
405 3005 684 3102 computruisse.
751 3004 905 3076 Certum
936 3026 1086 3100 quoque
1115 3010 1171 3075 est

85 3118 185 3190 varia
201 3117 396 3191 ventriculi
427 3125 467 3191 et
495 3116 756 3189 intestinorum
777 3116 877 3200 vitia,
903 3126 940 3187 et
969 3115 1171 3212 praesertim

86 3252 241 3313 acorem,
267 3228 453 3302 calculosis
479 3252 573 3326 saepe
590 3228 820 3313 familiarem,
846 3225 977 3300 talium
995 3229 1173 3299 remedio-

88 3365 174 3415 rum
189 3364 258 3412 usu
271 3339 329 3410 vel
342 3363 487 3436 prorsus
500 3340 680 3426 submota,
700 3339 761 3412 vel
775 3338 976 3436 plurimum
992 3340 1175 3412 duntaxat

88 3452 279 3526 sublevata
295 3450 416 3523 fuisse.
468 3451 604 3547 Neque
628 3451 786 3525 demum
807 3451 1020 3548 negandum
1038 3460 1093 3524 est
1109 3475 1175 3550 per

90 3588 132 3636 ea
162 3562 301 3637 multos
331 3560 528 3635 calculosos
556 3562 754 3659 insigniter
781 3561 892 3636 fuisse
921 3562 1059 3637 levatos
1088 3565 1175 3661 ipsis

91 3675 193 3748 malis
222 3699 308 3771 quae
324 3698 345 3747 a
362 3673 508 3747 calculis
538 3673 576 3745 in
607 3674 755 3749 renibus
782 3683 819 3746 et
848 3676 967 3749 vesica
994 3677 1174 3761 oriuntur,

89 3786 344 3886 plurimosque
361 3786 550 3859 interdum
568 3786 726 3860 calculos
755 3796 793 3859 et
822 3787 983 3861 multum
1003 3786 1174 3859 sabulum

91 3923 176 3972 cum
208 3901 311 3972 urina
334 3898 543 3973 reddidisse.
597 3899 739 3972 Adbuc
766 3922 853 3971 vero
881 3899 988 3972 valde
1015 3897 1173 3972 dubium

92 4020 148 4084 est
164 4034 211 4083 an
229 4011 389 4086 calculus
406 4012 578 4110 grandior
595 4024 633 4084 et
650 4035 716 4109 per
732 4010 880 4109 longam
894 4034 1070 4083 remoram
1089 4036 1172 4085 con-

92 4123 270 4208 firmatus,
296 4149 424 4198 eorum
441 4150 521 4223 ope,
548 4124 608 4197 vel
636 4124 675 4195 in
702 4123 861 4210 renibus,
887 4122 945 4194 vel
975 4122 1013 4193 in
1043 4125 1172 4212 vesica,

93 4259 260 4336 unquam
288 4235 400 4311 fuerit
418 4237 670 4311 comminutus
687 4246 725 4308 et
742 4259 763 4307 e
780 4257 928 4333 corpore
945 4234 1092 4332 penitus
1110 4261 1173 4312 ex-
