2678 4794
142 323 232 382 aaa.
250 324 353 381 xxx.
438 324 659 381 nummum
678 327 967 385 annoanmen.
989 332 991 336 ’
1157 316 1229 384 403

139 525 268 577 sensus
294 499 433 600 aliquid
459 501 599 580 stimuli
629 503 669 576 in
694 503 873 595 sehabet,
897 503 1026 602 qualis,
1057 503 1086 577 si
1111 504 1224 578 modo

138 617 227 690 satis
252 612 394 688 validus
419 614 540 703 fuerit,
579 639 753 690 somnum
779 616 840 691 vel
868 641 987 691 arcere
1013 619 1223 715 (coexcvr),

137 726 197 802 vel
208 728 288 823 jam
306 738 520 824 praesentem
539 751 708 827 rumpere
720 731 845 828 possit,
862 729 922 803 vel
940 731 1054 803 varias
1068 729 1222 803 demum

135 839 296 936 eorporis
312 853 432 936 partes
459 839 667 914 admotum
697 841 855 940 aliquem
875 843 978 915 ciere.
1029 841 1133 915 Varii
1158 836 1222 915 au-

135 962 213 1025 tem
231 975 359 1025 sensus
387 976 518 1049 corpus
535 952 619 1050 plus
637 955 807 1028 minusve
823 956 987 1028 excitant
1016 954 1222 1036 seeundum

133 1063 299 1162 ipsorum
318 1063 599 1149 vehementiam,
625 1089 752 1162 quaea
783 1066 1012 1166 praecedente
1036 1077 1102 1139 aut
1127 1090 1217 1163 prae-

135 1185 239 1249 sente
256 1186 356 1249 statu
374 1177 543 1273 eorporis,
573 1179 896 1251 et'consuetudine
921 1178 1094 1276 (curru),
1125 1178 1220 1251 mul-

133 1286 259 1384 tisque
283 1287 362 1361 aliis
388 1288 495 1361 rebus
520 1288 669 1387 pendet.
733 1290 802 1376 Sic,
828 1290 917 1363 dum
947 1289 1057 1364 multi
1095 1313 1221 1364 sensus

135 1421 267 1498 eorpus
284 1402 349 1474 vix
379 1409 445 1474 aut
475 1424 522 1473 ne
540 1402 606 1474 vix
623 1400 777 1498 quidem
807 1402 858 1474 ita
874 1402 1039 1476 excitant
1057 1412 1099 1475 ut
1125 1426 1220 1475 som-

136 1533 230 1585 num
259 1524 413 1599 arceant,
440 1506 623 1611 gravioies
640 1537 779 1598 sensus,
806 1512 865 1586 vel
883 1512 987 1587 dolor
1004 1514 1219 1611 (cnxxvnr)

133 1647 305 1724 mgmis,
334 1648 411 1699 non
428 1626 536 1699 modo
552 1625 716 1698 excitant
733 1649 875 1723 corpus,
906 1625 968 1698 sed
986 1624 1086 1698 idem
1104 1625 1216 1722 pluri-

132 1758 241 1810 mum
257 1737 473 1835 perturbant
490 1749 604 1836 atque
619 1737 844 1812 convellunt.
896 1737 1002 1824 Quin
1029 1750 1068 1810 et
1094 1761 1220 1810 sensus

132 1849 286 1947 quidam
304 1875 369 1925 sua
379 1860 508 1924 natura
519 1851 674 1925 minime
691 1849 939 1935 vehementes,
957 1849 1074 1947 etqui
1088 1872 1220 1922 sanum

130 1960 324 2037 hominem
361 1986 491 2060 parurn
516 1962 713 2048 afficerent,
749 1962 868 2036 veluti
894 1961 994 2047 lucis,
1033 1962 1218 2059 strepitus,
1273 1970 1296 2029 “.

131 2072 259 2149 caloris
276 2075 422 2160 modici,
445 2076 649 2148 secundum
667 2076 784 2147 varias
801 2075 1030 2148 conditiones
1047 2074 1218 2173 corporis,

132 2185 251 2261 veluti
267 2188 308 2260 in
324 2186 625 2270 febricitantibus,
642 2197 709 2258 aut
720 2184 926 2282 hystoricis,
942 2196 1010 2259 aut
1018 2176 1218 2283 puerperis,

115 2311 197 2381 ¹aut
215 2299 322 2373 valde
339 2299 548 2384 mobilibus,
565 2297 663 2370 idern
679 2297 843 2371 multum
855 2295 1044 2369 stimulare
1053 2305 1218 2393 pomum.

131 2411 179 2486 In
206 2410 420 2509 hujusmodi
446 2411 597 2508 quidem
636 2407 818 2505 exemplis
841 2407 951 2505 plane
979 2417 1136 2490 nocent;
1178 2408 1219 2480 in

128 2521 210 2601 aliis
227 2548 324 2611 vero,
350 2523 416 2597 ubi
447 2546 554 2619 sopor
582 2520 716 2619 aliquis
741 2520 801 2595 vel
817 2530 944 2618 torpor
973 2527 1093 2619 urget,
1119 2518 1220 2592 haud

132 2658 265 2733 parurn
282 2645 448 2734 prosunt

183 2768 303 2823 uccx.
330 2748 464 2822 Animi
489 2756 614 2821 autem
641 2745 843 2834 affectibus,
879 2769 956 2820 non
990 2768 1076 2818 sane
1100 2744 1219 2817 omni·

130 2859 201 2934 bus
217 2861 363 2959 pariter,
381 2859 484 2933 scd
462 2883 506 2932 us
522 2860 600 2957 qui,
617 2858 864 2933 distinctionis
876 2882 993 2945 eausa,
1015 2857 1219 2931 excitantes

129 2973 323 3070 (cccxnv)
347 2981 536 3059 vocantur,
555 2971 681 3071 quales
706 2980 804 3058 sunt,
822 2973 886 3057 ira,
914 2969 1110 3069 gaudium,
1127 2976 1220 3068 spes,

128 3084 303 3171 hilaritas,
328 3087 390 3159 &a
408 3086 464 3159 vis
482 3084 677 3160 stimulans
694 3083 812 3182 major
826 3091 878 3156 et
903 3083 1039 3158 certior
1064 3090 1218 3167 constat,

126 3221 224 3297 quae,
242 3209 287 3271 ut
304 3221 371 3271 suo
380 3196 461 3296 jam
479 3197 560 3271 loeo
578 3199 784 3295 (coenavi)
810 3195 955 3270 dictum
979 3206 1046 3282 est,
1071 3206 1221 3292 propter

126 3309 401 3402 vehementiam
428 3336 533 3384 suam
570 3309 714 3409 corpori
739 3308 939 3408 aliquando
963 3316 1096 3405 nocet,
1121 3327 1217 3403 saepe

127 3445 217 3495 vero
232 3445 299 3520 per
314 3423 520 3520 generalem
551 3431 664 3520 atque
679 3423 931 3522 gratissimum
949 3443 1061 3494 suum
1086 3419 1218 3492 stimu·

125 3531 207 3607 lum
226 3533 442 3609 mirabiliter
458 3534 618 3633 prodest.
670 3533 827 3609 Naturae
839 3559 914 3609 non
927 3532 1088 3608 multum
1101 3532 1147 3606 ab
1160 3531 1217 3603 his

125 3644 256 3719 alienae
266 3646 417 3720 videtur
433 3671 509 3721 esse
525 3646 642 3720 animi
659 3649 884 3733 exercitatio,
912 3645 1053 3720 modica
1070 3645 1216 3727 scilicet,

125 3758 313 3855 variisque
328 3759 658 3835 constitutionibus
675 3770 787 3856 atque
803 3741 963 3856 ingeniis
979 3759 1048 3832 rite
1077 3777 1217 3831 accom-

125 3871 287 3944 modata.
340 3872 413 3945 Sed
430 3872 477 3945 de
506 3872 563 3946 his
579 3895 655 3944 non
672 3894 767 3969 opus
797 3879 853 3942 est
882 3870 942 3944 hic
964 3869 1081 3945 fusius
1106 3867 1215 3940 disse-

125 4006 216 4069 rere,
245 4007 333 4058 cum
361 3990 549 4083 praeeepta
560 3983 723 4057 maxime
752 3981 936 4080 generalia
965 3994 1003 4056 et
1019 3979 1216 4055 necessaria

125 4091 200 4170 huc
217 4096 442 4193 pertinentia
458 4097 530 4171 alio
540 4095 620 4194 jam
637 4094 718 4170 loco
735 4103 928 4195 (mcxxxi)
946 4092 1079 4169 tradita
1096 4099 1198 4165 sunt..

624 4230 647 4289 c
666 4228 689 4281 c
708 4216 731 4282 2
