2694 4792
135 306 209 381 464
542 312 793 372 corsraaros
962 314 1058 371 osa.
1076 313 1243 371 xxxna

135 496 351 599 hujusmodi
383 518 471 572 vero
495 492 785 579 difficultatibus,
818 488 943 590 iisque
965 492 1236 590 expediendis,

135 614 222 690 abbi
240 613 489 706 (nccouxvn)
508 607 589 706 jam
618 607 705 681 satis
731 605 873 679 dictum
890 615 959 680 est.
1008 605 1092 683 Hic
1109 607 1233 706 igitur

136 735 193 803 sat
202 720 321 799 ⁴fuerit
336 744 554 796 memorasse
565 742 738 817 quaenam
755 718 914 816 corporis
926 717 1165 793 conditiones
1179 719 1231 795 ab

136 862 209 914 usu
225 834 522 910 exinanitionum
539 829 770 905 alienissimos
794 831 878 905 sint
928 830 1064 929 Neque
1086 855 1225 906 ornnes

136 974 224 1025 sane
237 947 316 1046 ejus
327 946 555 1032 oonditiones
568 969 653 1043 quae
664 943 869 1040 unicuique
880 940 1121 1016 exinanitioni
1134 967 1217 1042 spe-

136 1060 275 1136 cialiter
299 1058 475 1134 videntur
498 1057 626 1131 alienae
651 1055 711 1129 hio
740 1066 827 1129 sunt
861 1055 1122 1137 enumerandas
1147 1057 1220 1148 (ni-

135 1174 272 1247 mirum
298 1195 383 1270 quae
398 1195 486 1244 oum
503 1172 550 1243 de
566 1169 721 1269 singulis
737 1188 864 1242 earum
881 1168 1079 1267 generibus
1095 1193 1222 1247 sermo

135 1284 211 1371 fiet,
236 1275 352 1359 fusius
369 1294 479 1359 erunt
496 1283 753 1383 recensendas),
779 1281 844 1355 sed
867 1280 941 1355 illae
964 1289 1115 1356 tantum
1134 1306 1221 1380 quae

134 1418 264 1470 omnes
280 1397 485 1497 generatim
502 1395 599 1470 male
614 1395 748 1469 ferunt

159 1530 376 1595 ‚ucconrn
420 1507 514 1582 Has·
531 1510 627 1583 inter
652 1507 834 1606 imprimis
858 1528 1044 1579 reoensere
1067 1515 1219 1605 oportet

134 1620 384 1706 debilitatem
410 1618 515 1718 cujus
539 1620 592 1693 rei
617 1619 710 1693 ratio
735 1618 820 1692 satis
845 1619 883 1692 in
909 1618 1033 1716 aprioo
1048 1627 1130 1704 est;
1155 1641 1218 1692 ne·

133 1758 208 1831 que
224 1732 388 1832 profecto
405 1733 540 1807 mirum
557 1731 718 1804 remedia
735 1756 820 1828 quae
843 1755 975 1828 eorpus
998 1729 1094 1804 adeo
1119 1731 1218 1804 debi-

132 1845 243 1920 litant
268 1847 356 1921 huia
374 1846 453 1944 jam
480 1843 644 1919 multum
671 1842 864 1916 debilitato
897 1867 971 1916 non
1006 1844 1215 1917 convenire.

132 1956 352 2032 Notandum
371 1979 522 2054 quoque
546 1953 777 2028 debilitatem
794 1955 886 2030 adeo
910 1954 1117 2054 multiplex
1142 1979 1217 2030 esse

131 2068 279 2153 vitium,
305 2076 382 2141 eta
397 2077 456 2141 tot
472 2066 588 2141 oausis
615 2075 654 2140 et
670 2068 709 2141 in
736 2078 794 2142 tot
818 2070 955 2143 morbis
979 2069 1156 2169 assidere,
1172 2077 1216 2143 ut

130 2178 181 2253 ob
195 2177 296 2252 illam
310 2178 424 2253 solam
437 2178 484 2254 ab
496 2178 810 2254 exinanitionibus
821 2180 1018 2280 saepissime
1030 2181 1216 2256 abstinen-

130 2289 223 2365 dum
241 2291 298 2366 sit.

181 2426 359 2480 ticceau.
387 2403 562 2479 Morbosa
585 2429 738 2504 quoque
759 2404 969 2503 proclivitas
985 2405 1034 2479 ad
1050 2405 1216 2505 putredi-

129 2539 229 2604 nem,
246 2517 307 2591 vel
319 2518 478 2616 putredo
488 2517 568 2616 jam
585 2519 625 2592 in
643 2543 793 2617 oorpore
809 2519 981 2607 existens,
998 2520 1217 2593 evacuantis

129 2630 292 2703 remedia
315 2631 437 2705 minus
461 2631 593 2705 idonea
617 2630 748 2705 reddit.
800 2631 929 2730 Hujus
954 2633 1008 2706 rei
1032 2633 1130 2706 ratio
1153 2631 1217 2706 ali·

130 2752 273 2840 quanto
296 2742 482 2819 obscurior
499 2743 669 2818 videtur:
695 2744 775 2842 ipsa
797 2755 924 2820 autem
950 2752 1049 2818 certa
1074 2753 1153 2831 est;
1177 2753 1217 2818 et

130 2854 215 2927 satis
232 2864 375 2930 oonstat
391 2855 620 2930 debilitatem
644 2868 758 2954 atque
782 2857 1019 2956 putredinem
1038 2857 1211 2954 oonjuno-

129 2964 270 3038 tissima
286 2990 363 3040 esse
379 2968 480 3054 vitia,
497 2968 551 3040 ita
566 2979 610 3042 ut
627 2967 785 3043 altemm
798 2968 903 3043 alteri
920 2993 1068 3069 semper
1082 2969 1210 3054 faveat,

129 3087 168 3151 et
184 3078 288 3174 quasi
304 3078 404 3150 viam
422 3088 570 3152 sternat.

179 3211 367 3265 Mcccnvr.
393 3188 536 3290 Magna
559 3191 671 3266 etiam
696 3194 855 3295 eorporis
871 3194 1059 3269 mobilitas
1076 3193 1124 3269 ab
1138 3195 1219 3268 exi-

127 3303 380 3379 nanitionibus
396 3304 471 3377 fere
487 3328 631 3403 semper
647 3304 765 3380 aliena
780 3317 858 3381 est:
884 3330 960 3381 non
978 3307 1095 3382 modo
1107 3332 1220 3408 prop·

128 3423 185 3489 ter
201 3439 343 3492 nexum
359 3416 467 3490 illum
484 3424 522 3489 et
539 3416 840 3515 coujunotionem
857 3419 923 3492 vix
946 3441 1022 3493 non
1039 3429 1220 3518 perpetu·

128 3549 187 3601 am
205 3527 447 3602 mobilitatem
465 3528 562 3602 inter
578 3539 617 3602 et
646 3529 886 3623 debilitatem,
911 3532 976 3607 sed
993 3533 1084 3630 quia
1100 3556 1220 3607 reme·

128 3636 189 3710 dia
204 3637 296 3710 adeo
312 3638 433 3712 valida
448 3663 599 3738 eorpora
619 3640 774 3717 delicata
801 3653 915 3742 atque
941 3643 1092 3717 mobilia
1117 3668 1221 3744 saepe

127 3751 263 3824 mirum
279 3750 318 3822 in
335 3751 491 3827 modum
509 3755 727 3851 perturbant
742 3764 856 3853 atque
872 3754 1099 3830 convellunt

177 3885 382 3939 arcccuvu.
413 3866 604 3941 Strumosa
630 3868 780 3942 demum
807 3869 968 3966 eorporis
992 3869 1219 3943 constitutio

128 3974 219 4068 (sive
236 3976 375 4051 malum
391 3978 494 4052 istud
510 4004 587 4053 sese
603 3988 729 4079 aperte
745 3980 948 4078 prodiderit
964 3989 1095 4075 necne)
1114 3981 1219 4055 inter

126 4088 353 4196 conditiones
378 4088 456 4164 illas
473 4110 557 4188 quae
574 4092 615 4165 id
631 4091 799 4167 omnium
818 4092 894 4166 fere
909 4092 1216 4167 exinanitiouum

124 4200 249 4278 miuus
281 4203 425 4303 patiens
458 4202 631 4294 reddunt,
664 4229 741 4282 non
774 4206 964 4283 immerito
987 4217 1216 4280 recensetur.
