2678 4794
79 424 164 484 car.
181 424 274 481 xm.
359 416 579 477 usurarum
597 418 884 480 ruuonsrrcm.
1082 392 1151 494 11'9

76 626 233 702 rumque
248 600 500 689 observentur,
531 612 569 676 et
586 626 680 702 saepe
706 603 880 677 insomnii
898 605 1074 678 matutini
1098 628 1151 679 re-

73 702 274 801 cordemur,
291 713 447 786 aliorum
465 714 684 812 plerumque
696 716 811 790 obliti.
848 717 1152 815 Expergiscimur

68 828 230 914 demum,
260 826 468 911 oscitamus,
496 827 661 899 membra
689 828 754 901 diu
780 827 877 901 flexa
903 829 1150 915 extendimus,

67 960 133 1014 non
151 963 261 1014 secus
279 963 322 1012 ac
338 937 532 1011 dormituri
549 938 768 1014 feceramus:
799 941 989 1039 appetitus
1005 952 1044 1015 et
1068 966 1150 1039 pro·

67 1052 258 1151 pensiones
276 1047 458 1124 naturales
474 1050 599 1123 denuo
625 1053 866 1148 percipimus;
892 1053 1030 1149 exiguo
1055 1062 1148 1125 tem·

66 1165 159 1263 poris
184 1163 316 1263 spatio,
344 1162 512 1235 omnium
530 1162 689 1259 corporis
713 1163 903 1261 animique
927 1162 1148 1237 facultatum

67 1287 256 1374 compotes
274 1274 371 1349 facti.
1005 1346 1009 1351 .

117 1409 309 1463 cccxcrn.
326 1390 444 1463 Causa
462 1387 592 1473 somni,
604 1384 792 1473 nimirum,
805 1387 913 1486 plena
929 1399 968 1462 et
979 1389 1147 1487 proxima

70 1522 186 1585 causa,
223 1498 340 1573 adhuc
363 1499 464 1587 latet,
503 1509 541 1572 et
565 1498 715 1572 fortasse
740 1500 805 1573 diu
829 1501 968 1575 latebit.
1042 1499 1146 1573 Male

67 1608 182 1685 fluido
197 1634 266 1685 suo
280 1614 402 1685 nervis
418 1611 606 1686 exhaustis
623 1613 780 1686 vicissim
798 1624 837 1685 et
852 1611 999 1710 repletis
1016 1612 1146 1686 tribui·

67 1731 141 1809 tur3
166 1724 311 1823 quippe
327 1725 415 1823 quia
432 1748 596 1813 somnus,
612 1722 781 1822 plurimis
798 1725 836 1798 in
855 1723 1046 1822 exemplis,
1063 1748 1144 1822 pro·

64 1845 212 1935 rogetur
226 1834 344 1923 facile,
369 1835 435 1910 ubi
447 1835 618 1925 fluidum,
636 1840 666 1911 si
684 1837 756 1911 tale
772 1837 865 1936 quid
882 1861 1007 1911 revera
1022 1837 1145 1911 nervis

64 1956 100 2019 et
114 1946 264 2021 cerebro
280 1949 388 2036 inest,
405 1970 479 2022 non
508 1960 631 2048 potest
659 1975 733 2024 non
765 1975 842 2025 esse
864 1949 972 2024 valde
989 1948 1144 2023 exhaus-

63 2066 165 2146 tum;
189 2072 231 2135 et
247 2085 345 2161 saepe
359 2062 584 2160 producatur
596 2063 672 2149 diu,
690 2076 885 2162 postquam
903 2064 1007 2137 nervi
1025 2061 1143 2135 fluido
1270 2105 1273 2109 -

63 2174 206 2273 proprio
222 2172 362 2248 debent
377 2198 491 2272 quam
508 2176 671 2249 maxime
686 2174 883 2249 abundare.

105 2306 293 2360 cccxciv,
325 2286 404 2360 Nec
420 2286 551 2361 melius
567 2314 589 2361 a
605 2311 810 2385 compresso
826 2286 972 2362 cerebro
989 2308 1140 2361 somnus

62 2396 142 2470 ariri
157 2398 321 2483 dicitur;
351 2397 570 2498 plerumque
587 2401 687 2472 enim
705 2398 904 2483 nullatalis
921 2398 1141 2496 compressio

60 2509 200 2583 ostendi
217 2521 286 2584 aut
303 2510 465 2608 profecto
481 2510 561 2583 lieri
577 2520 717 2609 potest:
745 2521 783 2583 ct
800 2535 917 2609 sopor,
934 2530 1140 2606 compresso

62 2620 205 2695 cerebro
228 2622 419 2711 inductus,
442 2622 568 2697 differt
586 2621 789 2695 multnma
813 2620 969 2697 naturali
999 2642 1138 2694 somno.

61 2727 125 2805 llle
139 2733 245 2807 enim
262 2756 332 2807 nec
349 2734 441 2808 vires
458 2732 586 2820 reficit,
602 2757 671 2808 nec
687 2735 739 2809 ita
755 2737 879 2833 rumpi
896 2744 1027 2833 potest,
1044 2730 1139 2830 quin

60 2844 181 2919 rtatim
206 2845 248 2918 in
273 2846 434 2919 eundem
459 2870 556 2945 aeger
580 2845 772 2934 relabatur,
806 2858 849 2922 ut
874 2845 1047 2921 stimulus
1071 2844 1140 2942 qui

59 2957 241 3032 excitabat
266 2956 432 3032 sublatus
456 2958 577 3034 fuerit.
645 2960 805 3035 Somnus
829 2984 916 3033 vero
953 2955 1138 3042 naturalis,

58 3068 317 3143 nihilomnino
333 3071 483 3145 admoto
499 3071 601 3169 quod
618 3073 805 3148 cerebrum
833 3099 855 3147 a
871 3070 1138 3172 compressione

58 3174 202 3267 liberet,
217 3181 369 3256 stimulo
386 3206 611 3282 quocunque
626 3184 797 3259 facillime
814 3185 972 3283 pellitur.

110 3313 273 3368 cccxcv.
301 3294 453 3368 Docent
478 3296 603 3368 omnia
620 3321 705 3394 quae
722 3320 895 3371 somnum
912 3295 1137 3368 comitantur

58 3403 174 3501 signa,
199 3406 359 3480 universi
373 3405 530 3506 generis
547 3408 705 3496 nervom,
730 3420 769 3483 et
792 3407 975 3505 imprimis
991 3402 1138 3491 cerebri,

54 3526 195 3591 statum
220 3517 386 3593 multum
411 3521 557 3594 mutari.
607 3519 738 3608 Qualis
766 3544 855 3619 ven)
878 3521 949 3595 ista
975 3517 1138 3592 mutatio

58 3626 177 3716 fuerit,
202 3654 277 3703 non
304 3631 448 3706 docent.
513 3632 542 3707 J
543 3632 670 3707 uvabit
697 3642 821 3707 tantm
845 3632 989 3707 novisse
1012 3652 1137 3705 causas

60 3742 175 3816 somni
191 3753 231 3816 et
248 3743 459 3841 vigiliarum
476 3754 644 3831 remotas,
661 3744 798 3843 quibus
814 3744 965 3843 ignotus
981 3744 1051 3819 iste
1067 3752 1136 3817 sta·

60 3862 116 3928 tus
131 3854 334 3942 inducitur,
360 3866 400 3929 et
415 3880 573 3953 quarum
590 3880 661 3954 ope
678 3856 810 3931 medici
834 3882 929 3955 saepe
944 3865 1135 3939 conantur,
1201 3950 1205 3959 Ι

61 3986 175 4065 neque
191 3967 337 4055 frustra,
354 3991 536 4056 somnum,
549 3981 662 4067 prout
677 3993 734 4043 res
750 3968 1026 4069 postulaverint,
1043 3980 1136 4042 tem·

104 4212 291 4266 cccxcvi.
308 4191 443 4267 Sensus
455 4195 587 4283 omnis,
604 4204 778 4271 extamus
790 4196 1032 4291 intentusque
1042 4188 1140 4287 pari·

62 4306 124 4387 ter,
139 4304 262 4377 omnis
289 4304 402 4379 animi
429 4304 594 4409 affectus,
621 4308 743 4383 omnis
769 4307 865 4381 actio
880 4301 1133 4393 musculorum
