2678 4794
143 265 216 339 164
561 280 812 338 consracrus
1015 281 1220 338 canxvn.

143 462 240 560 septi
256 462 449 538 transversi
474 483 617 534 sursum
643 456 806 542 trahere:
830 455 991 532 musculi
1007 482 1096 533 vero
1114 458 1223 533 abdo-

144 574 267 663 minis,
284 600 349 673 per
364 572 638 670 inspirationem
655 570 817 658 distenti,
834 594 909 644 non
926 571 1039 645 modo
1065 572 1225 646 resilien-

48 747 51 755 .
144 695 210 774 tes,
238 688 301 762 sed
316 686 355 759 vi
383 707 534 782 quoque
550 682 655 758 vitali
682 684 859 756 contracti
889 683 1031 774 (cccv1,
1057 689 1228 781 cccxx1)

144 808 289 897 septum
308 810 553 871 transversum
567 820 713 870 sursum
730 805 917 895 premunt,
933 804 972 870 et
988 807 1103 869 costas
1119 795 1229 868 deor-

142 934 225 984 sum
243 909 412 983 trahunt:
451 909 523 982 hoc
539 909 652 983 modo
681 916 742 982 aer
769 908 905 982 iterum
923 932 945 982 e
965 908 1143 1006 pulmone
1160 931 1229 980 ex-

141 1021 300 1118 pellitur,
316 1021 475 1118 juvante
492 1021 605 1095 simul
621 1021 868 1096 contractione
884 1019 1058 1094 fibrarum
1075 1042 1227 1092 muscu-

139 1131 297 1206 losarum
314 1133 450 1231 quibus
468 1131 645 1210 bononia
662 1135 908 1208 instruuntur.

188 1265 301 1320 nnw.
314 1245 361 1317 In
373 1244 496 1319 valida
508 1255 634 1320 autem
648 1245 876 1344 expiratione
887 1244 948 1317 alii
961 1265 1222 1342 quoquemus·

137 1355 212 1429 culi
223 1355 424 1457 adjuvant:
444 1359 622 1433 nimirum
635 1359 702 1458 qui
715 1367 830 1432 costas
842 1357 1046 1456 deprimere
1059 1363 1198 1453 queant
1212 1381 1224 1440 ;

135 1477 203 1541 aut
227 1468 381 1545 demum
406 1471 477 1569 ipsi
502 1469 660 1545 musculi
689 1469 906 1555 abdominis,
943 1469 1010 1567 qui
1035 1467 1220 1541 voluntati

135 1589 315 1678 parentes,
332 1582 469 1682 insigni
487 1579 526 1656 vi
543 1580 709 1656 contrahi
724 1590 888 1679 possunt.
1121 1580 1123 1585 ⁴

187 1715 280 1768 nav.
307 1693 382 1770 His
399 1694 516 1794 igitur
543 1693 691 1768 alternis
708 1691 846 1767 viribus
862 1691 1051 1790 respiratio
1067 1690 1220 1766 absolvi-

137 1813 209 1880 tur.
260 1806 341 1882 Diu
361 1806 599 1904 multumque
616 1807 713 1879 inter
724 1805 885 1880 medicos
898 1806 1132 1904 disputatum
1147 1805 1220 1879 fuit

136 1932 320 2014 quantum
346 1919 415 1993 sub
439 1919 716 2018 inspirationem
733 1918 970 2016 ampliaretur
986 1917 1130 2004 thorax,
1159 1916 1218 1991 vel

135 2040 274 2124 quanta
290 2054 462 2105 mensura
486 2032 631 2105 externi
647 2031 738 2107 aeris
763 2031 803 2104 in
820 2030 1037 2128 pulmonem
1062 2029 1218 2130 singulis

134 2139 434 2238 inspirationibus
451 2143 708 2228 descenderet;
736 2167 859 2242 neque
887 2143 1064 2217 hactenus
1089 2142 1137 2216 de
1161 2141 1218 2216 his

133 2252 242 2327 rebus
259 2279 405 2352 prorsus
423 2255 624 2354 composita
639 2254 685 2329 lis
713 2264 778 2330 est.
829 2255 917 2329 Non
934 2254 1070 2330 desunt
1086 2266 1216 2329 autem

132 2366 264 2441 multae
280 2368 550 2442 observationes
579 2377 617 2442 ct
634 2368 897 2467 experimenta,
922 2392 944 2440 a
960 2368 1071 2442 variis
1094 2377 1216 2442 aucto

132 2477 235 2555 ribus
267 2480 448 2568 instituta,
486 2506 573 2580 quae
608 2481 807 2556 verisimile
849 2479 989 2555 faciunt
1026 2479 1217 2556 hominem

59 2616 64 2625 ·
132 2590 315 2679 adultum,
330 2593 445 2667 solitae
462 2594 731 2692 magnitudinis
745 2595 845 2684 (nam
859 2592 1023 2667 multum
1040 2592 1102 2667 hic
1118 2592 1217 2667 valet

131 2701 246 2797 ipsius
263 2703 418 2779 thoracis
435 2706 656 2803 amplitudo)
682 2706 721 2778 in
752 2707 940 2779 communi
965 2705 1216 2803 inspiratione,

131 2813 375 2911 quadraginta
388 2814 530 2888 circiter
540 2815 687 2912 pollices
701 2816 846 2889 cubicos
863 2817 953 2890 aen‘s
969 2817 1007 2890 in
1019 2816 1217 2915 pulmones

130 2922 313 3019 accipere;
350 2934 434 3021 post
458 2925 663 2998 naturalem
688 2926 967 3025 expirationem,
1001 2940 1153 3004 centum
1177 2937 1216 3002 ct

130 3032 288 3131 amplius
304 3033 453 3132 pollices
482 3035 628 3110 cubioos
644 3038 734 3111 aeris
762 3039 801 3111 in
829 3040 873 3114 iis
898 3065 1084 3140 superesse
1096 3024 1117 3128 ;”
1131 3049 1216 3141 post

129 3144 387 3219 validissimam
405 3146 686 3245 expirationem,
702 3150 768 3224 vix
781 3153 1054 3253 quinquaginta
1065 3153 1215 3253 pollices

130 3257 277 3333 cubicos
293 3259 383 3334 aeris
400 3259 439 3333 in
455 3257 696 3358 pulmonibus
707 3286 875 3351 manere;
903 3291 969 3364 per
978 3266 1214 3341 fortissimam

129 3370 417 3469 inspirationem,
434 3374 613 3447 ducentos
629 3385 667 3449 et
684 3377 957 3477 quinquaginta
969 3379 1121 3453 fortasse
1137 3377 1214 3478 pol·

129 3479 215 3557 lices
232 3485 378 3560 cubioos
395 3486 485 3560 aeris
502 3487 540 3560 in
558 3486 603 3561 iis
619 3488 781 3563 includi:
810 3500 848 3563 et
865 3492 1026 3577 demum,
1051 3516 1119 3589 per
1143 3490 1213 3565 for·

133 3593 309 3670 tissimam
347 3599 624 3696 expirationem,
659 3611 743 3699 post
777 3600 888 3676 talem
925 3603 1214 3703 inspirationem,

127 3704 308 3782 ducentos
332 3709 408 3784 fere
447 3710 597 3810 pollices
622 3712 768 3788 cubicos
801 3715 891 3789 aeris
925 3740 947 3788 e
970 3713 1213 3814 pulmonibus
1236 3751 1241 3756 ²

125 3818 273 3917 expelli.

174 3936 282 4007 hm.
312 3932 487 4010 Medium
522 3936 597 4011 fere
621 3937 744 4013 locum
771 3948 875 4015 tenet
899 3939 1089 4039 respiratio
1114 3941 1213 4015 inter

124 4043 285 4118 actiones
301 4070 388 4145 quae
402 4071 425 4119 a
441 4047 633 4125 voluntate
649 4052 823 4150 pendent,
852 4064 891 4127 et
915 4077 974 4126 eas
990 4078 1078 4150 quae
1093 4052 1210 4127 inscio

120 4164 188 4232 ant
202 4156 323 4234 invito
338 4159 488 4234 homine
503 4162 754 4261 perficiuntur.
805 4166 1001 4255 Quatenus
1021 4166 1070 4240 ad
1086 4166 1204 4242 vitam
