2678 4794
133 338 219 396 car.
235 334 310 391 xx.
421 325 636 387 aramenta·
654 325 935 387 annonnmcn.
1133 318 1207 389 205

135 536 261 591 semen
295 508 549 596 masculinum,
590 507 712 606 liquor
739 505 877 582 lacteus
897 502 1098 607 glandulae
1120 531 1210 605 pro-
1308 528 1312 537 ·

135 636 250 713 statoe,
275 624 398 724 liquor
414 621 598 697 bullarum
615 646 679 696 seu
706 644 861 694 ovorum
889 643 975 716 quae
1005 618 1043 690 in
1070 618 1212 693 ovariis

135 740 371 814 foeminarum
398 735 641 834 reperiuntur,
666 732 787 831 liquor
815 730 932 805 anrraii
949 730 1109 816 fortasse,
1136 731 1213 804 alii-

134 875 202 951 que
235 851 411 924 humores
439 856 626 946 quotquot
658 845 822 918 foeminae
855 843 901 919 ad
935 843 1211 942 generationem

135 963 346 1047 conferunt;
373 969 412 1032 et
441 959 592 1033 demum
619 956 675 1031 lac
704 980 959 1043 mammarum,
985 956 1086 1053 quod
1113 967 1212 1029 certo

133 1085 210 1172 post
227 1085 378 1172 partum
398 1083 562 1170 tempore
578 1070 778 1145 secernitur
794 1070 1097 1167 copiosissimum.

178 1207 415 1261 ncuxxxvn.
446 1184 684 1258 Dividuntur
713 1182 760 1255 ab
789 1181 997 1255 auctoribus
1022 1204 1118 1279 saepe
1144 1179 1210 1253 hu·

133 1317 248 1371 mores
265 1298 402 1381 secreti,
428 1305 467 1368 et
484 1297 522 1368 in
540 1295 667 1368 classes
687 1294 909 1392 rediguntur
925 1293 1130 1367 secundum
1156 1293 1210 1391 ip-

132 1432 258 1483 sorum
274 1405 478 1506 qualitates.

183 1540 435 1595 ncnxxxvnt.
453 1519 602 1619 Aquosi
613 1519 785 1593 humores
795 1517 970 1592 dicuutur
979 1517 1115 1591 halitus
1129 1516 1211 1615 pul-

130 1632 254 1705 monis
270 1633 450 1730 cutisque,
469 1634 585 1720 urina,
615 1630 736 1719 saliva,
765 1656 894 1706 succus
903 1629 1135 1731 procreatis,
1160 1631 1211 1703 la·

127 1742 302 1842 chrymae,
315 1744 452 1819 humor
464 1745 743 1844 aquosusoculi.
777 1744 925 1818 Mucosi
938 1754 1026 1817 sunt
1038 1742 1212 1817 humores

125 1864 283 1944 tenaces,
309 1867 348 1931 et
375 1859 480 1956 quasi
506 1858 703 1957 gummosi,
739 1858 806 1957 qui
833 1858 910 1931 vias
939 1879 1030 1955 quas
1055 1863 1124 1940 aer,
1150 1851 1211 1927 vel

124 1967 244 2056 cibus,
268 1968 330 2043 vel
346 1971 463 2056 urina,
488 1970 659 2057 subeunt,
686 1968 869 2069 oblinunt,
894 1979 932 2042 et
949 1968 995 2041 ab
1011 1969 1113 2042 omni
1137 1966 1211 2041 acri

125 2078 347 2156 defendunt.
412 2082 486 2155 His
521 2106 671 2181 quoque
695 2093 986 2155 annumerantur
1011 2104 1145 2169 semen,
1171 2090 1211 2153 et

124 2184 262 2267 humor
288 2192 429 2268 lacteus
451 2192 649 2294 glandula
671 2202 865 2295 prostratae.
929 2192 1119 2268 Glutinosi
1145 2217 1210 2267 uo·

125 2316 257 2380 carrtur
273 2305 449 2380 humores
475 2307 657 2406 quinaria
686 2307 844 2405 corporis
868 2329 957 2378 cava
980 2307 1146 2390 irrorant,
1171 2318 1210 2377 et

126 2410 248 2515 liquor
264 2417 397 2506 uranii,
414 2429 452 2492 et
469 2412 618 2492 fortasse
634 2443 787 2492 ovorum
806 2442 891 2516 quae
907 2416 946 2489 in
962 2415 1103 2491 cerariis
1128 2438 1209 2486 mu·

126 2521 258 2605 lictum
277 2531 522 2629 reperiuntur.
573 2529 698 2603 Olcosi
719 2529 891 2603 humores
909 2527 1094 2612 dicuntur,
1120 2549 1210 2623 prae-

131 2646 186 2713 ter
199 2642 348 2742 adipem
365 2652 403 2715 et
420 2641 622 2717 medullam
640 2643 787 2728 ossium,
812 2641 941 2715 sebum
971 2664 1035 2713 seu
1055 2660 1207 2735 unguen

135 2754 232 2842 cutis,
256 2766 297 2829 et
313 2753 374 2841 fel,
403 2764 442 2828 et
464 2778 635 2830 cerumeu
656 2756 823 2829 aurium:
851 2753 985 2827 scilicet
1012 2777 1097 2851 quae
1114 2749 1209 2823 mul-

138 2866 211 2939 tum
227 2866 301 2941 olei
330 2868 535 2954 continent,
560 2876 599 2941 et
625 2867 738 2967 probe
767 2868 897 2940 siccata
920 2865 1024 2939 facile
1042 2876 1084 2937 et
1100 2862 1209 2941 vehe-

127 2964 270 3055 'neum
286 2977 577 3054 irrflammantur.

183 3109 397 3164 ncnxxxrx.
425 3091 530 3178 Quin
555 3102 593 3166 et
623 3094 662 3167 lri
679 3092 851 3174 humores
877 3116 972 3190 saepe
997 3092 1208 3173 miscentur,

143 3212 202 3270 nec
216 3198 317 3275 facile
334 3203 464 3276 sinceri
482 3203 707 3280 obtinentur.
758 3203 812 3279 Os
829 3206 954 3277 madet
970 3204 1081 3276 saliva
1098 3200 1210 3274 simul

145 3314 177 3379 et
192 3332 314 3401 muco3
343 3337 448 3388 nares
465 3341 576 3390 muco
591 3328 630 3390 et
647 3317 862 3415 lachrymis;
888 3314 1000 3389 sudor
1025 3338 1073 3385 ex
1090 3310 1208 3385 halitu

145 3436 265 3515 tquoso
281 3426 389 3513 cutis,
416 3437 454 3499 et
470 3427 589 3526 adipe,
615 3438 652 3502 et
682 3430 850 3528 unguine
872 3427 1037 3526 ejusdem
1056 3434 1208 3511 constat,

145 3537 310 3611 etsuccus
328 3538 538 3626 ventriculi,
563 3550 601 3613 et
618 3541 890 3628 intestinorum,
919 3549 957 3613 et
986 3548 1145 3623 antrum,
1170 3551 1207 3610 et

146 3649 295 3724 omnium
314 3674 501 3738 cavonrm,
528 3678 574 3726 ex
592 3652 683 3738 oleo,
713 3664 750 3726 et
780 3677 900 3738 muco,
925 3661 964 3724 et
990 3651 1145 3750 glutine,
1171 3660 1209 3721 et

147 3769 223 3850 aqua
239 3771 395 3837 constat.
438 3764 626 3863 Denique,
643 3765 708 3851 lac,
725 3789 845 3863 quum
862 3765 982 3863 primo
1000 3762 1209 3845 secernitur,

148 3851 237 3945 labet
254 3874 421 3948 multum
439 3901 555 3974 aquae,
572 3876 653 3963 olei,
671 3877 783 3962 muci,
802 3887 839 3948 et
855 3876 1020 3974 glutinis
1038 3884 1081 3948 ut
1098 3874 1209 3947 notis·

150 3973 222 4055 tima
236 3987 491 4084 experimenta
508 3990 650 4064 docent.
690 3988 768 4085 Ipsi
781 3987 933 4067 demum
951 3988 1072 4072 oleosi,
1089 4008 1209 4084 quum

150 4088 290 4173 romum
320 4098 530 4175 formantur
561 4101 748 4190 humores,
786 4099 886 4175 haud
923 4123 1053 4198 parum
1083 4093 1213 4194 aquosi

152 4210 231 4277 Sunt,
