<?xml version="1.0" encoding="UTF-8"?>
<!DOCTYPE html PUBLIC "-//W3C//DTD XHTML 1.0 Transitional//EN"
    "http://www.w3.org/TR/xhtml1/DTD/xhtml1-transitional.dtd">
<html xmlns="http://www.w3.org/1999/xhtml" xml:lang="en" lang="en">
 <head>
  <title>
</title>
<meta http-equiv="Content-Type" content="text/html;charset=utf-8" />
  <meta name='ocr-system' content='tesseract 3.04.00' />
  <meta name='ocr-capabilities' content='ocr_page ocr_carea ocr_par ocr_line ocrx_word'/>
</head>
<body>
  <div class='ocr_page' id='page_1' title='image "./conspectusmedic01greggoog_0267.png"; bbox 0 0 2678 4794; ppageno 0'>
   <div class='ocr_carea' id='block_1_1' title="bbox 152 328 1228 402">
    <p class='ocr_par' dir='ltr' id='par_1_1' title="bbox 152 328 1228 402">
     <span class='ocr_line' id='line_1_1' title="bbox 152 328 1228 402; baseline 0 -2"><span class='ocrx_word' id='word_1_1' title='bbox 152 328 224 400; x_wconf 72' lang='lat'><strong>216</strong></span> <span class='ocrx_word' id='word_1_2' title='bbox 557 340 806 400; x_wconf 73' lang='lat' dir='ltr'><strong>consrecrus</strong></span> <span class='ocrx_word' id='word_1_3' title='bbox 1051 345 1138 400; x_wconf 71' lang='lat' dir='ltr'><strong>car.</strong></span> <span class='ocrx_word' id='word_1_4' title='bbox 1159 345 1228 402; x_wconf 85' lang='lat' dir='ltr'><strong>xx.</strong></span> 
     </span>
    </p>
   </div>
   <div class='ocr_carea' id='block_1_2' title="bbox 11 517 1240 1855">
    <p class='ocr_par' dir='ltr' id='par_1_2' title="bbox 11 517 1240 1855">
     <span class='ocr_line' id='line_1_2' title="bbox 13 517 1234 622; baseline -0.001 -27"><span class='ocrx_word' id='word_1_5' title='bbox 13 576 30 619; x_wconf 70' lang='lat'><strong>,</strong></span> <span class='ocrx_word' id='word_1_6' title='bbox 153 529 264 595; x_wconf 91' lang='lat' dir='ltr'><strong>sunt:</strong></span> <span class='ocrx_word' id='word_1_7' title='bbox 290 522 329 596; x_wconf 81' lang='lat' dir='ltr'><strong>i&#39;n</strong></span> <span class='ocrx_word' id='word_1_8' title='bbox 347 521 480 594; x_wconf 87' lang='lat' dir='ltr'><strong>morbis</strong></span> <span class='ocrx_word' id='word_1_9' title='bbox 496 542 582 592; x_wconf 86' lang='lat' dir='ltr'><strong>vero</strong></span> <span class='ocrx_word' id='word_1_10' title='bbox 599 542 694 616; x_wconf 87' lang='lat' dir='ltr'><strong>saepe</strong></span> <span class='ocrx_word' id='word_1_11' title='bbox 710 517 902 593; x_wconf 84' lang='lat' dir='ltr'>duodecim</span> <span class='ocrx_word' id='word_1_12' title='bbox 926 517 1028 597; x_wconf 85' lang='lat' dir='ltr'><strong>librae</strong></span> <span class='ocrx_word' id='word_1_13' title='bbox 1044 531 1082 595; x_wconf 89' lang='lat' dir='ltr'><strong>et</strong></span> <span class='ocrx_word' id='word_1_14' title='bbox 1107 522 1234 622; x_wconf 90' lang='lat' dir='ltr'><strong>ampli-</strong></span> 
     </span>
     <span class='ocr_line' id='line_1_3' title="bbox 11 630 1236 728; baseline -0.002 -19"><span class='ocrx_word' id='word_1_15' title='bbox 11 640 16 650; x_wconf 91' lang='lat'>&#39;</span> <span class='ocrx_word' id='word_1_16' title='bbox 155 657 220 709; x_wconf 91' lang='lat' dir='ltr'><strong>us:</strong></span> <span class='ocrx_word' id='word_1_17' title='bbox 248 636 504 708; x_wconf 78' lang='lat' dir='ltr'><strong>medicantem</strong></span> <span class='ocrx_word' id='word_1_18' title='bbox 521 634 708 728; x_wconf 80' lang='lat' dir='ltr'><strong>quantitas</strong></span> <span class='ocrx_word' id='word_1_19' title='bbox 725 654 838 728; x_wconf 91' lang='lat' dir='ltr'><strong>quam</strong></span> <span class='ocrx_word' id='word_1_20' title='bbox 855 630 967 705; x_wconf 91' lang='lat' dir='ltr'><strong>homo</strong></span> <span class='ocrx_word' id='word_1_21' title='bbox 984 656 1093 706; x_wconf 86' lang='lat' dir='ltr'><strong>sanus</strong></span> <span class='ocrx_word' id='word_1_22' title='bbox 1115 634 1236 706; x_wconf 87' lang='lat' dir='ltr'><strong>reddi·</strong></span> 
     </span>
     <span class='ocr_line' id='line_1_4' title="bbox 155 743 1198 832; baseline -0.002 -12"><span class='ocrx_word' id='word_1_23' title='bbox 155 746 252 823; x_wconf 91' lang='lat' dir='ltr'><strong>derit</strong></span> <span class='ocrx_word' id='word_1_24' title='bbox 267 749 305 821; x_wconf 93' lang='lat' dir='ltr'><strong>in</strong></span> <span class='ocrx_word' id='word_1_25' title='bbox 324 747 392 832; x_wconf 91' lang='lat' dir='ltr'><strong>die,</strong></span> <span class='ocrx_word' id='word_1_26' title='bbox 410 746 479 824; x_wconf 88' lang='lat' dir='ltr'><strong>erit</strong></span> <span class='ocrx_word' id='word_1_27' title='bbox 495 769 517 817; x_wconf 88' lang='lat' dir='ltr'><strong>a</strong></span> <span class='ocrx_word' id='word_1_28' title='bbox 533 743 650 817; x_wconf 89' lang='lat' dir='ltr'><strong>tribus</strong></span> <span class='ocrx_word' id='word_1_29' title='bbox 666 743 767 817; x_wconf 88' lang='lat' dir='ltr'><strong>libris</strong></span> <span class='ocrx_word' id='word_1_30' title='bbox 783 743 830 817; x_wconf 88' lang='lat' dir='ltr'><strong>ad</strong></span> <span class='ocrx_word' id='word_1_31' title='bbox 847 753 920 819; x_wconf 86' lang='lat' dir='ltr'><strong>tres</strong></span> <span class='ocrx_word' id='word_1_32' title='bbox 937 768 1023 821; x_wconf 90' lang='lat' dir='ltr'><strong>cum</strong></span> <span class='ocrx_word' id='word_1_33' title='bbox 1041 747 1198 819; x_wconf 85' lang='lat' dir='ltr'><strong>semisse.</strong></span> 
     </span>
     <span class='ocr_line' id='line_1_5' title="bbox 207 855 1240 954; baseline -0.002 -20"><span class='ocrx_word' id='word_1_34' title='bbox 207 880 405 934; x_wconf 84' lang='lat' dir='ltr'><strong>nccxxm.</strong></span> <span class='ocrx_word' id='word_1_35' title='bbox 423 855 624 929; x_wconf 86' lang='lat' dir='ltr'><strong>Exhalatio</strong></span> <span class='ocrx_word' id='word_1_36' title='bbox 639 879 706 954; x_wconf 91' lang='lat' dir='ltr'><strong>per</strong></span> <span class='ocrx_word' id='word_1_37' title='bbox 721 866 844 929; x_wconf 86' lang='lat' dir='ltr'><strong>eutem</strong></span> <span class='ocrx_word' id='word_1_38' title='bbox 859 865 896 929; x_wconf 92' lang='lat' dir='ltr'><strong>et</strong></span> <span class='ocrx_word' id='word_1_39' title='bbox 915 857 1025 932; x_wconf 91' lang='lat' dir='ltr'><strong>sudor</strong></span> <span class='ocrx_word' id='word_1_40' title='bbox 1040 859 1116 954; x_wconf 87' lang='lat' dir='ltr'><strong>pari</strong></span> <span class='ocrx_word' id='word_1_41' title='bbox 1130 860 1240 932; x_wconf 86' lang='lat' dir='ltr'><strong>ratio-</strong></span> 
     </span>
     <span class='ocr_line' id='line_1_6' title="bbox 157 968 1240 1054; baseline 0.001 -10"><span class='ocrx_word' id='word_1_42' title='bbox 157 994 206 1045; x_wconf 89' lang='lat' dir='ltr'><strong>ne</strong></span> <span class='ocrx_word' id='word_1_43' title='bbox 222 971 363 1043; x_wconf 87' lang='lat' dir='ltr'><strong>variant</strong></span> <span class='ocrx_word' id='word_1_44' title='bbox 377 995 420 1043; x_wconf 84' lang='lat' dir='ltr'><strong>ac</strong></span> <span class='ocrx_word' id='word_1_45' title='bbox 436 970 561 1054; x_wconf 90' lang='lat' dir='ltr'><strong>urina;</strong></span> <span class='ocrx_word' id='word_1_46' title='bbox 587 969 651 1042; x_wconf 89' lang='lat' dir='ltr'><strong>sed</strong></span> <span class='ocrx_word' id='word_1_47' title='bbox 677 968 777 1042; x_wconf 87' lang='lat' dir='ltr'><strong>haud</strong></span> <span class='ocrx_word' id='word_1_48' title='bbox 801 969 854 1042; x_wconf 83' lang='lat' dir='ltr'><strong>ita</strong></span> <span class='ocrx_word' id='word_1_49' title='bbox 878 969 982 1045; x_wconf 86' lang='lat' dir='ltr'><strong>facile</strong></span> <span class='ocrx_word' id='word_1_50' title='bbox 1006 994 1092 1045; x_wconf 88' lang='lat' dir='ltr'><strong>vera</strong></span> <span class='ocrx_word' id='word_1_51' title='bbox 1108 994 1240 1044; x_wconf 89' lang='lat' dir='ltr'><strong>eorum</strong></span> 
     </span>
     <span class='ocr_line' id='line_1_7' title="bbox 157 1081 1238 1181; baseline 0.001 -25"><span class='ocrx_word' id='word_1_52' title='bbox 157 1084 342 1181; x_wconf 79' lang='lat' dir='ltr'>quantitas</span> <span class='ocrx_word' id='word_1_53' title='bbox 369 1082 578 1181; x_wconf 88' lang='lat' dir='ltr'><strong>detegitur:</strong></span> <span class='ocrx_word' id='word_1_54' title='bbox 604 1081 752 1170; x_wconf 84' lang='lat' dir='ltr'><strong>scilicet,</strong></span> <span class='ocrx_word' id='word_1_55' title='bbox 778 1082 867 1179; x_wconf 85' lang='lat' dir='ltr'><strong>quia</strong></span> <span class='ocrx_word' id='word_1_56' title='bbox 891 1091 1024 1156; x_wconf 86' lang='lat' dir='ltr'><strong>statera</strong></span> <span class='ocrx_word' id='word_1_57' title='bbox 1049 1105 1238 1157; x_wconf 84' lang='lat' dir='ltr'>excessum</span> 
     </span>
     <span class='ocr_line' id='line_1_8' title="bbox 157 1194 1237 1291; baseline 0 -24"><span class='ocrx_word' id='word_1_58' title='bbox 157 1203 304 1267; x_wconf 85' lang='lat' dir='ltr'><strong>tanturn</strong></span> <span class='ocrx_word' id='word_1_59' title='bbox 322 1195 487 1269; x_wconf 86' lang='lat' dir='ltr'><strong>humoris</strong></span> <span class='ocrx_word' id='word_1_60' title='bbox 504 1194 675 1281; x_wconf 86' lang='lat' dir='ltr'><strong>exhalati,</strong></span> <span class='ocrx_word' id='word_1_61' title='bbox 688 1218 798 1291; x_wconf 88' lang='lat' dir='ltr'><strong>supra</strong></span> <span class='ocrx_word' id='word_1_62' title='bbox 813 1217 899 1267; x_wconf 89' lang='lat' dir='ltr'><strong>eum</strong></span> <span class='ocrx_word' id='word_1_63' title='bbox 917 1195 983 1291; x_wconf 91' lang='lat' dir='ltr'><strong>qui</strong></span> <span class='ocrx_word' id='word_1_64' title='bbox 1000 1194 1129 1267; x_wconf 89' lang='lat' dir='ltr'><strong>eodem</strong></span> <span class='ocrx_word' id='word_1_65' title='bbox 1148 1204 1237 1267; x_wconf 89' lang='lat' dir='ltr'><strong>tem-</strong></span> 
     </span>
     <span class='ocr_line' id='line_1_9' title="bbox 93 1306 1238 1408; baseline 0 -29"><span class='ocrx_word' id='word_1_66' title='bbox 93 1390 95 1394; x_wconf 13' lang='lat'><strong>,</strong></span> <span class='ocrx_word' id='word_1_67' title='bbox 153 1330 243 1404; x_wconf 83' lang='lat' dir='ltr'><strong>pore</strong></span> <span class='ocrx_word' id='word_1_68' title='bbox 267 1308 445 1408; x_wconf 80' lang='lat' dir='ltr'><strong>hauritur,</strong></span> <span class='ocrx_word' id='word_1_69' title='bbox 470 1309 642 1382; x_wconf 80' lang='lat' dir='ltr'><strong>ostendit.</strong></span> <span class='ocrx_word' id='word_1_70' title='bbox 692 1307 773 1381; x_wconf 90' lang='lat' dir='ltr'><strong>Nec</strong></span> <span class='ocrx_word' id='word_1_71' title='bbox 800 1307 934 1380; x_wconf 87' lang='lat' dir='ltr'>desunt</span> <span class='ocrx_word' id='word_1_72' title='bbox 960 1306 1159 1379; x_wconf 88' lang='lat' dir='ltr'><strong>certissima</strong></span> <span class='ocrx_word' id='word_1_73' title='bbox 1175 1329 1238 1379; x_wconf 91' lang='lat' dir='ltr'><strong>ex·</strong></span> 
     </span>
     <span class='ocr_line' id='line_1_10' title="bbox 153 1417 1236 1520; baseline -0.001 -29"><span class='ocrx_word' id='word_1_74' title='bbox 153 1420 359 1516; x_wconf 79' lang='lat' dir='ltr'><strong>periments</strong></span> <span class='ocrx_word' id='word_1_75' title='bbox 375 1447 461 1518; x_wconf 87' lang='lat' dir='ltr'><strong>quae</strong></span> <span class='ocrx_word' id='word_1_76' title='bbox 477 1422 633 1520; x_wconf 87' lang='lat' dir='ltr'><strong>probant</strong></span> <span class='ocrx_word' id='word_1_77' title='bbox 650 1443 781 1517; x_wconf 87' lang='lat' dir='ltr'><strong>corpus</strong></span> <span class='ocrx_word' id='word_1_78' title='bbox 798 1441 903 1516; x_wconf 77' lang='lat' dir='ltr'><strong>sepe,</strong></span> <span class='ocrx_word' id='word_1_79' title='bbox 921 1417 1070 1491; x_wconf 82' lang='lat' dir='ltr'><strong>fortasse</strong></span> <span class='ocrx_word' id='word_1_80' title='bbox 1083 1441 1236 1516; x_wconf 83' lang='lat' dir='ltr'><strong>semper,</strong></span> 
     </span>
     <span class='ocr_line' id='line_1_11' title="bbox 154 1529 1237 1631; baseline 0.001 -29"><span class='ocrx_word' id='word_1_81' title='bbox 154 1529 298 1604; x_wconf 90' lang='lat' dir='ltr'><strong>haurire</strong></span> <span class='ocrx_word' id='word_1_82' title='bbox 314 1532 454 1631; x_wconf 90' lang='lat' dir='ltr'><strong>aliquid</strong></span> <span class='ocrx_word' id='word_1_83' title='bbox 470 1533 517 1604; x_wconf 90' lang='lat' dir='ltr'><strong>ab</strong></span> <span class='ocrx_word' id='word_1_84' title='bbox 532 1531 634 1604; x_wconf 69' lang='lat' dir='ltr'><strong>aerei</strong></span> <span class='ocrx_word' id='word_1_85' title='bbox 661 1531 763 1629; x_wconf 94' lang='lat' dir='ltr'><strong>quod</strong></span> <span class='ocrx_word' id='word_1_86' title='bbox 789 1554 874 1603; x_wconf 85' lang='lat' dir='ltr'><strong>sane</strong></span> <span class='ocrx_word' id='word_1_87' title='bbox 892 1529 1061 1605; x_wconf 88' lang='lat' dir='ltr'><strong>multum</strong></span> <span class='ocrx_word' id='word_1_88' title='bbox 1086 1530 1237 1629; x_wconf 83' lang='lat' dir='ltr'>derogat</span> 
     </span>
     <span class='ocr_line' id='line_1_12' title="bbox 154 1640 1238 1719; baseline 0 -3"><span class='ocrx_word' id='word_1_89' title='bbox 154 1643 469 1719; x_wconf 85' lang='lat' dir='ltr'><strong>observationibus</strong></span> <span class='ocrx_word' id='word_1_90' title='bbox 504 1640 778 1719; x_wconf 79' lang='lat' dir='ltr'><strong>Saroctoriunis.</strong></span> <span class='ocrx_word' id='word_1_91' title='bbox 833 1641 1001 1717; x_wconf 87' lang='lat' dir='ltr'><strong>Tantum</strong></span> <span class='ocrx_word' id='word_1_92' title='bbox 1031 1643 1131 1716; x_wconf 91' lang='lat' dir='ltr'><strong>enim</strong></span> <span class='ocrx_word' id='word_1_93' title='bbox 1169 1642 1238 1716; x_wconf 94' lang='lat' dir='ltr'><strong>hoc</strong></span> 
     </span>
     <span class='ocr_line' id='line_1_13' title="bbox 155 1753 1237 1855; baseline 0 -27"><span class='ocrx_word' id='word_1_94' title='bbox 155 1756 266 1829; x_wconf 91' lang='lat' dir='ltr'><strong>modo</strong></span> <span class='ocrx_word' id='word_1_95' title='bbox 277 1781 409 1855; x_wconf 88' lang='lat' dir='ltr'><strong>corpus</strong></span> <span class='ocrx_word' id='word_1_96' title='bbox 426 1757 472 1831; x_wconf 89' lang='lat' dir='ltr'><strong>ab</strong></span> <span class='ocrx_word' id='word_1_97' title='bbox 486 1764 568 1829; x_wconf 69' lang='lat' dir='ltr'><strong>aere</strong></span> <span class='ocrx_word' id='word_1_98' title='bbox 586 1778 856 1852; x_wconf 85' lang='lat' dir='ltr'><strong>nonnunquam</strong></span> <span class='ocrx_word' id='word_1_99' title='bbox 874 1753 1036 1839; x_wconf 84' lang='lat' dir='ltr'><strong>attrahit,</strong></span> <span class='ocrx_word' id='word_1_100' title='bbox 1052 1763 1237 1852; x_wconf 90' lang='lat' dir='ltr'><strong>quantum</strong></span> 
     </span>
    </p>
   </div>
   <div class='ocr_carea' id='block_1_3' title="bbox 28 1864 1236 1966">
    <p class='ocr_par' dir='ltr' id='par_1_3' title="bbox 28 1864 1236 1966">
     <span class='ocr_line' id='line_1_14' title="bbox 28 1864 1236 1966; baseline -0.002 -24"><span class='ocrx_word' id='word_1_101' title='bbox 28 1926 32 1931; x_wconf 77' lang='grc'><strong>.</strong></span> <span class='ocrx_word' id='word_1_102' title='bbox 153 1870 294 1966; x_wconf 85' lang='lat' dir='ltr'><strong>copiam</strong></span> <span class='ocrx_word' id='word_1_103' title='bbox 311 1868 552 1942; x_wconf 84' lang='lat' dir='ltr'><strong>exhalationis</strong></span> <span class='ocrx_word' id='word_1_104' title='bbox 568 1868 783 1964; x_wconf 83' lang='lat' dir='ltr'><strong>aequaverit,</strong></span> <span class='ocrx_word' id='word_1_105' title='bbox 800 1864 861 1940; x_wconf 79' lang='lat' dir='ltr'><strong>rel</strong></span> <span class='ocrx_word' id='word_1_106' title='bbox 877 1867 1041 1940; x_wconf 88' lang='lat' dir='ltr'><strong>multum</strong></span> <span class='ocrx_word' id='word_1_107' title='bbox 1054 1867 1164 1940; x_wconf 92' lang='lat' dir='ltr'><strong>etiam</strong></span> <span class='ocrx_word' id='word_1_108' title='bbox 1178 1891 1236 1941; x_wconf 89' lang='lat' dir='ltr'><strong>su-</strong></span> 
     </span>
    </p>
   </div>
   <div class='ocr_carea' id='block_1_4' title="bbox 109 1977 1237 4097">
    <p class='ocr_par' dir='ltr' id='par_1_4' title="bbox 151 1977 1237 2391">
     <span class='ocr_line' id='line_1_15' title="bbox 153 1977 1237 2078; baseline -0.001 -27"><span class='ocrx_word' id='word_1_109' title='bbox 153 1982 354 2078; x_wconf 86' lang='lat' dir='ltr'><strong>peraverit:</strong></span> <span class='ocrx_word' id='word_1_110' title='bbox 380 1981 482 2078; x_wconf 91' lang='lat' dir='ltr'><strong>quod</strong></span> <span class='ocrx_word' id='word_1_111' title='bbox 507 1980 689 2077; x_wconf 86' lang='lat' dir='ltr'><strong>imprimis</strong></span> <span class='ocrx_word' id='word_1_112' title='bbox 705 1977 867 2053; x_wconf 89' lang='lat' dir='ltr'><strong>notabile</strong></span> <span class='ocrx_word' id='word_1_113' title='bbox 892 1988 958 2065; x_wconf 91' lang='lat' dir='ltr'><strong>est,</strong></span> <span class='ocrx_word' id='word_1_114' title='bbox 984 1978 1098 2075; x_wconf 89' lang='lat' dir='ltr'><strong>siquis</strong></span> <span class='ocrx_word' id='word_1_115' title='bbox 1106 1977 1237 2053; x_wconf 80' lang='lat' dir='ltr'><strong>&#39;valido</strong></span> 
     </span>
     <span class='ocr_line' id='line_1_16' title="bbox 151 2090 1237 2189; baseline 0.001 -25"><span class='ocrx_word' id='word_1_116' title='bbox 151 2090 273 2165; x_wconf 85' lang='lat' dir='ltr'><strong>labore</strong></span> <span class='ocrx_word' id='word_1_117' title='bbox 290 2101 328 2166; x_wconf 93' lang='lat' dir='ltr'><strong>et</strong></span> <span class='ocrx_word' id='word_1_118' title='bbox 344 2093 468 2166; x_wconf 89' lang='lat' dir='ltr'><strong>inedia</strong></span> <span class='ocrx_word' id='word_1_119' title='bbox 483 2091 685 2167; x_wconf 89' lang='lat' dir='ltr'><strong>exhaustus</strong></span> <span class='ocrx_word' id='word_1_120' title='bbox 712 2091 837 2177; x_wconf 88' lang='lat' dir='ltr'><strong>fuerit,</strong></span> <span class='ocrx_word' id='word_1_121' title='bbox 867 2091 928 2164; x_wconf 89' lang='lat' dir='ltr'><strong>vel</strong></span> <span class='ocrx_word' id='word_1_122' title='bbox 953 2091 1105 2189; x_wconf 85' lang='lat' dir='ltr'><strong>ingente</strong></span> <span class='ocrx_word' id='word_1_123' title='bbox 1121 2092 1237 2166; x_wconf 83' lang='lat' dir='ltr'><strong>urinae</strong></span> 
     </span>
     <span class='ocr_line' id='line_1_17' title="bbox 152 2203 1237 2304; baseline 0.001 -27"><span class='ocrx_word' id='word_1_124' title='bbox 152 2203 347 2302; x_wconf 86' lang='lat' dir='ltr'><strong>profluvio,</strong></span> <span class='ocrx_word' id='word_1_125' title='bbox 364 2204 424 2277; x_wconf 92' lang='lat' dir='ltr'><strong>vel</strong></span> <span class='ocrx_word' id='word_1_126' title='bbox 441 2205 607 2303; x_wconf 88' lang='lat' dir='ltr'><strong>hydrope</strong></span> <span class='ocrx_word' id='word_1_127' title='bbox 624 2204 910 2290; x_wconf 84' lang='lat' dir='ltr'><strong>recrudescente,</strong></span> <span class='ocrx_word' id='word_1_128' title='bbox 927 2214 1124 2300; x_wconf 88' lang='lat' dir='ltr'><strong>postquam</strong></span> <span class='ocrx_word' id='word_1_129' title='bbox 1141 2228 1237 2304; x_wconf 86' lang='lat' dir='ltr'><strong>aqua</strong></span> 
     </span>
     <span class='ocr_line' id='line_1_18' title="bbox 153 2316 533 2391; baseline 0.008 -4"><span class='ocrx_word' id='word_1_130' title='bbox 153 2327 230 2391; x_wconf 86' lang='lat' dir='ltr'><strong>arte</strong></span> <span class='ocrx_word' id='word_1_131' title='bbox 247 2317 379 2391; x_wconf 87' lang='lat' dir='ltr'><strong>educta</strong></span> <span class='ocrx_word' id='word_1_132' title='bbox 395 2316 533 2391; x_wconf 84' lang='lat' dir='ltr'><strong>fuisset.</strong></span> 
     </span>
    </p>

    <p class='ocr_par' dir='ltr' id='par_1_5' title="bbox 109 2426 1235 3980">
     <span class='ocr_line' id='line_1_19' title="bbox 203 2426 1235 2526; baseline 0.001 -24"><span class='ocrx_word' id='word_1_133' title='bbox 203 2452 389 2505; x_wconf 72' lang='lat' dir='ltr'><strong>nccxxlu</strong></span> <span class='ocrx_word' id='word_1_134' title='bbox 422 2429 542 2503; x_wconf 90' lang='lat' dir='ltr'><strong>Nocet</strong></span> <span class='ocrx_word' id='word_1_135' title='bbox 565 2429 686 2501; x_wconf 90' lang='lat' dir='ltr'><strong>omnis</strong></span> <span class='ocrx_word' id='word_1_136' title='bbox 712 2428 862 2505; x_wconf 92' lang='lat' dir='ltr'><strong>secretio</strong></span> <span class='ocrx_word' id='word_1_137' title='bbox 886 2426 1064 2525; x_wconf 88' lang='lat' dir='ltr'><strong>copiosior</strong></span> <span class='ocrx_word' id='word_1_138' title='bbox 1080 2427 1139 2501; x_wconf 84' lang='lat' dir='ltr'><strong>vel</strong></span> <span class='ocrx_word' id='word_1_139' title='bbox 1156 2452 1235 2526; x_wconf 86' lang='lat' dir='ltr'><strong>par·</strong></span> 
     </span>
     <span class='ocr_line' id='line_1_20' title="bbox 152 2539 1235 2639; baseline 0 -26"><span class='ocrx_word' id='word_1_140' title='bbox 152 2541 228 2614; x_wconf 91' lang='lat' dir='ltr'><strong>cior</strong></span> <span class='ocrx_word' id='word_1_141' title='bbox 238 2542 341 2639; x_wconf 90' lang='lat' dir='ltr'><strong>justa</strong></span> <span class='ocrx_word' id='word_1_142' title='bbox 356 2542 503 2639; x_wconf 80' lang='lat' dir='ltr'><strong>(nx11);</strong></span> <span class='ocrx_word' id='word_1_143' title='bbox 528 2541 716 2627; x_wconf 87' lang='lat' dir='ltr'><strong>nimirum,</strong></span> <span class='ocrx_word' id='word_1_144' title='bbox 734 2541 822 2639; x_wconf 90' lang='lat' dir='ltr'><strong>quia</strong></span> <span class='ocrx_word' id='word_1_145' title='bbox 838 2549 921 2615; x_wconf 86' lang='lat' dir='ltr'><strong>turn</strong></span> <span class='ocrx_word' id='word_1_146' title='bbox 932 2539 1084 2628; x_wconf 86' lang='lat' dir='ltr'><strong>functio,</strong></span> <span class='ocrx_word' id='word_1_147' title='bbox 1102 2541 1163 2614; x_wconf 92' lang='lat' dir='ltr'><strong>cui</strong></span> <span class='ocrx_word' id='word_1_148' title='bbox 1180 2541 1235 2614; x_wconf 90' lang='lat' dir='ltr'><strong>in-</strong></span> 
     </span>
     <span class='ocr_line' id='line_1_21' title="bbox 152 2652 1234 2753; baseline 0 -27"><span class='ocrx_word' id='word_1_149' title='bbox 152 2654 274 2739; x_wconf 85' lang='lat' dir='ltr'><strong>servit,</strong></span> <span class='ocrx_word' id='word_1_150' title='bbox 300 2654 595 2753; x_wconf 72' lang='lat' dir='ltr'><strong>aut&#39;impeditur,</strong></span> <span class='ocrx_word' id='word_1_151' title='bbox 620 2663 686 2728; x_wconf 90' lang='lat' dir='ltr'><strong>aut</strong></span> <span class='ocrx_word' id='word_1_152' title='bbox 703 2653 829 2728; x_wconf 88' lang='lat' dir='ltr'><strong>saltem</strong></span> <span class='ocrx_word' id='word_1_153' title='bbox 848 2652 1014 2727; x_wconf 91' lang='lat' dir='ltr'><strong>nonnihil</strong></span> <span class='ocrx_word' id='word_1_154' title='bbox 1033 2655 1234 2752; x_wconf 91' lang='lat' dir='ltr'><strong>corrumpi-</strong></span> 
     </span>
     <span class='ocr_line' id='line_1_22' title="bbox 109 2764 1232 2864; baseline 0.004 -29"><span class='ocrx_word' id='word_1_155' title='bbox 109 2820 119 2848; x_wconf 72' lang='lat'><strong>,</strong></span> <span class='ocrx_word' id='word_1_156' title='bbox 151 2774 224 2836; x_wconf 88' lang='lat' dir='ltr'><strong>tur.</strong></span> <span class='ocrx_word' id='word_1_157' title='bbox 277 2767 336 2837; x_wconf 87' lang='lat' dir='ltr'><strong>Sic</strong></span> <span class='ocrx_word' id='word_1_158' title='bbox 352 2764 516 2853; x_wconf 86' lang='lat' dir='ltr'><strong>olfactus,</strong></span> <span class='ocrx_word' id='word_1_159' title='bbox 542 2775 580 2839; x_wconf 89' lang='lat' dir='ltr'><strong>et</strong></span> <span class='ocrx_word' id='word_1_160' title='bbox 609 2775 752 2864; x_wconf 81' lang='lat' dir='ltr'><strong>gustus,</strong></span> <span class='ocrx_word' id='word_1_161' title='bbox 778 2776 817 2838; x_wconf 90' lang='lat' dir='ltr'><strong>et</strong></span> <span class='ocrx_word' id='word_1_162' title='bbox 842 2767 1029 2839; x_wconf 88' lang='lat' dir='ltr'><strong>concoctio</strong></span> <span class='ocrx_word' id='word_1_163' title='bbox 1053 2765 1232 2852; x_wconf 90' lang='lat' dir='ltr'><strong>ciborum,</strong></span> 
     </span>
     <span class='ocr_line' id='line_1_23' title="bbox 148 2873 1233 2972; baseline 0.005 -27"><span class='ocrx_word' id='word_1_164' title='bbox 148 2873 329 2948; x_wconf 88' lang='lat' dir='ltr'><strong>vitiantur</strong></span> <span class='ocrx_word' id='word_1_165' title='bbox 345 2898 440 2972; x_wconf 87' lang='lat' dir='ltr'><strong>saepe</strong></span> <span class='ocrx_word' id='word_1_166' title='bbox 456 2901 479 2948; x_wconf 86' lang='lat' dir='ltr'><strong>a</strong></span> <span class='ocrx_word' id='word_1_167' title='bbox 494 2876 617 2948; x_wconf 91' lang='lat' dir='ltr'><strong>nimiis</strong></span> <span class='ocrx_word' id='word_1_168' title='bbox 647 2884 711 2948; x_wconf 84' lang='lat' dir='ltr'><strong>aut</strong></span> <span class='ocrx_word' id='word_1_169' title='bbox 727 2875 839 2948; x_wconf 89' lang='lat' dir='ltr'><strong>nimis</strong></span> <span class='ocrx_word' id='word_1_170' title='bbox 856 2877 972 2972; x_wconf 88' lang='lat' dir='ltr'><strong>parcis</strong></span> <span class='ocrx_word' id='word_1_171' title='bbox 989 2877 1147 2964; x_wconf 88' lang='lat' dir='ltr'><strong>narium,</strong></span> <span class='ocrx_word' id='word_1_172' title='bbox 1173 2876 1233 2955; x_wconf 82' lang='lat' dir='ltr'><strong>vel</strong></span> 
     </span>
     <span class='ocr_line' id='line_1_24' title="bbox 148 2985 1233 3085; baseline 0.006 -27"><span class='ocrx_word' id='word_1_173' title='bbox 148 2985 229 3069; x_wconf 88' lang='lat' dir='ltr'><strong>oris,</strong></span> <span class='ocrx_word' id='word_1_174' title='bbox 254 2985 312 3058; x_wconf 84' lang='lat' dir='ltr'><strong>vei</strong></span> <span class='ocrx_word' id='word_1_175' title='bbox 331 2987 536 3072; x_wconf 89' lang='lat' dir='ltr'><strong>ventriculi,</strong></span> <span class='ocrx_word' id='word_1_176' title='bbox 561 2985 621 3058; x_wconf 85' lang='lat' dir='ltr'><strong>vel</strong></span> <span class='ocrx_word' id='word_1_177' title='bbox 637 2986 910 3073; x_wconf 89' lang='lat' dir='ltr'><strong>intestinorum,</strong></span> <span class='ocrx_word' id='word_1_178' title='bbox 927 2987 987 3063; x_wconf 85' lang='lat' dir='ltr'><strong>vel</strong></span> <span class='ocrx_word' id='word_1_179' title='bbox 1004 2988 1148 3085; x_wconf 89' lang='lat' dir='ltr'><strong>jecoris,</strong></span> <span class='ocrx_word' id='word_1_180' title='bbox 1165 2989 1233 3065; x_wconf 91' lang='lat' dir='ltr'><strong>hu-</strong></span> 
     </span>
     <span class='ocr_line' id='line_1_25' title="bbox 148 3097 1232 3196; baseline 0.007 -27"><span class='ocrx_word' id='word_1_181' title='bbox 148 3097 321 3170; x_wconf 85' lang='lat' dir='ltr'><strong>moribus.</strong></span> <span class='ocrx_word' id='word_1_182' title='bbox 371 3097 494 3170; x_wconf 89' lang='lat' dir='ltr'><strong>Nocet</strong></span> <span class='ocrx_word' id='word_1_183' title='bbox 508 3121 659 3194; x_wconf 92' lang='lat' dir='ltr'><strong>quoque</strong></span> <span class='ocrx_word' id='word_1_184' title='bbox 687 3097 789 3170; x_wconf 89' lang='lat' dir='ltr'><strong>haud</strong></span> <span class='ocrx_word' id='word_1_185' title='bbox 815 3124 946 3196; x_wconf 91' lang='lat' dir='ltr'><strong>parum</strong></span> <span class='ocrx_word' id='word_1_186' title='bbox 976 3102 1140 3177; x_wconf 87' lang='lat' dir='ltr'><strong>excretio</strong></span> <span class='ocrx_word' id='word_1_187' title='bbox 1167 3101 1232 3177; x_wconf 91' lang='lat' dir='ltr'><strong>hu·</strong></span> 
     </span>
     <span class='ocr_line' id='line_1_26' title="bbox 148 3208 1231 3310; baseline 0.006 -28"><span class='ocrx_word' id='word_1_188' title='bbox 148 3209 259 3282; x_wconf 91' lang='lat' dir='ltr'><strong>moris</strong></span> <span class='ocrx_word' id='word_1_189' title='bbox 276 3218 407 3283; x_wconf 90' lang='lat' dir='ltr'><strong>natura</strong></span> <span class='ocrx_word' id='word_1_190' title='bbox 422 3232 498 3282; x_wconf 92' lang='lat' dir='ltr'><strong>non</strong></span> <span class='ocrx_word' id='word_1_191' title='bbox 525 3208 766 3282; x_wconf 90' lang='lat' dir='ltr'><strong>excernendi:</strong></span> <span class='ocrx_word' id='word_1_192' title='bbox 806 3209 923 3286; x_wconf 88' lang='lat' dir='ltr'><strong>veluti</strong></span> <span class='ocrx_word' id='word_1_193' title='bbox 949 3211 1080 3298; x_wconf 80' lang='lat' dir='ltr'><strong>salivae,</strong></span> <span class='ocrx_word' id='word_1_194' title='bbox 1117 3238 1231 3310; x_wconf 87' lang='lat' dir='ltr'><strong>quam</strong></span> 
     </span>
     <span class='ocr_line' id='line_1_27' title="bbox 148 3321 1231 3423; baseline 0.006 -30"><span class='ocrx_word' id='word_1_195' title='bbox 148 3321 259 3395; x_wconf 83' lang='lat' dir='ltr'><strong>multi</strong></span> <span class='ocrx_word' id='word_1_196' title='bbox 276 3345 381 3422; x_wconf 87' lang='lat' dir='ltr'><strong>saepe,</strong></span> <span class='ocrx_word' id='word_1_197' title='bbox 398 3344 474 3394; x_wconf 91' lang='lat' dir='ltr'><strong>non</strong></span> <span class='ocrx_word' id='word_1_198' title='bbox 490 3321 569 3393; x_wconf 89' lang='lat' dir='ltr'><strong>sine</strong></span> <span class='ocrx_word' id='word_1_199' title='bbox 587 3345 724 3420; x_wconf 85' lang='lat' dir='ltr'><strong>magno</strong></span> <span class='ocrx_word' id='word_1_200' title='bbox 748 3346 816 3396; x_wconf 92' lang='lat' dir='ltr'><strong>suo</strong></span> <span class='ocrx_word' id='word_1_201' title='bbox 832 3323 940 3410; x_wconf 89' lang='lat' dir='ltr'><strong>malo,</strong></span> <span class='ocrx_word' id='word_1_202' title='bbox 970 3336 1125 3401; x_wconf 87' lang='lat' dir='ltr'><strong>movent</strong></span> <span class='ocrx_word' id='word_1_203' title='bbox 1142 3350 1231 3423; x_wconf 87' lang='lat' dir='ltr'><strong>prae·</strong></span> 
     </span>
     <span class='ocr_line' id='line_1_28' title="bbox 147 3433 1230 3530; baseline 0.006 -26"><span class='ocrx_word' id='word_1_204' title='bbox 147 3441 204 3505; x_wconf 88' lang='lat' dir='ltr'><strong>ter</strong></span> <span class='ocrx_word' id='word_1_205' title='bbox 232 3444 412 3521; x_wconf 86' lang='lat' dir='ltr'><strong>naturam,</strong></span> <span class='ocrx_word' id='word_1_206' title='bbox 437 3433 545 3508; x_wconf 85' lang='lat' dir='ltr'><strong>variis</strong></span> <span class='ocrx_word' id='word_1_207' title='bbox 562 3434 698 3530; x_wconf 91' lang='lat' dir='ltr'><strong>quibus</strong></span> <span class='ocrx_word' id='word_1_208' title='bbox 715 3444 876 3509; x_wconf 89' lang='lat' dir='ltr'><strong>utuntur</strong></span> <span class='ocrx_word' id='word_1_209' title='bbox 905 3437 1047 3511; x_wconf 89' lang='lat' dir='ltr'><strong>aeribus</strong></span> <span class='ocrx_word' id='word_1_210' title='bbox 1074 3437 1230 3511; x_wconf 87' lang='lat' dir='ltr'><strong>medica-</strong></span> 
     </span>
     <span class='ocr_line' id='line_1_29' title="bbox 149 3546 1231 3647; baseline 0.006 -31"><span class='ocrx_word' id='word_1_211' title='bbox 149 3546 293 3631; x_wconf 72' lang='lat' dir='ltr'><strong>mentis</strong></span> <span class='ocrx_word' id='word_1_212' title='bbox 319 3556 358 3620; x_wconf 90' lang='lat' dir='ltr'><strong>et</strong></span> <span class='ocrx_word' id='word_1_213' title='bbox 384 3546 528 3619; x_wconf 87' lang='lat' dir='ltr'><strong>assidue</strong></span> <span class='ocrx_word' id='word_1_214' title='bbox 543 3557 755 3645; x_wconf 89' lang='lat' dir='ltr'><strong>exspuunt:</strong></span> <span class='ocrx_word' id='word_1_215' title='bbox 782 3549 834 3622; x_wconf 89' lang='lat' dir='ltr'><strong>sic</strong></span> <span class='ocrx_word' id='word_1_216' title='bbox 857 3573 988 3647; x_wconf 88' lang='lat' dir='ltr'><strong>corpus</strong></span> <span class='ocrx_word' id='word_1_217' title='bbox 1014 3549 1231 3625; x_wconf 85' lang='lat' dir='ltr'><strong>exhauritur</strong></span> 
     </span>
     <span class='ocr_line' id='line_1_30' title="bbox 147 3655 1231 3759; baseline 0.007 -32"><span class='ocrx_word' id='word_1_218' title='bbox 147 3655 398 3730; x_wconf 87' lang='lat' dir='ltr'><strong>exinanitione</strong></span> <span class='ocrx_word' id='word_1_219' title='bbox 423 3682 508 3755; x_wconf 84' lang='lat' dir='ltr'><strong>quae</strong></span> <span class='ocrx_word' id='word_1_220' title='bbox 533 3659 687 3733; x_wconf 92' lang='lat' dir='ltr'><strong>omnino</strong></span> <span class='ocrx_word' id='word_1_221' title='bbox 724 3672 856 3759; x_wconf 76' lang='lat' dir='ltr'><strong>praeter</strong></span> <span class='ocrx_word' id='word_1_222' title='bbox 892 3671 1061 3737; x_wconf 89' lang='lat' dir='ltr'><strong>naturam</strong></span> <span class='ocrx_word' id='word_1_223' title='bbox 1087 3672 1155 3749; x_wconf 91' lang='lat' dir='ltr'><strong>est,</strong></span> <span class='ocrx_word' id='word_1_224' title='bbox 1193 3671 1231 3735; x_wconf 92' lang='lat' dir='ltr'><strong>et</strong></span> 
     </span>
     <span class='ocr_line' id='line_1_31' title="bbox 146 3769 1230 3872; baseline 0.007 -30"><span class='ocrx_word' id='word_1_225' title='bbox 146 3769 333 3842; x_wconf 89' lang='lat' dir='ltr'><strong>concoctio</strong></span> <span class='ocrx_word' id='word_1_226' title='bbox 357 3770 533 3870; x_wconf 86' lang='lat' dir='ltr'><strong>ciborum,</strong></span> <span class='ocrx_word' id='word_1_227' title='bbox 559 3770 752 3846; x_wconf 87' lang='lat' dir='ltr'><strong>deficiente</strong></span> <span class='ocrx_word' id='word_1_228' title='bbox 777 3798 861 3872; x_wconf 88' lang='lat' dir='ltr'><strong>quae</strong></span> <span class='ocrx_word' id='word_1_229' title='bbox 884 3773 1017 3870; x_wconf 88' lang='lat' dir='ltr'><strong>juvare</strong></span> <span class='ocrx_word' id='word_1_230' title='bbox 1041 3773 1154 3849; x_wconf 89' lang='lat' dir='ltr'><strong>debet</strong></span> <span class='ocrx_word' id='word_1_231' title='bbox 1178 3799 1230 3849; x_wconf 82' lang='lat' dir='ltr'><strong>sa·</strong></span> 
     </span>
     <span class='ocr_line' id='line_1_32' title="bbox 145 3878 594 3980; baseline 0.011 -27"><span class='ocrx_word' id='word_1_232' title='bbox 145 3878 229 3967; x_wconf 89' lang='lat' dir='ltr'><strong>liva,</strong></span> <span class='ocrx_word' id='word_1_233' title='bbox 246 3880 378 3980; x_wconf 85' lang='lat' dir='ltr'><strong>aegrius</strong></span> <span class='ocrx_word' id='word_1_234' title='bbox 396 3883 594 3979; x_wconf 85' lang='lat' dir='ltr'><strong>perficitur.</strong></span> 
     </span>
    </p>

    <p class='ocr_par' dir='ltr' id='par_1_6' title="bbox 193 3994 1226 4097">
     <span class='ocr_line' id='line_1_33' title="bbox 193 3994 1226 4097; baseline 0.007 -31"><span class='ocrx_word' id='word_1_235' title='bbox 193 4013 366 4067; x_wconf 88' lang='lat' dir='ltr'><strong>nccxxv.</strong></span> <span class='ocrx_word' id='word_1_236' title='bbox 386 3994 499 4081; x_wconf 84' lang='lat' dir='ltr'><strong>Quod</strong></span> <span class='ocrx_word' id='word_1_237' title='bbox 520 3998 549 4069; x_wconf 93' lang='lat' dir='ltr'><strong>si</strong></span> <span class='ocrx_word' id='word_1_238' title='bbox 566 3997 739 4071; x_wconf 87' lang='lat' dir='ltr'><strong>humores</strong></span> <span class='ocrx_word' id='word_1_239' title='bbox 755 4010 886 4072; x_wconf 82' lang='lat' dir='ltr'><strong>natura</strong></span> <span class='ocrx_word' id='word_1_240' title='bbox 902 3999 1125 4073; x_wconf 86' lang='lat' dir='ltr'><strong>excernendi</strong></span> <span class='ocrx_word' id='word_1_241' title='bbox 1143 4023 1226 4097; x_wconf 92' lang='lat' dir='ltr'><strong>sup·</strong></span> 
     </span>
    </p>
   </div>
   <div class='ocr_carea' id='block_1_5' title="bbox 141 4105 1226 4448">
    <p class='ocr_par' dir='ltr' id='par_1_7' title="bbox 141 4105 1226 4448">
     <span class='ocr_line' id='line_1_34' title="bbox 142 4105 1226 4209; baseline 0.006 -31"><span class='ocrx_word' id='word_1_242' title='bbox 142 4105 255 4203; x_wconf 89' lang='lat' dir='ltr'><strong>pressi</strong></span> <span class='ocrx_word' id='word_1_243' title='bbox 279 4105 339 4179; x_wconf 87' lang='lat' dir='ltr'><strong>vel</strong></span> <span class='ocrx_word' id='word_1_244' title='bbox 364 4107 499 4180; x_wconf 87' lang='lat' dir='ltr'><strong>retenti</strong></span> <span class='ocrx_word' id='word_1_245' title='bbox 523 4107 674 4195; x_wconf 85' lang='lat' dir='ltr'><strong>fuerint,</strong></span> <span class='ocrx_word' id='word_1_246' title='bbox 712 4108 773 4181; x_wconf 87' lang='lat' dir='ltr'><strong>vel</strong></span> <span class='ocrx_word' id='word_1_247' title='bbox 797 4110 912 4183; x_wconf 90' lang='lat' dir='ltr'><strong>nimia</strong></span> <span class='ocrx_word' id='word_1_248' title='bbox 936 4112 1040 4209; x_wconf 92' lang='lat' dir='ltr'><strong>copia</strong></span> <span class='ocrx_word' id='word_1_249' title='bbox 1077 4110 1226 4196; x_wconf 88' lang='lat' dir='ltr'><strong>excreti,</strong></span> 
     </span>
     <span class='ocr_line' id='line_1_35' title="bbox 141 4217 1225 4324; baseline 0.007 -36"><span class='ocrx_word' id='word_1_250' title='bbox 141 4217 248 4291; x_wconf 86' lang='lat' dir='ltr'><strong>urina</strong></span> <span class='ocrx_word' id='word_1_251' title='bbox 263 4219 474 4316; x_wconf 72' lang='lat' dir='ltr'><strong>presertim,</strong></span> <span class='ocrx_word' id='word_1_252' title='bbox 492 4230 531 4292; x_wconf 90' lang='lat' dir='ltr'><strong>et</strong></span> <span class='ocrx_word' id='word_1_253' title='bbox 547 4219 683 4293; x_wconf 87' lang='lat' dir='ltr'><strong>halitus</strong></span> <span class='ocrx_word' id='word_1_254' title='bbox 700 4223 811 4314; x_wconf 88' lang='lat' dir='ltr'><strong>cutis,</strong></span> <span class='ocrx_word' id='word_1_255' title='bbox 834 4221 1009 4299; x_wconf 87' lang='lat' dir='ltr'><strong>valetudo</strong></span> <span class='ocrx_word' id='word_1_256' title='bbox 1026 4224 1146 4324; x_wconf 87' lang='lat' dir='ltr'><strong>magis</strong></span> <span class='ocrx_word' id='word_1_257' title='bbox 1163 4221 1225 4298; x_wconf 83' lang='lat' dir='ltr'><strong>ad·</strong></span> 
     </span>
     <span class='ocr_line' id='line_1_36' title="bbox 141 4324 719 4448; baseline 0.017 -50"><span class='ocrx_word' id='word_1_258' title='bbox 141 4324 216 4402; x_wconf 88' lang='lat' dir='ltr'><strong>huc</strong></span> <span class='ocrx_word' id='word_1_259' title='bbox 231 4338 270 4406; x_wconf 89' lang='lat' dir='ltr'><strong>et</strong></span> <span class='ocrx_word' id='word_1_260' title='bbox 285 4331 394 4407; x_wconf 88' lang='lat' dir='ltr'><strong>citius</strong></span> <span class='ocrx_word' id='word_1_261' title='bbox 411 4330 570 4448; x_wconf 78' lang='lat' dir='ltr'><strong>afficitur</strong></span> <span class='ocrx_word' id='word_1_262' title='bbox 587 4331 719 4432; x_wconf 65' lang='lat' dir='ltr'><strong>(exn).</strong></span> 
     </span>
    </p>
   </div>
   <div class='ocr_carea' id='block_1_6' title="bbox 0 0 1344 4794">
    <p class='ocr_par' dir='ltr' id='par_1_8' title="bbox 0 0 1344 4794">
     <span class='ocr_line' id='line_1_37' title="bbox 0 0 1344 4794; baseline 0 0"><span class='ocrx_word' id='word_1_263' title='bbox 0 0 1344 4794; x_wconf 95' lang='lat' dir='ltr'><strong> </strong></span> 
     </span>
    </p>
   </div>
  </div>
 </body>
</html>
