2678 4794
123 321 195 388 188
515 335 765 393 cousrncnvs
1028 339 1112 393 car.
1130 337 1196 393 xv.

173 535 360 589 ccccnrn.
386 512 500 587 Horis
515 512 720 600 matutinis,
738 536 857 610 quum
875 513 994 611 primo
1010 515 1196 613 expergis

123 626 252 714 cimur,
269 626 394 726 pulsus
403 647 503 698 rarus
512 634 578 710 est,
590 623 770 721 paulatim
783 624 1008 722 frequentior
1019 648 1198 699 evasurus

124 748 273 838 propter
309 734 424 809 multa
450 735 586 833 quibus
610 735 805 833 objicimur
831 738 1077 822 irritamenta3
1112 746 1198 834 post

123 850 258 934 cibum,
282 871 330 921 ex
345 847 513 921 carnibus
529 848 720 947 imprimis,
746 861 812 924 aut
834 873 965 936 acrem,
990 860 1056 923 aut
1071 848 1197 922 condi-

124 970 218 1047 tum,
235 958 461 1044 intenditur;
486 960 556 1033 sub
573 984 771 1058 vesperem,
795 961 886 1035 levis
902 963 1007 1060 quasi
1023 957 1200 1034 febricula

122 1071 270 1157 accedit,
296 1071 357 1144 cui
373 1071 516 1170 requies
532 1083 571 1146 et
587 1096 737 1147 somnus
753 1073 916 1147 remedio
944 1081 1041 1147 sunt.
1092 1071 1198 1156 Haec,

122 1184 162 1258 in
187 1205 274 1254 sano
303 1182 454 1257 homine
480 1184 546 1257 vix
562 1184 796 1271 observanda,
820 1185 860 1257 in
884 1195 1033 1283 aegroto
1058 1183 1198 1257 febrici-

123 1300 235 1379 tante,
252 1292 387 1371 hectico
403 1295 616 1394 prasertim,
633 1297 719 1371 satis
736 1295 925 1370 manifeste
941 1319 979 1370 se
996 1295 1170 1393 produnt

172 1428 355 1482 ccccrnv.
374 1408 562 1507 Denique,
579 1409 657 1507 ipsa
668 1407 835 1482 debilitas
852 1406 1003 1504 pulsum
1020 1430 1115 1504 saepe
1130 1405 1198 1480 fre-

121 1519 353 1616 quentiorem
364 1520 526 1608 reddere,
539 1519 599 1593 vel
611 1519 740 1593 saltem
749 1519 797 1592 ad
809 1518 909 1592 hunc
920 1517 1094 1593 effectum
1108 1540 1197 1591 non-

122 1630 215 1704 nihil
231 1630 402 1718 conferre,
419 1630 588 1715 videtum
605 1631 793 1716 nimirum,
810 1631 899 1728 quia
915 1630 1199 1707 tumventn'cu·

123 1740 181 1816 lus
198 1743 315 1818 cordis
332 1767 407 1817 non
423 1741 518 1817 bene
533 1742 712 1842 depletus,
740 1743 849 1817 citius
871 1743 1008 1817 iterum
1025 1741 1200 1816 distendi·

124 1865 197 1941 tur,
214 1856 315 1928 etad
332 1855 616 1929 contractionem
633 1854 757 1929 denuo
774 1855 956 1928 incitatur.
1006 1853 1200 1953 Quaprop·

124 1976 181 2041 ter
197 1967 340 2040 medico
355 1990 549 2065 nunquam
578 1965 665 2041 licet
692 1966 740 2039 de
755 1965 900 2065 impetu
928 1966 1120 2065 sanguinis
1139 1965 1199 2064 ju-

124 2077 243 2152 dicare
260 2103 281 2151 a
297 2079 503 2177 frequentia
518 2079 706 2179 pulsuum.

174 2212 339 2264 ccccm.
366 2191 568 2278 Postremo,
586 2191 625 2265 in
638 2191 811 2265 omnibus
823 2189 994 2279 febribus,
1009 2202 1201 2289 utcunque

126 2303 223 2375 inter
240 2326 278 2376 se
290 2303 452 2390 diversis,
469 2302 598 2401 pulsus
610 2303 720 2377 nimis
732 2303 940 2401 frequentes
951 2303 1201 2388 observantur,

125 2415 261 2514 partim
286 2413 434 2490 fortasse
450 2416 499 2489 ob
524 2414 762 2504 debilitatem,
787 2416 920 2515 partim
936 2415 985 2489 ob
1001 2414 1203 2490 humorum

125 2527 372 2615 acrimoniam,
397 2528 532 2627 partim
556 2528 606 2602 ob
630 2530 848 2627 sanguinem
872 2525 1099 2627 asuperficie
1126 2550 1202 2601 cor·

126 2640 224 2736 poris
248 2639 447 2738 repulsum,
485 2651 523 2714 et
556 2641 595 2712 in
628 2642 772 2739 magnis
800 2641 893 2714 vasis
919 2639 1203 2725 accumulatum,

127 2749 328 2847 eademque
353 2750 625 2837 stimulantem3
661 2754 794 2849 partim
831 2776 981 2851 quoque
1015 2751 1063 2825 ob
1087 2752 1203 2826 varias

127 2860 346 2933 irritationes
370 2860 554 2935 morbosas
579 2886 663 2959 quae
687 2863 726 2934 in
755 2886 905 2961 corpore
941 2876 1018 2938 tam
1043 2863 1138 2938 male
1164 2886 1203 2937 se

127 2969 285 3043 habente
313 2982 352 3043 et
371 2972 449 3068 jam
478 2973 589 3044 nimis
614 2973 779 3046 imitabili
803 2974 899 3049 facto
923 3001 1117 3076 nunquam
1141 2976 1203 3050 de·

127 3090 234 3154 sunt:
253 3082 386 3178 partim
404 3082 556 3157 demum
573 3108 639 3183 per
655 3087 846 3159 conamina
862 3090 1032 3186 quadam
1049 3089 1204 3164 Naturae

128 3195 313 3284 (ccccxiv,
341 3204 550 3294 ccccxvm)
580 3197 627 3269 ad
644 3221 775 3296 corpus
804 3209 909 3273 tanto
926 3201 1022 3274 malo
1050 3200 1204 3273 liberan-

126 3306 241 3381 dum:
268 3309 439 3406 quamvis
467 3332 552 3383 sane
569 3309 731 3384 multum
750 3310 809 3385 hic
826 3312 942 3386 subsit
965 3312 1119 3399 obscuri,
1143 3310 1205 3385 vel

126 3443 272 3516 prorsus
289 3421 427 3518 ignoti:
453 3446 521 3495 nec
549 3420 653 3496 facile
670 3424 753 3520 quis
770 3424 906 3498 dixerit
922 3423 1111 3522 quomodo
1136 3447 1204 3497 aaa

127 3530 304 3604 tocroteio
320 3534 479 3630 corporis
505 3533 564 3607 hic
589 3544 696 3632 agat;
735 3546 912 3635 tantaque
940 3536 1118 3634 pulsuum
1136 3535 1203 3610 fre·

126 3643 280 3737 quentia
295 3643 482 3717 referenda
499 3645 558 3733 sit,
576 3671 701 3735 necne,
718 3647 797 3745 ejus
814 3649 1014 3722 conatibus.

175 3775 353 3829 ccccnvr.
380 3755 517 3831 Pulsus
534 3783 614 3833 raro
630 3761 740 3834 nimis
757 3761 851 3834 tardi
868 3761 1120 3847 observantur,
1134 3759 1205 3833 nisi

119 3889 147 3938 a
163 3865 307 3939 minuta
324 3869 481 3966 corporis
499 3870 714 3958 mobilitate,
740 3872 858 3947 veluti
885 3873 924 3945 in
941 3872 1075 3946 ultimo
1092 3873 1205 3958 senio,

126 3975 184 4051 vel
201 4002 223 4049 a
239 3979 384 4051 cerebro
401 4005 616 4078 compresso,
641 3993 707 4056 aut
733 3983 838 4056 aliter
853 3983 948 4057 male
973 4007 1010 4058 se
1035 3983 1203 4057 habente.

125 4088 281 4165 Gravior
300 4114 386 4164 vero
402 4094 538 4166 cerebri
567 4096 786 4193 compressio
812 4097 1000 4193 ingentem
1026 4096 1205 4193 pulsuum

124 4199 370 4301 frequentiam
400 4205 542 4280 efficere
572 4206 676 4300 solet,
704 4205 822 4283 veluti
851 4209 890 4282 in
924 4205 1205 4308 hydroceptolc,
