2678 4794
550 427 810 503 coueuacuus‘
1020 443 1110 499 car.
1128 447 1220 501 xxa

245 1468 341 1545 Cae.
358 1468 613 1547 XXX-De
629 1467 799 1545 remediis
814 1462 1102 1544 alimalunla'bua.

138 2327 261 2380 ucuv,
313 2258 545 2388 Remum
575 2307 801 2383 stimulantia
827 2313 1005 2378 vocantur
1034 2302 1106 2390 illa,
1131 2325 1208 2402 quae

134 2418 195 2493 vel
212 2443 358 2495 sensum
389 2420 429 2494 in
455 2419 620 2518 partibus
647 2417 900 2503 sentientibua
925 2414 984 2488 vel
1003 2425 1149 2490 motum
1173 2414 1207 2486 in

134 2534 298 2630 partibus
316 2532 530 2610 museulosls
556 2534 729 2609 excitant.
780 2529 961 2625 Pleraque
989 2551 1076 2601 sane
1102 2548 1207 2601 reme·

135 2645 195 2718 dia
229 2647 466 2732 stimulantia,
500 2645 564 2720 sed
603 2671 678 2722 non
711 2647 845 2728 omnia,
881 2653 1086 2738 utrumque
1121 2637 1206 2738 pari·

133 2764 191 2828 ter
219 2758 395 2832 effectum
425 2770 620 2856 praestant;
646 2757 951 2855 conjunctissimae
980 2755 1078 2827 enim
1112 2761 1206 2835 sunt,

132 2869 302 2962 quamvis
329 2880 470 2942 naturae
498 2869 661 2953 diversae,
701 2871 782 2942 istae
819 2868 916 2941 binae
944 2866 1049 2939 dotes
1083 2885 1205 2936 nervo-

131 3002 212 3051 rum
245 2978 580 3077 musculorumue,
610 2982 662 3051 ita
690 2991 734 3052 ut
763 2980 865 3075 quod
891 2981 929 3052 in
958 2978 1030 3053 illis
1062 2996 1203 3049 sensum

131 3090 278 3177 excitat,
296 3090 361 3164 hos
378 3116 529 3188 quoque
544 3091 590 3164 ad
609 3091 894 3164 contractionem
912 3093 1017 3164 cieat.
1055 3087 1156 3176 Quin
1169 3094 1206 3158 et

131 3226 256 3277 seusus
272 3204 350 3303 ipse
367 3202 576 3289 vehemens,
593 3202 860 3301 qualiscunque
873 3203 986 3280 fuerit
1002 3203 1082 3300 ejus
1094 3222 1205 3282 causa,

130 3318 208 3389 vim
221 3316 379 3416 aliquam
394 3315 645 3390 stimulantem
660 3340 755 3414 saepe
772 3316 893 3402 habet,
906 3327 1103 3412 partesque
1114 3333 1205 3385 mus·

129 3428 268 3502 eulosas
285 3432 330 3502 ad
347 3453 462 3502 novos
488 3439 527 3502 et
543 3428 683 3502 validos
711 3439 833 3501 motus
859 3429 999 3501 incitat.
1054 3426 1141 3500 Non
1158 3432 1202 3496 ta

128 3564 214 3612 men
254 3542 389 3614 ideirco
413 3551 551 3614 temere
575 3540 869 3614 concludendum
897 3549 962 3624 est,
997 3537 1147 3611 nullum
1169 3534 1203 3605 in

128 3651 293 3749 partibus
319 3652 535 3726 musculosis
560 3664 705 3727 motum
722 3677 789 3750 per
805 3648 1033 3725 stimulantia
1051 3645 1204 3722 remedia

128 3763 280 3837 excitari
304 3788 420 3861 posse,
445 3766 516 3838 uisi
542 3765 619 3839 haec
643 3765 745 3862 prius
762 3787 906 3837 sensum
933 3761 1099 3859 aliquem
1125 3756 1204 3832 effe-

128 3877 254 3950 ael-int.

176 4010 318 4061 mcum.
344 3986 514 4062 Plurima
550 3989 826 4074 medicamenta,
852 3985 997 4082 aliaque
1036 3982 1202 4066 remedia,

124 4101 235 4176 talem
262 4099 476 4173 stimulandi
501 4100 711 4173 facultatem
737 4099 930 4198 possidere,
961 4097 1047 4170 satis
1065 4107 1201 4172 certum

123 4225 162 4288 et
180 4212 417 4287 manifestum
434 4224 508 4296 est;
535 4236 603 4285 nec
621 4214 741 4285 minus
758 4224 891 4284 uotum
909 4220 975 4296 est,
1004 4209 1076 4281 alia
1093 4227 1200 4282 reme-

121 4325 193 4413 dia,
219 4337 257 4400 et
281 4325 350 4400 alia
375 4325 653 4413 medicamenta,
677 4324 899 4398 contrarium
929 4345 1077 4419 prorsus
1100 4317 1198 4394 effec-
