2678 4794
123 381 195 449 234
550 394 805 451 cossracrus
918 375 921 380 '
1013 398 1099 453 car.
1117 397 1201 450 xxr.

120 594 186 645 mo
203 573 446 671 contingunt:
472 581 511 645 et
527 594 627 647 nunc
644 573 797 646 demum
814 571 1021 647 differentia
1032 597 1202 660 sexuum,

125 686 227 783 quod
245 684 292 759 ad
319 684 476 781 corporis
504 683 818 772 constitutionem,
846 686 887 758 in
904 683 1105 758 infantibus
1130 684 1205 757 fere

124 797 235 885 nulla,
262 798 300 869 in
318 797 440 894 pueris
457 809 569 894 atque
586 795 718 895 puellis
747 797 898 872 obscura
923 820 1046 894 neque
1062 818 1206 893 semper

124 907 356 994 observanda,
374 909 566 982 manifeste
583 932 620 982 se
637 909 770 1006 prodit.

172 1042 396 1097 occnxvnr.
427 1021 653 1094 Gravissima
680 1031 806 1096 autem
835 1020 873 1095 in
904 1021 1044 1094 intimis
1071 1016 1207 1116 puellae

124 1133 320 1206 visceribus
347 1135 507 1207 mutatio
535 1120 748 1219 absolvitur,
772 1158 848 1230 qua
864 1144 1003 1219 uterus,
1033 1133 1135 1229 prius
1152 1131 1206 1201 in-

123 1243 215 1317 utile
231 1269 425 1343 organum,
455 1245 663 1343 pauxillum
690 1247 878 1343 sanguinis
903 1243 1057 1343 singulis
1073 1242 1205 1315 mensi·

121 1355 191 1428 bns
208 1357 388 1446 effundat,
404 1369 443 1431 et
460 1358 763 1453 idoneusevadat
779 1358 825 1431 ad
842 1358 982 1456 prolem
1010 1357 1205 1452 suscipien-

122 1468 218 1557 dam,
248 1481 287 1543 et
302 1469 530 1568 gestandam,
556 1479 594 1543 et
618 1469 798 1556 alendam,
824 1470 940 1544 donec
957 1495 1025 1543 suo
1042 1477 1206 1566 tempore

124 1579 162 1652 in
181 1607 286 1655 auras
304 1581 501 1679 lucemque
518 1582 683 1679 prodeat.

173 1717 361 1768 nccnx1x.
388 1680 559 1766 Multum
584 1693 817 1792 disputatum
842 1704 898 1769 est
924 1695 1019 1767 inter
1037 1693 1204 1778 medicos,

123 1830 199 1903 quo
224 1819 331 1904 pacto
358 1830 497 1881 menses
523 1806 724 1895 evenirent,
749 1818 786 1881 et
813 1831 889 1905 quo
915 1806 1067 1881 consilio
1082 1829 1204 1878 rerum

122 1942 258 2017 magna
271 1921 413 2005 Parens¹
426 1917 509 1991 solis
524 1917 686 1992 foeminis
703 1919 796 1993 adeo
812 1921 978 2017 iniquam
997 1929 1042 1992 ut
1059 1917 1207 1991 videtur

122 2030 240 2127 legem
253 2031 405 2103 tulisset.
444 2029 623 2103 Nondum
637 2033 738 2104 enim
751 2046 903 2119 constat,
917 2056 1009 2107 num
1023 2029 1104 2104 aliis
1116 2054 1205 2127 quo·

123 2165 197 2238 que
222 2142 440 2216 animalibus
465 2166 608 2215 menses
641 2145 880 2241 contingant;
922 2145 952 2216 si
978 2142 1072 2228 ullis,
1112 2153 1206 2215 certe

122 2256 360 2352 paucissimis,
385 2255 505 2352 iisque
530 2264 678 2329 tantum
706 2280 791 2353 quae
818 2257 944 2355 generi
974 2254 1141 2329 humano
1163 2253 1205 2327 si·

123 2366 278 2440 millima
297 2376 394 2441 sunt.

175 2504 346 2556 nccrnx.
371 2482 495 2555 Nemo
513 2506 620 2557 sanus
637 2492 789 2556 conatus
807 2481 917 2555 fuerit
934 2480 1113 2571 rationem
1131 2476 1208 2552 red-

124 2593 220 2679 dere,
259 2619 324 2666 cur
360 2593 444 2667 talis
478 2594 649 2683 foeminis,
689 2597 806 2694 iisque
842 2593 935 2677 solis,
965 2591 1099 2666 fabrica
1125 2591 1208 2665 data

37 2756 41 2763 -
123 2704 246 2788 suerit,
264 2703 382 2801 qualis
400 2705 615 2801 hujusmodi
639 2706 786 2780 fluxum
814 2706 966 2779 efficiat:
994 2727 1117 2800 neque
1134 2724 1206 2775 me·

124 2814 198 2887 dici
227 2825 283 2886 cst
312 2816 520 2888 istiusmodi
548 2842 676 2890 arcana
704 2817 931 2915 perscrutari.
983 2816 1047 2889 Sat
1081 2814 1209 2888 eritsi

122 2948 296 3021 quaenam
329 2926 398 2998 ista
424 2927 559 3000 fabrica
588 2930 645 3013 sit,
676 2927 923 3025 explicaverit,
953 2939 991 3001 et
1008 2925 1208 3001 ostenderit

124 3037 314 3133 quomodo
331 3040 515 3110 mensium
548 3037 674 3111 fluxus
701 3037 776 3123 liat,
801 3041 937 3137 quibus
957 3040 1082 3114 usibus
1100 3040 1208 3139 inses-

123 3148 212 3233 viat,
242 3148 379 3246 quibus
406 3149 522 3223 causis
539 3149 702 3236 vitietur,
729 3174 804 3247 qua
821 3151 961 3225 ratione
977 3153 1131 3225 vitiatus
1147 3163 1209 3223 no'

123 3271 213 3347 ceat,
231 3271 269 3335 et
286 3260 421 3359 quibus
438 3261 609 3334 remediis
625 3261 705 3358 ejus
722 3262 814 3335 vitia
830 3264 1068 3357 corrigantur.
1119 3262 1208 3337 Plu·

123 3372 217 3445 rima
233 3384 359 3447 autem
377 3373 630 3447 desiderantur
645 3373 777 3462 adhuc,
803 3383 846 3447 ut
865 3374 947 3449 talis
963 3373 1090 3448 fluxus
1107 3397 1208 3448 men·

122 3485 216 3556 strui
232 3486 326 3558 ratio
344 3485 526 3559 reddatur.

173 3618 362 3672 uccuxxr.
394 3597 537 3685 Quum,
560 3622 712 3696 corpore
737 3599 853 3673 indies
871 3607 1064 3684 crescente,
1090 3607 1210 3697 partes

124 3709 294 3807 quaedam
306 3709 445 3806 justam
464 3709 540 3784 sere
566 3711 709 3809 adeptae
721 3712 795 3784 sint
817 3709 965 3797 molem,
983 3721 1021 3783 et
1037 3710 1209 3808 figuram,

81 3826 84 3831 ’
125 3831 163 3894 et
188 3820 413 3907 firmitatem,
439 3822 627 3922 sanguinis
652 3847 797 3897 cursum
822 3822 1100 3919 quodammodo
1125 3821 1210 3895 diri·

124 3957 212 4031 gere
225 3932 401 4006 videntur
412 3933 498 4008 alias
515 3949 636 4034 partes
653 3959 789 4021 versus,
806 3934 971 4022 laxiores,
988 3944 1026 4008 et
1038 3934 1212 4009 nondum

125 4044 300 4130 evolutas,
327 4045 390 4117 sed
407 4069 473 4142 per
490 4071 595 4120 suam
612 4046 782 4120 fabricam
800 4056 913 4144 aptas,
930 4057 975 4121 ut
985 4045 1210 4144 juvantibus

124 4156 278 4256 propriis
303 4156 461 4254 comoris
479 4158 619 4232 viribus
636 4157 812 4231 vitalibus
840 4160 989 4255 (xnvu)
1015 4168 1113 4231 certa
1131 4167 1210 4231 tan·

125 4271 209 4345 dem
228 4270 368 4345 ratione
384 4278 546 4344 crescant
559 4280 601 4344 ‚et
612 4267 840 4373 evolvantur.
890 4269 1101 4344 Verisimile
1115 4291 1207 4370 quo·
