2678 4794
250 1124 574 1225 JACOBUS
609 1133 972 1234 GREGORY

350 1545 733 1627 AUDITORIBUS
761 1552 876 1626 SUIS

535 1911 568 1975 S.
586 1910 623 1977 P.
639 1911 684 1977 D.

73 2320 304 2443 Moumus
321 2391 440 2467 nuper
455 2393 477 2443 a
492 2370 699 2469 bibliopolis
725 2396 822 2447 nova
843 2374 922 2470 jam
952 2398 1046 2471 opus
1072 2397 1149 2447 esse

72 2480 238 2552 editione
253 2482 326 2553 mei
342 2481 539 2558 Medicinae
561 2481 787 2574 Themeticpc
804 2483 1043 2578 Conspectus,
1060 2507 1150 2554 eun-

72 2589 156 2664 dem
174 2591 297 2664 denuo
323 2595 525 2680 retractavi,
551 2594 652 2667 etad
671 2603 848 2680 vestrum,
874 2591 1078 2666 Auditores
1094 2592 1150 2665 iu·

75 2704 194 2801 genui,
220 2729 340 2791 usum,
365 2730 465 2781 nuuc
481 2707 617 2780 iterum
634 2705 787 2804 profero.

119 2816 360 2915 Experientia
402 2819 503 2895 haud
541 2842 744 2917 paucorum
776 2841 969 2905 annorum,
1006 2816 1148 2891 discens

77 2928 205 3023 pariter
229 2940 343 3029 atque
371 2931 505 3006 docens
534 2941 651 3005 artem
680 2930 873 3018 medicam,
899 2929 1012 3029 probe
1037 2953 1148 3002 nove·

78 3061 148 3112 ram
166 3066 275 3138 quam
293 3043 406 3130 utilis,
430 3068 544 3142 quam
560 3044 780 3118 necessarius
798 3067 893 3141 saepe
909 3052 1003 3116 esset
1021 3041 1147 3139 hujus-

78 3152 174 3224 modi
190 3178 310 3229 rerum
335 3180 420 3253 quae
436 3157 475 3229 in
493 3155 788 3254 praelectionibus
804 3154 1039 3230 Academicis
1057 3166 1147 3225 trac·

82 3269 200 3337 tantur
229 3278 445 3365 conspectus
478 3293 565 3342 cum
599 3269 790 3367 professori
827 3278 912 3342 tum
949 3262 1147 3360 discipulis.

82 3371 261 3463 Quocirca,
286 3403 336 3452 ex
365 3402 442 3476 quo
469 3389 636 3478 tempore
652 3379 895 3453 honorificum
911 3376 949 3448 iu
967 3374 1064 3467 alma
1081 3373 1149 3447 hac

80 3483 271 3563 Academia
299 3490 456 3564 docendi
485 3514 623 3565 munus
650 3492 806 3588 adeptus
835 3511 962 3575 essem,
998 3508 1147 3559 mecum

82 3594 310 3690 decreveram,
337 3603 503 3701 meisque
531 3601 780 3676 Auditoribus
809 3600 1058 3698 promiseram,
1083 3595 1147 3668 ali·

83 3710 160 3804 quid
178 3711 404 3810 hujusmodi,
430 3715 478 3788 ad
494 3737 605 3789 usum
623 3737 751 3787 eorum
778 3736 839 3785 me
868 3709 1147 3809 quamprimum

83 3822 281 3911 editurum;
308 3827 410 3924 quod
426 3826 591 3926 profecto
606 3848 651 3899 eo
668 3826 782 3925 magis
799 3822 1041 3898 necessarium
1071 3843 1147 3893 esse

80 3936 289 4024 existimavi,
316 3939 403 4034 quia
427 3939 593 4013 ordinem
624 3935 900 4035 quodammodo
928 3957 1082 4019 novum,
1107 3932 1146 4003 in

76 4065 112 4116 re
133 4073 172 4124 us
190 4074 280 4149 quae
311 4073 400 4125 meae
427 4049 625 4151 provinciae
654 4060 742 4124 sunt
766 4045 974 4131 mactandis,
1000 4051 1146 4118 secutus

74 4178 192 4236 mem.

601 4299 623 4348 a
