2694 4792
219 329 291 396 542
617 296 878 390 comesurus
1056 332 1154 387 cnr.
1174 334 1311 390 xxm

220 515 353 588 idonea
377 509 549 610 imposita
581 509 749 609 ligatura,
779 534 867 607 ‘quae
897 506 1052 583 cochlea
1084 509 1136 584 ad
1167 510 1308 586 libitum

220 626 539 723 constringeretur,
576 624 760 697 femorum
789 621 934 695 arterias
965 621 1022 695 ita
1053 624 1307 721 comprimere,

223 747 269 812 ut
284 737 431 835 sanguis
448 759 512 833 per
528 759 586 808 eas
605 736 726 831 minus
756 733 943 819 transiens,
970 733 1095 831 inque
1111 759 1201 808 vasa
1217 738 1306 810 uteri

225 849 405 946 copiosius
430 860 469 920 et
493 847 628 945 majore
644 847 788 944 impetu
806 844 1006 930 derivatus,
1034 844 1112 918 haec
1127 847 1305 944 pateface-

225 970 282 1033 ret
307 973 346 1032 et
369 970 582 1057 permearet.
633 957 721 1031 Hoc
737 981 853 1055 genus
870 955 1002 1032 auxilii
1022 958 1097 1047 (cui
1112 982 1178 1032 sua
1197 959 1305 1056 piane

225 1070 456 1144 incommoda
473 1078 573 1166 sunt)
593 1092 733 1142 menses
750 1093 844 1168 saepe
860 1069 1169 1166 quamcitissime
1183 1072 1303 1168 expri-

227 1183 303 1266 mit,
316 1180 534 1277 juvantibus
551 1179 753 1277 praesertim
770 1180 941 1253 remediis
952 1180 1303 1278 quibusdamemol·

224 1291 398 1364 lientibus
415 1301 454 1365 et
471 1291 679 1366 laxantibus
690 1291 766 1389 jam
785 1292 956 1390 (Munxrl
973 1294 1180 1369 recensitis

275 1424 455 1477 Monam.
481 1403 581 1477 Cum
597 1403 695 1478 varia
719 1403 888 1490 remedia,
913 1427 1000 1501 quae
1016 1404 1067 1478 ad
1085 1430 1232 1480 menses
1246 1406 1298 1479 eli

225 1514 372 1588 ciendos
391 1516 662 1614 precipiantur,
686 1514 777 1589 adeo
793 1514 935 1589 diversa
963 1524 1007 1589 et
1038 1518 1198 1614 quidem
1226 1543 1297 1592 oon·

227 1629 334 1700 traria
360 1629 445 1715 sint,
483 1627 612 1701 medici
641 1637 707 1714 est,
743 1625 947 1723 diligentur
974 1651 1112 1703 cavere
1140 1631 1296 1730 nequid

227 1763 354 1813 eorum
384 1741 645 1838 intempestive
670 1738 894 1814 adhibeatur.
955 1738 1186 1816 Absurdum
1211 1753 1296 1815 certe

227 1850 330 1938 foret,
355 1864 394 1926 et
421 1877 515 1949 soepe
544 1852 856 1938 nocentissimum,
879 1849 1065 1927 validiora
1079 1853 1296 1933 stimulantis

227 1963 420 2058 praecipere
435 1963 551 2058 aegris,
571 1962 650 2059 jam
678 1960 827 2035 forsitan
844 1960 1156 2053 febricitantibus,
1178 1965 1295 2038 dolori·

226 2071 295 2145 bus
312 2072 489 2160 cruciatis,
514 2082 553 2146 et
570 2073 676 2147 variis
693 2073 811 2147 modis
828 2073 913 2146 satis
929 2098 1124 2175 superque
1140 2079 1291 2161 inians

144 2200 150 2209 ·
226 2191 265 2255 et
293 2183 359 2256 vix
385 2183 509 2257 minus
536 2184 718 2283 ineptum,
743 2184 977 2273 infirmantia,
1005 2200 1046 2263 et
1070 2189 1291 2277 sedantian

227 2296 441 2369 evacuantis
474 2295 688 2372 mulieribus
717 2297 812 2386 dare,
842 2298 924 2397 jam
950 2297 1069 2402 longa
1098 2301 1292 2378 valetudine

227 2405 348 2481 fractis
376 2417 487 2505 atque
515 2407 711 2500 exhaustis,
740 2419 779 2483 et
807 2410 952 2487 dudum
983 2414 1103 2490 nimis
1132 2414 1291 2490 relaxatis

228 2519 359 2616 Ipsum
388 2521 475 2594 vitae
498 2530 537 2595 et
561 2522 682 2598 victus
706 2522 881 2622 regimen,
906 2547 976 2621 pro
1004 2524 1165 2602 diversis
1192 2524 1289 2600 morbi

228 2632 344 2705 causis
360 2640 399 2704 et
416 2633 652 2731 temporibus,
676 2635 908 2735 corporisque
930 2637 1221 2724 conditionibus,
1242 2661 1289 2708 va

227 2742 319 2814 riare
334 2752 489 2841 oportet.
540 2745 795 2845 Rariquidem
806 2772 908 2823 casus
919 2751 1064 2848 quibus
1076 2752 1289 2856 perlongum

230 2860 378 2951 tempus
394 2857 606 2933 exercitatio
622 2882 698 2932 non
713 2862 917 2936 conveniat

279 2988 450 3042 nnuxln
478 2970 696 3046 Cavendum
722 2972 769 3045 de
785 2971 852 3060 his,
877 2997 952 3048 non
985 2972 1292 3052 secusacdealiis

229 3079 494 3152 evacuantibus
511 3082 690 3168 remediis,
715 3083 918 3183 iisdemque
934 3084 985 3159 de
1001 3088 1131 3175 musis
1152 3110 1197 3160 ne
1212 3083 1292 3158 vali

228 3187 330 3262 diora
346 3189 529 3266 duntaxat
545 3202 584 3268 et
599 3190 732 3272 acriora
749 3195 856 3273 valde
879 3198 1039 3276 infirmis
1071 3211 1139 3277 aut
1164 3197 1292 3273 mobili

228 3299 298 3375 bus
314 3301 566 3379 adhibeantur.

280 3435 435 3489 unnxv.
462 3416 678 3494 Cavendum
696 3442 772 3520 prae
787 3423 957 3498 omnibus
983 3446 1033 3497 ne
1065 3426 1227 3522 gravidis
1242 3446 1294 3520 per

228 3522 406 3597 incuriam
437 3525 595 3614 dentur3
622 3532 720 3628 quod
749 3523 954 3608 hemeritate
984 3535 1076 3609 satis
1107 3535 1296 3636 frequente,

228 3632 291 3704 sed
310 3634 463 3708 minime
478 3638 617 3729 decora,
638 3642 741 3717 haud
754 3667 834 3718 raro
849 3643 988 3720 factum
1005 3657 1079 3720 est
1131 3648 1297 3722 Honeste

228 3744 340 3817 etiam
357 3757 533 3824 matronae
551 3751 617 3827 hac
641 3754 689 3828 de
713 3779 753 3830 re
776 3757 1248 3859 interdumdecipiuntur,
1269 3769 1299 3831 et

227 3856 389 3931 medicos
406 3859 489 3934 ideo
505 3864 543 3937 in
561 3876 707 3964 turpem
735 3880 773 3942 et
797 3869 1045 3967 periculosum
1064 3898 1232 3948 errorem
1246 3872 1301 3946 du·

227 3978 340 4043 cunt:
366 3969 533 4072 innuptis
550 4001 647 4063 vero,
673 4004 721 4054 ex
746 3979 852 4078 plebe
877 3981 1017 4069 saltem,
1044 3985 1098 4058 de
1130 3987 1303 4062 mensium

226 4076 371 4155 defectu
389 4090 706 4183 conquerentibus,
724 4104 872 4190 propter
887 4118 1012 4170 causas
1029 4100 1127 4175 satis
1145 4098 1305 4177 maniles

225 4196 290 4279 tas,
314 4215 507 4296 nunquam
525 4209 664 4278 temere
679 4204 904 4281 credendum
920 4217 987 4283 est.
