2694 4792
199 366 272 436 348
613 371 868 433 CONSPECTUS
1047 371 1137 432 CAP.
1154 373 1284 434 xxm

197 553 349 633 forsitan
366 553 486 641 sudor,
512 577 597 653 quae
611 554 702 654 aegri
718 551 925 629 molestiam
942 550 1152 650 plurimum
1168 553 1286 630 solent

196 669 328 756 levare,
344 665 559 767 febremque
575 668 693 766 ipsam
711 665 810 741 haud
827 689 909 738 raro
925 665 1076 763 penitus
1092 666 1244 741 solvere.

246 803 488 857 mnxxxvnn
515 780 623 854 Alias
650 802 759 878 porro
774 779 993 855 secretiones
1017 786 1083 853 aut
1105 780 1282 854 exemtio

195 919 271 983 nes,
300 892 360 969 vel
376 895 491 967 nimia
506 894 692 981 fiimitate,
709 890 769 965 vel
785 890 914 966 saltem
932 890 1046 966 nimis
1059 891 1178 990 rigida
1193 915 1281 967 oon·

194 1009 383 1096 tractione,
407 1032 577 1082 vasorum
602 1006 830 1104 aliarumque
854 1004 1019 1103 partium
1045 1028 1127 1102 qnae
1155 1004 1200 1077 iis
1227 1005 1280 1078 in·

194 1121 370 1208 serviunt,
398 1119 609 1195 deficientes
634 1130 700 1194 aut
716 1118 923 1217 impeditas,
949 1116 1112 1190 remedia
1140 1115 1279 1190 emolli-

193 1234 293 1307 entia
317 1258 413 1333 saepe
439 1234 645 1333 expediunt
680 1241 718 1306 et
743 1239 974 1330 promovent,
1010 1239 1050 1302 et
1087 1230 1148 1314 sic,
1173 1228 1276 1304 verbi

192 1348 321 1445 gratia,
358 1346 504 1422 urinam
520 1344 582 1420 vel
611 1344 762 1420 salivam
791 1341 989 1442 aliquando
1016 1351 1180 1414 movent.
1230 1342 1276 1414 In

192 1457 277 1533 alvo
292 1473 418 1533 autem
437 1458 622 1546 solvenda,
640 1459 669 1531 si
687 1457 764 1530 haee
780 1464 912 1554 praeter
932 1464 1104 1527 naturam
1134 1454 1277 1528 astricta

192 1570 314 1658 suerit,
340 1570 546 1670 plurimum
562 1568 710 1654 valent;
735 1567 924 1641 interdum
942 1589 1008 1664 per
1024 1589 1064 1639 os
1080 1575 1277 1663 assumpta,

191 1684 294 1781 quod
311 1685 426 1758 rarius
454 1691 629 1769 tentatur,
655 1693 693 1754 et
709 1681 775 1755 vix
792 1681 862 1753 nisi
891 1679 961 1753 alia
977 1677 1088 1752 simul
1117 1679 1277 1750 remedia

191 1796 239 1869 ad
263 1795 390 1871 alvum
415 1795 638 1869 movendam
667 1793 753 1866 data
779 1793 938 1876 fuerint;
969 1791 1133 1864 maxime
1150 1801 1276 1864 autem

189 1932 259 2007 pro
275 1907 476 1981 lotionibus
495 1930 559 2004 per
574 1929 688 1978 anum
705 1904 836 1978 infusa.

240 2040 447 2092 m11xxx1x.
466 2018 654 2115 Denique,
680 2039 729 2090 ex
753 2015 945 2090 effectibus
970 2017 1046 2090 suis
1071 2018 1111 2091 in
1131 2039 1275 2114 genere

188 2152 353 2216 nervose,
379 2154 610 2229 quaeounque
634 2129 768 2203 horum
788 2130 880 2202 ratio
904 2129 1017 2204 fuerit
1049 2131 1273 2227 (smxxxn),

185 2241 373 2316 interdum
398 2242 505 2316 utilia
528 2241 648 2317 fiunt:
686 2242 805 2316 veluti
829 2243 869 2314 in
895 2243 1012 2315 nimio
1035 2255 1076 2316 et
1100 2242 1272 2316 morboso

186 2355 324 2454 vigore,
349 2355 408 2430 vel
435 2355 605 2455 generali,
630 2354 748 2455 qualis
773 2356 812 2427 in
836 2354 974 2428 insania
990 2355 1190 2454 aliquando
1206 2353 1272 2427 ob-

186 2477 361 2555 servatur,
373 2466 432 2541 vel
445 2468 844 2567 partiumquarundam
852 2491 929 2566 prae
940 2467 1272 2564 aliislcceLxxvs),

185 2581 304 2681 qualis
329 2581 368 2656 in
393 2578 552 2657 diathesi
565 2578 800 2682 phlogistico,
831 2588 897 2654 aut
922 2579 1023 2655 febre
1039 2581 1272 2667 vehemente,

184 2703 251 2767 aut
276 2694 573 2781 inflammatione,
599 2695 752 2781 accidit;
790 2705 856 2768 aut
890 2695 928 2766 in
965 2694 1081 2767 nimia
1111 2691 1270 2793 genens

184 2806 334 2879 nervosi
358 2807 591 2896 excitatione,
617 2830 789 2881 somnum
807 2806 1027 2905 repudiante
1044 2808 1158 2902 (ccc),
1184 2804 1269 2879 soli·

183 2916 307 3014 tisque
322 2919 492 2992 remediis
510 2921 586 3006 vix,
603 2930 640 2992 et
658 2919 783 2992 nevix
793 2919 958 3017 quidem,
975 2917 1157 3017 sopienda,
1173 2940 1267 3014 qua·

182 3027 227 3101 lis
243 3037 369 3102 mente
386 3030 500 3127 captis
517 3055 612 3128 saepe
628 3031 819 3132 oontingit
872 3031 917 3104 In
937 3030 993 3105 his
1010 3030 1123 3131 igitur
1148 3038 1187 3102 et
1218 3030 1268 3102 si·

183 3139 331 3214 milibus
347 3140 537 3240 exemplis,
567 3143 727 3216 remedia
744 3142 979 3230 mollientia,
1008 3142 1131 3217 laxato
1146 3150 1185 3214 et
1211 3165 1268 3215 so-

182 3251 264 3327 luto
280 3277 441 3352 corpore,
454 3277 581 3353 genos
597 3278 793 3329 nervosum
808 3254 1060 3342 infirmabunt,
1083 3253 1266 3352 vigorem·

182 3389 257 3462 que
273 3366 352 3465 ejus
382 3366 594 3440 morbosum
612 3368 795 3456 minuent,
825 3377 863 3442 et
890 3391 1061 3443 somnum
1088 3367 1154 3440 diu
1170 3367 1267 3466 vigi·

181 3473 274 3550 lanti
291 3478 546 3552 conciliabunt
598 3479 663 3553 De
678 3479 735 3556 his
751 3506 839 3558 vero
855 3493 895 3556 et
912 3481 1126 3580 hujusmodi
1151 3478 1265 3555 emol-

180 3582 351 3662 lientium
386 3591 633 3665 remediorum
674 3595 876 3684 effectibus,
918 3596 988 3673 sub
1020 3595 1092 3670 alio
1133 3594 1263 3695 eapite,

179 3707 304 3796 postea
320 3700 465 3801 plenius
481 3705 553 3780 erit
569 3707 764 3806 agendum.
