2678 4794
173 295 246 368 ³62
581 300 830 364 cousrscrcs
1007 308 1095 363 car.
1111 290 1260 364 xxvrr'r.

171 513 248 587 quo
259 487 339 586 jam
356 484 417 562 'sat-
427 488 610 586 superque
626 485 769 561 dictum
786 493 852 560 est.
903 483 1004 559 Nam
1021 484 1051 559 si
1079 485 1259 563 mollities

170 595 289 674 nimia
312 598 538 674 debilitatem
562 599 659 685 facit,
693 599 929 672 manifestum
955 606 1165 673 etcertum
1189 610 1258 688 est,

170 713 439 788 medicamenta
454 734 538 808 quae
553 710 654 784 illam
671 711 865 810 corrigant,
891 710 978 784 huic
1003 710 1115 784 simul
1144 734 1258 810 opem

171 826 391 900 esselatura.
781 830 783 834 ’

222 959 395 1014 chvrrr.
420 936 484 1010 Ex
501 936 779 1010 medicamentis
795 942 922 1009 autern
939 958 1025 1008 vere
1051 935 1255 1034 astringen-

171 1051 282 1138 tibus,
306 1048 477 1147 quaedam
501 1073 583 1148 prae
603 1049 742 1123 caeteris
766 1047 903 1146 insigni
929 1048 968 1121 vi
996 1047 1191 1121 roborante
1216 1048 1256 1121 in

168 1161 271 1237 fibris
287 1160 514 1249 musculosis,
534 1160 597 1235 vel
613 1161 763 1235 fortasse
778 1161 817 1233 in
835 1168 915 1233 toto
926 1183 1069 1259 genere
1088 1182 1253 1245 nervoso,

167 1272 305 1374 pollere
333 1273 519 1348 videntur.
588 1274 649 1347 Sic
672 1281 798 1347 cortex
827 1269 1024 1346 &aalma
1050 1269 1253 1369 afficienda,

168 1386 339 1484 quamvis
356 1410 431 1461 non
450 1384 719 1461 validissimum
735 1383 939 1482 astringens
954 1382 1174 1473 remedium,
1200 1385 1253 1458 in·

166 1506 225 1570 ter
257 1496 505 1573 efficacissima
544 1497 795 1572 roborantium
832 1496 966 1570 merito
1008 1496 1176 1584 habetur,
1216 1504 1252 1570 et

166 1610 274 1710 siqua
308 1611 451 1709 scriptis
489 1609 640 1684 medicis
677 1608 779 1695 fides,
816 1608 938 1682 multo
963 1609 1080 1706 magis
1109 1609 1252 1683 roborat

165 1746 299 1823 corpus
315 1747 429 1823 quam
446 1721 714 1798 medicamenta
737 1719 977 1818 astringentis
993 1719 1096 1793 haud
1121 1744 1250 1820 parum

164 1833 324 1910 fortiora
376 1836 482 1909 Idem
508 1857 659 1933 qnoque
684 1832 732 1905 de
755 1831 863 1920 ferro,
887 1832 1073 1930 variisque
1098 1832 1251 1909 medica

164 1946 329 2020 minibus
354 1971 402 2020 ex
439 1970 484 2019 eo
520 1944 729 2044 praeparatis
766 1945 960 2036 (uxnvrn,
995 1966 1104 2032 unu,
1141 1957 1249 2047 mcv),

164 2077 297 2130 verum
313 2065 380 2144 est,
391 2081 477 2155 quae
493 2080 589 2156 saepe
605 2082 673 2157 pro
689 2057 946 2132 roborantibus
963 2057 1135 2133 remediis
1151 2082 1249 2134 usur·

163 2177 250 2266 pata
262 2170 410 2270 egregie
425 2178 592 2270 prosunt,
604 2172 775 2270 quamvis
788 2172 902 2245 etiam
912 2171 1015 2269 copia
1027 2180 1106 2244 tam
1119 2174 1249 2274 exigua

163 2278 349 2370 devorata,
374 2290 420 2356 ut
435 2284 503 2356 vix
530 2283 703 2358 credibile
728 2284 775 2358 sit
802 2307 868 2382 per
883 2283 1088 2358 mixturam
1105 2295 1172 2359 aut
1192 2309 1248 2384 au

163 2393 386 2492 positionem
402 2395 666 2495 particularum
683 2420 730 2470 ex
748 2397 885 2494 quibus
912 2405 1092 2484 constant,
1120 2397 1247 2473 solidas

163 2517 286 2605 partes
303 2507 459 2584 humani
484 2511 642 2610 corporis
667 2509 811 2583 densari
840 2517 879 2582 et
894 2507 1042 2597 firmari,
1074 2520 1119 2585 ut
1141 2509 1188 2585 ab
1202 2533 1249 2585 as·

164 2619 414 2719 tringentibus
443 2622 615 2696 remediis
641 2621 769 2696 solent.
820 2620 1105 2695 Observandum
1131 2631 1248 2697 tamen

163 2742 230 2816 est,
256 2756 388 2826 parurn
417 2733 540 2809 adbuc
565 2735 664 2808 inter
679 2734 841 2809 medicos
862 2743 1026 2809 constare
1042 2757 1137 2810 num
1155 2758 1247 2810 mera

162 2838 232 2912 hac
248 2843 287 2914 vi
313 2843 517 2932 roborante,
543 2869 636 2920 num
665 2845 735 2919 alia
763 2869 909 2943 prorsus
933 2857 972 2920 et
997 2847 1123 2922 minus
1145 2845 1244 2921 intel·

162 2946 257 3024 lecta
289 2953 440 3040 ratione,
470 2965 596 3029 cortex
629 2955 693 3028 ille
722 2955 920 3032 Cincleoaoe
953 2957 1152 3057 rffcinclis,
1184 2979 1244 3057 per

162 3060 301 3135 multos
324 3062 404 3160 jam
435 3086 550 3138 annos
578 3065 670 3139 adeo
696 3065 880 3158 laudatus,
906 3069 1020 3169 inque
1044 3082 1101 3146 tot
1116 3068 1245 3146 morbis

162 3175 406 3273 praescriptus,
424 3186 498 3249 tarn
516 3175 691 3252 salutares
704 3178 857 3254 effectus
868 3182 964 3258 edat.
999 3182 1056 3259 Et
1072 3184 1177 3260 facile
1190 3206 1248 3284 pu·

162 3287 269 3376 tebit,
286 3313 512 3388 quocunque
529 3291 642 3364 modo
658 3292 866 3366 remedium
884 3294 978 3369 illud
990 3298 1173 3373 morbooe
1180 3294 1248 3370 cui·

162 3423 277 3496 quarn
293 3404 451 3502 corporis
478 3403 681 3478 conditioni
711 3416 887 3494 occurrat,
917 3410 995 3481 vim
1017 3408 1183 3508 aliquam
1199 3431 1247 3480 ro

161 3508 353 3586 borantem
372 3514 483 3589 simul
494 3539 571 3589 esse
586 3516 822 3605 habiturum,
842 3521 1018 3618 quoniam
1037 3546 1169 3596 omnes
1181 3519 1247 3594 iere

162 3622 293 3709 morbi,
310 3635 504 3724 utcunque
517 3639 659 3716 natura,
677 3640 715 3705 et
725 3632 878 3730 origine,
892 3644 930 3707 et
941 3631 1148 3723 effectibus,
1159 3635 1248 3708 inter

163 3757 202 3808 se
226 3733 370 3823 diversi,
396 3738 466 3813 boc
491 3740 618 3816 saltem
644 3766 843 3820 commune
859 3755 898 3825 et
914 3756 1085 3820 constans
1102 3746 1246 3828 habent,

161 3855 207 3921 ut
231 3872 374 3946 corpus,
398 3852 460 3924 vel
486 3863 621 3943 toturn,
646 3855 706 3929 vel
729 3870 849 3955 partes
874 3858 954 3956 ejus
979 3858 1161 3956 quasdam
1178 3878 1246 3959 prae

161 3957 323 4058 reliquis,
340 3961 425 4060 plus
441 3966 566 4040 minus
583 3968 782 4043 infirmant.

211 4095 352 4164 mxcix.
370 4075 516 4150 Cuncta
533 4079 685 4155 demum
703 4081 780 4157 fere
794 4106 926 4169 amara,
944 4084 1246 4186 praesertimque

161 4208 209 4263 ex
226 4186 394 4290 frugibus
411 4188 636 4284 derivantur,
649 4197 812 4295 quorum
824 4194 1098 4299 visastriugens
1114 4196 1246 4299 exigua
