2678 4794
129 324 215 380 cnr.
232 324 302 379 xu.
400 318 622 376 nsmcruss
640 317 929 377 rasonnrrcs.
1132 313 1206 392 657

129 498 260 588 effluit,
285 498 345 575 vel
361 498 514 573 omnino
530 496 705 586 subsistit,
723 500 940 597 priusquam
957 508 1023 574 aut
1039 499 1206 578 multum

128 612 208 710 ejus
224 611 420 697 effluxerit,
443 620 509 684 aut
533 611 623 709 aegn'
651 610 747 682 vires
776 608 970 684 manifeste
996 612 1206 690 defecerint.

130 721 204 798 Sed
220 723 503 798 controversiam
520 721 595 795 fere
621 721 668 795 de
695 720 778 793 lana
793 721 950 820 eaprina,
975 734 1013 797 et
1036 724 1117 822 jam
1143 725 1208 801 ob-

128 835 291 922 soletam,
315 857 392 908 non
409 857 502 931 opus
519 842 575 906 est
590 830 707 906 fusius
723 841 886 908 tractare.
938 834 1037 910 Scire
1066 847 1122 911 sat
1151 849 1208 914 est

127 945 395 1045 experientiam
411 941 559 1018 abunde
581 942 662 1041 jam
677 942 952 1033 demonstrasse,
977 947 1080 1045 quod
1095 959 1135 1022 et
1151 974 1208 1023 ra.

127 1058 191 1145 tio,
216 1065 301 1155 post
317 1078 449 1129 verum
475 1053 664 1154 sanguinis
679 1066 825 1130 motum
843 1056 1125 1157 deprehensum,
1150 1062 1206 1136 vi.

127 1191 259 1267 resque
287 1190 374 1266 quae
403 1164 512 1240 illum
538 1163 783 1265 propellerent
799 1168 1016 1267 exploratas,
1040 1170 1208 1248 docuisse

126 1280 269 1365 debuit,
286 1300 436 1351 omnem
454 1277 643 1377 sanguinis
659 1275 924 1354 detractionem
940 1293 1025 1356 tum
1040 1284 1206 1359 maxime

126 1391 307 1490 prodesse,
324 1413 411 1463 cum
429 1399 565 1487 aparte
574 1387 770 1476 laborante,
787 1389 849 1463 vel
860 1389 948 1465 huic
958 1417 1073 1491 quarn
1083 1397 1208 1494 proisi.

125 1501 257 1576 malit
308 1502 395 1574 Hoc
411 1501 564 1598 quidem
581 1501 621 1573 in
637 1523 773 1598 magna
787 1511 827 1575 et
843 1502 1004 1600 generali
1016 1508 1206 1605 sanguinis

126 1612 352 1687 detractione
375 1614 528 1687 minoris
556 1613 739 1687 momenti
767 1625 845 1699 est;
870 1617 1064 1717 permagni
1080 1627 1207 1694 autem

126 1725 165 1798 in
183 1725 338 1824 speciali,
362 1748 429 1823 per
444 1724 643 1813 hirudines,
661 1737 726 1799 aut
740 1725 1010 1813 cucurbitulam
1030 1726 1089 1803 ‘ita
1104 1738 1149 1804 ut
1166 1730 1206 1804 in

126 1837 293 1935 plurimis
320 1836 685 1925 inflammationibus,
711 1862 797 1936 quae
812 1838 966 1928 nullam,
991 1839 1052 1915 vel
1069 1838 1207 1916 levissi-

125 1973 226 2022 mam
243 1960 388 2023 tantum
418 1948 558 2022 febrem
574 1948 783 2047 generalem
800 1947 948 2038 habent,
973 1953 1111 2052 exigua
1127 1976 1208 2026 om·

126 2061 216 2133 nino
232 2060 420 2158 sanguinis
435 2058 616 2132 detractio
631 2084 653 2130 a
668 2072 772 2155 parte
783 2060 1023 2152 inflammata,
1040 2062 1102 2136 vel
1118 2063 1206 2138 huic

125 2196 237 2271 quam
255 2172 434 2270 proxima,
451 2170 623 2244 morbum
636 2168 698 2242 vel
709 2194 855 2267 prorsus
869 2172 997 2260 solvat,
1013 2175 1074 2247 vel
1091 2175 1204 2272 insig-

126 2285 223 2358 niter
238 2282 417 2370 sublevet,
445 2305 533 2356 cum
559 2280 738 2360 maximae.
758 2281 948 2379 sanguinis
963 2281 1207 2360 detractiones

124 2421 148 2470 a
163 2396 312 2470 remotis
328 2392 494 2493 partibus
511 2390 603 2467 nihil
620 2391 823 2491 profuturae
851 2403 982 2468 essent.
1032 2394 1139 2482 Quin
1165 2404 1205 2470 et

125 2508 314 2583 interdum
331 2507 432 2579 idem
448 2505 583 2579 modus
599 2506 818 2604 sanguinem
831 2503 1048 2579 detrahendi
1064 2515 1104 2581 et
1120 2528 1206 2580 con·

125 2621 230 2695 venit
245 2630 283 2693 et
300 2618 438 2693 suffieit
453 2617 695 2716 adquasdam
716 2615 1025 2694 inflammationes
1041 2640 1205 2692 summo·

124 2732 273 2818 vendas,
298 2731 468 2830 quamvis
485 2731 598 2804 etiam
614 2728 757 2828 aliquid
767 2729 944 2828 generalis
960 2729 1071 2804 febris
1086 2728 1205 2816 sdsit3

123 2844 302 2918 nimirum
319 2842 408 2941 quia
424 2842 580 2917 irritatio
591 2842 707 2941 ipsius
716 2840 1017 2917 inflammationis
1033 2839 1204 2915 nonnihil

123 2955 232 3030 febris
248 2953 445 3030 accendere
461 2963 606 3054 potest;
631 2953 693 3026 illa
708 2962 836 3028 autem
853 2953 1024 3028 submota
1040 2952 1101 3027 vel
1117 2951 1202 3028 sub

123 3066 253 3157 levata,
278 3068 357 3142 baec
373 3067 493 3155 simul,
517 3065 578 3141 vel
594 3065 707 3165 paulo
722 3074 807 3165 post
823 3064 968 3139 desinit.

174 3201 384 3255 Mnxcvrn.
409 3179 594 3255 Nonnulli
611 3178 747 3253 medici
763 3177 912 3252 sibimet
933 3187 1203 3276 persuaserunt,

123 3289 225 3367 baud
240 3316 372 3391 parum
389 3293 428 3365 in
446 3292 575 3367 multis
601 3291 738 3366 morbis
767 3290 1032 3389 prestiturum,
1057 3289 1204 3388 sangui·

123 3424 212 3478 nem
228 3426 277 3477 ex
292 3404 432 3478 arteriis
448 3406 574 3503 potius
590 3428 703 3501 quam
718 3427 767 3478 ex
776 3402 882 3478 venis
898 3401 1087 3476 detrahere
1100 3429 1109 3489 ;
1134 3422 1204 3475 nec

122 3515 273 3590 defirere
288 3525 328 3590 et
343 3538 463 3614 nuper
479 3525 518 3589 et
533 3515 623 3591 olim
639 3516 707 3615 qui
722 3516 802 3591 ausi
819 3516 894 3590 sint
909 3514 1027 3589 varias
1052 3513 1204 3589 arterias

122 3627 194 3702 boc
208 3627 360 3703 oonsilio
375 3627 544 3702 incidere.
593 3626 777 3703 Nondum
792 3651 881 3702 vero
897 3635 964 3702 aut
980 3625 1122 3702 ratione
1136 3633 1204 3699 aut

123 3741 350 3839 experientia
373 3740 667 3815 demonstratum
684 3747 742 3814 est
764 3740 883 3838 magis
898 3738 1068 3839 prodesse
1083 3760 1132 3811 ex
1147 3759 1202 3810 ar·

122 3852 224 3926 teriis
240 3876 353 3952 quam
371 3875 421 3925 ex
436 3850 541 3926 venis
566 3850 786 3983 sanguinem
802 3851 970 3937 mittere;
996 3860 1035 3925 et
1050 3848 1201 3925 interim

122 3962 238 4063 probe
265 3974 418 4054 constat,
440 3964 615 4041 arteriam
643 3963 806 4039 incidere
830 3986 1027 4063 operosum
1055 3982 1202 4058 semper

123 4098 212 4162 ⁶8⁸0,
237 4083 277 4148 et
304 4076 453 4153 fortasse
481 4077 740 4178 periculosum,
765 4100 852 4153 cum
878 4098 1013 4153 venam
1039 4071 1201 4147 incidere

109 4186 173 4295 pit
189 4188 510 4286 expeditissimum
536 4199 652 4291 atque
667 4188 894 4283 facillimum,
917 4199 957 4265 et
973 4185 1090 4285 (qnod
1105 4181 1200 4284 opus
