2678 4794
126 426 211 482 CAP-
229 425 317 479 XVI.
415 421 635 476 mumolum
654 421 943 476 THEORETICAE.
1126 412 1196 480 155
1242 465 1243 468 ,

125 603 248 690 lorem,
277 598 578 674 exercitationem
606 599 876 686 vehementem,
905 597 1050 695 aliaque
1077 600 1205 675 stimu-

123 714 243 801 lantis,
260 712 387 812 potius
403 712 443 784 in
459 711 552 784 vitio
567 715 690 785 esset?

167 849 272 902 nxx.
299 823 504 899 Plenitudo
530 823 578 896 ad
601 825 694 897 vires
720 833 884 909 vocatur,
909 821 992 895 talis
1017 825 1207 923 sanguinis
1295 864 1296 871 κ

126 938 363 1022 abundantia,
389 935 507 1032 qualis
524 935 621 1009 vires
646 945 835 1008 moventes
851 936 1035 1033 opprimat
1061 937 1206 1034 (nxrv).

129 1049 262 1150 lugens
292 1047 489 1147 plenitudo
517 1045 733 1144 hujusmodi
758 1047 1038 1122 incommodum
1064 1072 1209 1149 semper

129 1161 248 1247 efficit,
283 1175 323 1234 et
350 1159 468 1257 igitur
493 1158 541 1231 ad
567 1160 662 1232 vires
692 1159 764 1234 dici
793 1170 925 1257 potest.
975 1161 1208 1260 Frequenter

130 1283 252 1348 tamen
279 1271 492 1346 observatur
516 1270 724 1344 istiusmodi
751 1272 901 1358 vitium,
924 1271 984 1344 vel
1000 1274 1047 1345 ab
1069 1273 1208 1372 exiguo

135 1382 321 1483 sanguinis
335 1406 497 1470 excessu,
522 1381 670 1479 qualem
689 1381 832 1456 validus
849 1383 962 1456 homo
978 1385 1132 1482 impune
1149 1393 1209 1458 tu·

135 1495 244 1582 lisset,
268 1494 299 1569 si
315 1494 405 1568 vires
421 1495 511 1592 aegri
527 1517 751 1593 quacunque
775 1517 883 1568 causa
900 1482 1060 1571 multum
1088 1495 1212 1571 fractae

136 1604 278 1681 fuerint

175 1741 296 1794 nxxr.
322 1719 447 1793 Facile
463 1718 603 1817 patebit
629 1721 727 1794 varia
741 1719 985 1818 plenitudinis
1002 1744 1137 1855 genera
1163 1722 1213 1793 ei-

134 1830 214 1906 dem
232 1832 378 1906 homini
404 1830 515 1905 simul
535 1832 695 1906 accidere
712 1857 827 1931 posse,
851 1833 1094 1931 gravioraque
1117 1831 1215 1904 mala

135 1966 152 2018 r
166 1943 232 2018 tali
248 1944 512 2041 conjunctione
529 1968 623 2041 saepe
639 1968 716 2018 esse
732 1943 957 2044 profluxum

179 2077 312 2130 nxxm
341 2056 473 2153 Inopia
505 2056 692 2154 sanguinis
717 2055 878 2131 multum
907 2080 1059 2155 quoque
1084 2067 1215 2141 nocet;

99 2224 105 2238 .
137 2165 323 2242 hominem
340 2166 520 2254 debilitat,
545 2169 591 2241 ad
608 2169 734 2242 omnia
749 2169 839 2241 vitae
862 2192 1017 2242 munera
1033 2169 1216 2267 impoten-

138 2289 207 2353 tem
226 2279 363 2366 reddit,
390 2289 535 2353 motum
562 2281 750 2380 sanguinis
775 2280 949 2378 languere
967 2279 1063 2366 facit,
1088 2305 1217 2376 synco-

135 2415 216 2490 pen,
242 2390 512 2478 convulsiones,
529 2404 566 2465 et
585 2403 744 2464 mortem
762 2390 913 2463 tandem
931 2389 1094 2463 inducit:
1122 2392 1152 2462 si
1167 2391 1217 2463 le-

140 2505 213 2578 vior
230 2505 345 2576 fuerit
362 2503 525 2578 desectus
556 2512 593 2575 et
620 2502 840 2586 diuturnior,
866 2525 997 2598 corpus
1024 2502 1218 2588 marcescit,

141 2615 183 2690 ob
198 2615 389 2689 defectum
415 2614 648 2700 nutrimenti,
674 2622 713 2685 et
737 2611 946 2685 functiones
971 2611 1085 2711 ipsius
1114 2614 1220 2688 variis

141 2729 253 2802 modis
271 2727 462 2801 vitiantur.

184 2863 338 2914 nxxm.
376 2837 477 2912 Talis
506 2840 629 2939 inopia
659 2839 777 2913 oritur
801 2862 822 2910 a
846 2835 957 2937 longa
981 2839 1114 2925 inedia,
1139 2836 1221 2911 cibo

142 2973 259 3047 pravo,
285 2976 417 3049 parum
435 2952 636 3039 nutriente,
662 2952 722 3023 vel
746 2949 833 3023 boni
857 2950 929 3024 cibi
946 2975 1058 3049 prava
1074 2974 1222 3024 concoc-

143 3063 249 3150 tione,
274 3073 342 3136 aut
370 3063 552 3161 impedito
581 3063 802 3138 nutrimenti
827 3087 876 3135 ex
892 3087 936 3136 eo
953 3064 1071 3160 parati
1087 3063 1125 3135 in
1144 3086 1223 3136 san·

144 3175 291 3270 guinem
307 3176 459 3260 itinere;
485 3185 551 3248 aut
564 3176 735 3262 febribus,
752 3173 905 3271 aliisque
918 3175 1054 3249 morbis
1065 3177 1132 3272 qui
1149 3200 1224 3248 cor·

147 3309 213 3383 pus
229 3287 455 3361 exhauriunt
472 3297 511 3360 et
527 3289 799 3361 nutrimentum
825 3285 1059 3383 impediunt;
1086 3286 1146 3359 vel
1163 3286 1225 3360 de-

144 3421 245 3472 mum
273 3400 422 3473 avariis
451 3399 775 3485 exinanitionibuS,
805 3396 994 3495 sanguinis
1010 3399 1226 3496 praesertim,

144 3508 321 3607 imprimis
339 3513 371 3584 si
388 3512 446 3585 hae
463 3513 596 3586 subitae
619 3510 780 3586 fuerint:
807 3508 916 3582 lentis
942 3511 1041 3583 enim
1060 3511 1226 3585 exinani-

146 3621 306 3697 tionibus
331 3648 417 3697 vasa
443 3625 579 3697 mirum
608 3624 648 3696 in
674 3623 829 3696 modum
857 3647 895 3695 se
922 3625 1225 3697 accommodant:

148 3744 326 3828 praeterea,
355 3735 385 3807 si
415 3735 515 3807 lente
542 3735 713 3833 depletur
740 3757 882 3831 corpus,
907 3736 1134 3810 excretiones
1161 3736 1227 3808 mi-

149 3856 322 3930 nuuntur,
347 3855 500 3944 propter
517 3847 573 3919 vis
591 3847 711 3920 vitalis
738 3844 936 3932 defectum,
961 3849 1014 3921 ita
1039 3859 1083 3922 ut
1107 3859 1228 3920 reten-

152 3954 243 4029 tione
260 3956 417 4043 insolita,
435 3957 624 4032 insolitum
640 3957 874 4056 dispendium
893 3984 960 4058 pro
976 3961 1081 4058 parte
1097 3959 1227 4033 saltem

154 4065 247 4140 lacile
263 4079 532 4166 compensetur.
583 4071 699 4157 Quod
716 4072 745 4143 si
763 4071 884 4145 subita
909 4082 947 4145 et
964 4096 1099 4170 magna
1116 4070 1231 4142 fuerit

157 4177 358 4266 exinanitio,
371 4180 432 4254 vel
449 4182 550 4255 brevi
564 4182 708 4258 lethalis
725 4206 802 4258 esse
818 4196 950 4282 potest,
963 4182 1023 4255 vel
1041 4184 1228 4256 hominem

161 4283 203 4358 ita
217 4288 392 4389 frangere,
416 4304 460 4366 ut
478 4316 669 4392 nunqnam
688 4295 797 4393 plene
811 4293 1050 4370 convalescat
