2678 4794
125 361 200 445 296
533 378 783 438 cossrscros
982 361 1203 434 curans.

125 552 287 636 nominis
303 569 476 643 auctores,
492 553 734 639 contendunt,
750 547 905 627 romilio
929 550 1100 627 nordendi
1115 578 1214 655 saepe

124 673 304 747 sumenda
320 694 395 745 esse
410 669 456 741 ab
472 666 698 767 experientia
715 687 838 738 rerum
857 662 1074 761 juvantium
1093 677 1133 739 et
1149 667 1212 740 lae.

123 784 359 870 dentium,et
375 805 397 853 a
412 780 551 853 viribus
573 803 639 852 seu
656 777 847 851 conatibus
864 776 1018 850 Naturae
1033 778 1149 875 ipsius
1166 780 1207 849 in

124 896 204 972 aliis
233 892 411 991 exemplis
447 915 534 965 cum
572 891 755 965 similibus
793 889 926 964 morbis
962 889 1210 964 conflictantia

125 1009 221 1102 (va
237 1018 275 1080 et
291 1010 427 1103 seqq.);
453 1016 491 1077 et
510 1003 699 1079 interdum
729 1002 842 1077 etiam
871 1004 1015 1076 suariis
1032 1013 1209 1100 appeten-

125 1122 188 1194 tiis
211 1128 276 1192 aut
292 1108 480 1191 desideriis
496 1116 652 1191 insolitis
668 1115 775 1215 aegris
791 1114 1102 1214 contingentibus,
1127 1112 1210 1210 qui·

123 1231 202 1315 bus,
228 1238 404 1327 tanquam
431 1230 611 1303 instinctu
627 1228 801 1328 quodam,
827 1227 1083 1327 perducuntur
1098 1235 1137 1298 et
1153 1226 1207 1299 in·

123 1342 290 1421 vitantur
306 1342 354 1416 ad
371 1367 427 1417 res
445 1341 629 1430 salutares,
651 1352 690 1415 et
706 1340 947 1419 divertuntur
962 1345 990 1412 a'
1000 1338 1209 1438 perniciosis

123 1453 322 1552 (ocxnvr).
852 1514 854 1519 .
1140 1542 1146 1556 Ι

173 1588 385 1642 nccccnxr.
411 1565 494 1640 Alii
522 1591 612 1640 vero
636 1574 774 1665 negant
799 1563 955 1641 cornilio
971 1561 1141 1640 nordendi
1164 1561 1209 1636 ab

123 1676 182 1752 his
199 1678 307 1754 rebus
329 1687 430 1753 recte
446 1678 588 1765 deduci,
614 1677 802 1776 talemque
829 1677 1005 1750 medendi
1030 1676 1206 1749 rationem

122 1813 261 1867 nomen
302 1791 498 1866 medicinae
536 1789 721 1864 rationalis
754 1789 896 1863 mereri.
971 1787 1202 1862 Vocabulum

124 1914 225 1978 certe
242 1928 317 1977 non
335 1903 472 1977 meruit
488 1912 532 1976 ut
548 1901 595 1975 de
611 1926 656 1975 eo
681 1902 914 2001 disputatum
951 1925 1076 1999 neque
1099 1899 1147 1973 de
1168 1920 1207 1970 re

123 2016 204 2114 ipsa
232 2015 307 2088 ulla
333 2015 490 2103 existere
522 2024 645 2112 potest
677 2014 942 2099 controversia;
974 2037 1087 2087 nemo
1109 2012 1206 2087 enim

125 2149 234 2201 sanus
251 2125 451 2226 negaverit,
478 2125 567 2199 boni
583 2135 623 2200 et
639 2127 812 2225 sapientis
842 2150 920 2200 esse
936 2125 1082 2211 medici,
1100 2124 1208 2224 siqui·

125 2238 212 2312 dem
231 2238 417 2312 rationalis
433 2239 554 2313 vocari
571 2253 744 2337 nequeat,
759 2239 807 2312 ad
823 2239 978 2313 Naturae
993 2249 1159 2323 conatus,
1174 2246 1210 2311 et

123 2351 214 2451 aegri
231 2350 420 2438 desideria,
450 2361 489 2425 et
515 2351 783 2450 experientiam
812 2375 936 2425 rerum
967 2376 1053 2449 quae
1076 2350 1209 2448 juvant

124 2462 186 2538 vel
202 2462 354 2551 laedunt,
384 2463 485 2538 omni
503 2464 708 2538 attentione
723 2462 910 2563 respicere,
935 2472 975 2536 et
990 2463 1037 2536 ab
1053 2462 1099 2537 iis
1115 2482 1210 2562 saepe

127 2576 258 2664 doceri,
276 2579 369 2652 etin
388 2587 465 2652 arte
482 2601 548 2652 sua
564 2575 766 2650 exercenda
782 2576 901 2675 dirigi.

176 2711 394 2762 nccccnxn.
428 2689 534 2786 Saepe
560 2712 687 2764 revera
715 2689 952 2787 disputarunt
969 2687 1114 2774 medici,
1130 2686 1209 2786 qui·

128 2798 198 2872 bus
222 2799 260 2869 in
279 2799 459 2897 exemplis
478 2801 631 2875 Naturae
660 2811 812 2874 conatus
840 2800 1041 2898 adjuvandi
1066 2822 1208 2898 promo-

124 2907 314 3004 vendique
340 2922 471 2997 essent,
505 2910 642 3009 quibus
676 2911 842 3008 sopieudi
875 2922 913 2984 et
945 2909 1208 3011 compescendi.

125 3020 263 3116 Neque
278 3042 364 3092 sane
380 3021 428 3093 de
445 3020 510 3094 tali
525 3045 565 3094 re
582 3030 763 3119 praecepta
780 3019 855 3094 ulla
872 3034 970 3097 certa
986 3034 1026 3098 et
1040 3023 1116 3097 fixa
1132 3021 1211 3096 dari

10 3131 14 3139 '
123 3140 302 3230 possunt;
339 3131 480 3229 quippe
509 3131 598 3229 quia
623 3132 765 3206 curatio
798 3134 919 3209 omnis
944 3134 1211 3210 accommodari

124 3243 236 3318 debet
251 3243 426 3345 singulari
444 3243 737 3343 uniuscujusque
753 3247 841 3345 aegri
859 3248 1072 3323 conditioni.
1105 3246 1221 3340 ,Ma

126 3354 200 3428 dici
216 3357 333 3454 igitur
348 3357 428 3443 erit,
444 3355 483 3430 in
501 3355 656 3454 singulis
672 3358 887 3434 morborum
905 3361 1095 3461 exemplis,
1119 3358 1213 3460 quid

123 3466 288 3541 maxime
316 3467 551 3566 profuturum
578 3470 626 3545 sit
651 3497 752 3572 aegro
775 3472 953 3571 judicare,
992 3485 1030 3549 et
1055 3475 1215 3549 Natura

123 3587 286 3666 oonatus,
309 3581 339 3655 si
356 3582 431 3655 tuti
447 3591 486 3654 et
502 3581 613 3657 utiles
630 3584 699 3659 visi
717 3585 802 3672 sint,
820 3587 1040 3672 secundare;
1067 3587 1125 3660 sin
1144 3587 1212 3661 mi·

125 3712 207 3777 nus,
224 3689 321 3789 ipsos
337 3716 405 3789 pro
422 3695 567 3783 morbis,
593 3696 653 3770 vel
678 3696 808 3772 saltem
834 3724 901 3797 pro
926 3700 1040 3798 signis
1065 3699 1212 3773 morbo

126 3822 222 3890 rom,
248 3803 390 3893 habere,
426 3816 504 3882 arte
528 3834 595 3884 sua
618 3809 679 3884 vel
703 3812 952 3910 temperandis
977 3811 1037 3885 vel
1061 3812 1215 3910 penitus

123 3915 302 3991 sistendis.
990 3990 993 3995 .

174 4049 403 4104 nocccnxnr.
434 4032 521 4106 Pan'
546 4035 697 4122 ratione,
735 4059 847 4135 sagax
872 4037 1039 4112 medicus
1064 4037 1113 4111 de
1138 4037 1214 4112 uti·

124 4139 229 4251 litate
252 4153 318 4233 aut
342 4145 505 4242 periculo
530 4149 716 4222 variorum
741 4149 978 4246 appetituum
1007 4150 1045 4224 in
1075 4149 1216 4224 morbis

123 4254 375 4334 accedentium
387 4256 581 4355 judicabit,
598 4269 637 4334 et
654 4260 805 4358 quando
820 4271 860 4336 et
875 4285 1075 4361 quousque
1091 4263 1140 4338 iis
1156 4263 1212 4336 in·
