2678 4794
125 352 198 421 200
520 366 771 424 consrccrus
1010 368 1197 427 car.x1x.

123 544 244 621 inanis
260 542 447 623 desidendi
463 544 654 642 cupiditas,
679 568 765 618 cum
781 566 918 641 magno
933 544 1038 634 nixu,
1057 548 1124 645 qui
1150 558 1200 622 ta·

123 679 213 734 men
239 682 365 758 parum
392 656 544 729 omnino
568 656 760 754 exprimat.
812 655 972 729 lrritatio
988 659 1121 743 omnis,
1147 655 1209 732 vel

124 770 239 869 ipsius
264 769 425 845 intestini
450 768 552 854 recti,
576 768 637 842 vel
672 768 834 867 partium
859 768 1073 854 vicinarum,
1112 770 1210 841 acria

124 885 294 982 quaedam
330 882 370 953 in
407 903 539 976 corpus
564 892 720 979 recepta,
758 880 1024 953 medicamenta
1047 877 1210 964 fortiora,

124 995 204 1071 aliie
227 992 418 1092 imprimis,
444 1016 530 1090 quae
554 992 654 1067 lente
678 994 831 1066 omnino
856 992 947 1066 solvi
972 990 1074 1077 solet,
1099 991 1209 1079 etad

124 1117 265 1180 rectum
289 1104 510 1179 intestinum
536 1130 656 1205 usque
680 1130 813 1203 parum
837 1114 981 1178 mutata
1006 1103 1207 1199 pervenire,

123 1215 195 1289 alvi
212 1214 338 1289 fluxus
355 1219 502 1316 gravior
518 1231 557 1291 et
574 1218 803 1317 pertinacior,
819 1215 1046 1316 dysenteria,
1058 1214 1209 1289 lroemor·

122 1326 235 1416 risis,
252 1350 407 1415 vermes,
424 1328 549 1404 fistula
561 1332 633 1418 ani,
650 1329 821 1418 calculus,
839 1328 1064 1403 vel-ulcusin
1080 1327 1212 1413 vesica,

122 1438 184 1511 rel
200 1440 239 1513 in
257 1440 426 1528 irretire,
446 1446 506 1515 &c
526 1453 736 1517 tenesmum
751 1464 846 1541 saepe
858 1441 1053 1515 inducunt.
1092 1438 1214 1512 Haud

122 1574 258 1653 parum
274 1576 371 1652 soepe
393 1564 512 1640 nocet,
537 1577 624 1627 cum
649 1554 787 1652 insigni
813 1570 928 1652 quam
955 1576 1054 1651 aegro
1070 1550 1214 1624 faoessit

123 1664 303 1753 molestia,
327 1676 410 1739 tum
435 1666 575 1739 viribus
613 1664 693 1763 ejus
718 1665 917 1752 exhaustis,
953 1664 1150 1762 frequente
1172 1672 1214 1737 et

125 1776 227 1851 inani
252 1780 357 1866 nixu,
382 1790 466 1853 tum
491 1802 642 1878 quoque
666 1779 738 1852 isto
759 1778 864 1864 nixu,
889 1777 1061 1876 prolapsu
1078 1776 1139 1850 ani
1156 1775 1212 1849 in·

126 1889 250 1976 ducto,
276 1901 314 1963 et
338 1892 442 1988 gravi
467 1891 669 1965 irritatione
698 1912 783 1964 cum
802 1889 967 1987 partibus
991 1888 1134 1976 vicinis,
1150 1910 1211 1963 ve·

125 2001 208 2087 sica,
225 2005 288 2075 &c
307 2005 586 2077 communicata.

176 2136 325 2188 ncxxx.
354 2115 527 2191 Inversus
556 2114 815 2190 intestinorum
832 2125 957 2189 motus
983 2138 1077 2211 saepe
1094 2112 1213 2187 obser·

125 2237 245 2315 vatur,
271 2230 323 2302 ita
349 2238 395 2303 ut
424 2254 479 2304 res
506 2254 598 2330 quas
627 2230 820 2304 continent
845 2227 891 2301 ab
909 2226 1142 2300 inferioribus
1165 2220 1213 2297 ad

126 2341 329 2437 superiores
360 2352 479 2440 partes
507 2340 722 2442 propellant.
779 2339 1012 2440 Hujusmodi
1042 2338 1214 2426 inversio,

126 2456 297 2550 quamvis
313 2453 443 2539 levior,
472 2456 608 2543 subest,
638 2455 819 2555 siquando
835 2462 905 2540 aer,
930 2477 996 2552 per
1012 2452 1214 2527 concoctio-

128 2588 215 2639 nem
234 2567 359 2642 minus
376 2592 499 2642 sanam
527 2568 740 2655 extricatus,
768 2568 807 2641 in
824 2566 1020 2640 abdomine
1037 2564 1214 2651 volvitur,

127 2678 173 2748 ad
203 2680 452 2756 ventriculum
484 2682 613 2781 surgit,
640 2679 700 2753 vel
724 2681 763 2753 in
782 2678 995 2753 ⁴ventriculo
1020 2676 1212 2775 incipiens,

127 2790 266 2860 ostium
296 2791 376 2886 ejus
406 2794 573 2890 superius
601 2792 745 2889 asperit‚
775 2799 814 2862 et
841 2791 986 2863 inverso
1015 2785 1215 2863 ventriculi

126 2908 233 2970 motu
263 2924 328 2994 per
357 2901 485 2998 gulam
514 2912 554 2975 et
569 2926 610 2974 os
636 2900 844 2998 expellitur,
875 2901 976 2997 quod
994 2910 1122 2976 ructus
1152 2924 1214 2974 vo-
1249 3000 1257 3013 ¹

127 3017 240 3082 catur.

175 3134 341 3195 Dcnxxt.
368 3120 527 3196 Gravior
540 3146 627 3194 vero
644 3122 852 3197 istiusmodi
870 3125 1026 3213 affectio,
1043 3150 1121 3200 non
1134 3134 1215 3200 aira

124 3232 250 3323 modo,
276 3234 340 3308 sed
364 3234 463 3309 cibos
488 3234 619 3308 crudos
645 3245 683 3308 et
707 3247 907 3336 corruptos,
947 3238 1007 3312 vel
1031 3238 1214 3338 quicquid

125 3342 280 3419 demum
305 3348 344 3421 in
370 3347 558 3423 stomacho
582 3346 705 3438 fuerit,
731 3350 909 3448 paulatim
935 3350 1061 3450 rejicit.
1115 3353 1213 3427 Sunt
1244 3366 1257 3377 ”

126 3458 262 3552 quibus
279 3459 361 3535 talis
375 3460 520 3535 affectio
537 3458 721 3536 familiaris
737 3474 802 3537 est.
856 3465 952 3538 Sunt
970 3466 1036 3563 qui
1049 3464 1213 3539 eundem

124 3579 282 3658 motum,
299 3572 373 3646 levi
391 3583 536 3662 conatu,
553 3575 600 3647 ad
617 3576 810 3650 arbitrium
828 3577 964 3650 imitari
981 3587 1020 3650 ct
1036 3577 1212 3651 inducere

125 3693 273 3771 norunt,
291 3695 330 3758 et
347 3688 398 3761 sic
414 3689 528 3761 instar
544 3687 648 3763 bovis
665 3689 852 3764 ruminari.

176 3816 361 3873 ncxxxn.
390 3799 520 3887 Simili,
545 3810 590 3874 ut
614 3801 776 3888 videtur,
802 3802 924 3887 mod0,
951 3802 1029 3876 sinc
1045 3802 1215 3877 molestia

125 3915 189 3980 aut
205 3910 309 4006 gravi
327 3913 432 3997 nixu,
459 3912 616 3987 infantes
641 3913 706 3999 lac,
737 3914 839 4011 quod
859 3914 1014 3987 nimium
1034 3917 1214 4003 suxerint,

123 4019 227 4094 facile
244 4033 282 4095 et
299 4022 422 4097 subito
439 4035 630 4099 evomunt.

173 4155 369 4210 ncnxxm.
389 4135 596 4234 Saepissime
608 4136 935 4211 veroventriculus
951 4138 1048 4212 malo
1059 4139 1213 4214 affectus

122 4244 414 4345 ingratissimum
432 4271 578 4322 sensum
598 4249 672 4335 dat,
701 4272 816 4348 quern
833 4272 1006 4324 nauseam
1024 4276 1210 4326 voramus.

121 4355 233 4436 Hanc
244 4382 341 4463 sape
351 4361 497 4463 vertigo
509 4362 709 4438 comitatur
722 4363 916 4455 (cccxvn,
931 4370 1108 4465 cccxx1).
1149 4364 1209 4440 In·
