2678 4794
124 426 213 484 oar.
230 426 348 482 xxxr.
418 423 638 481 maurorum
657 424 945 482 rnronarrca.
1126 412 1201 482 aas

125 605 191 704 jus
207 603 397 679 stimulum
413 613 452 677 et
467 603 619 680 aliarum
643 603 892 679 irritationum
908 602 1003 679 vires
1027 613 1066 677 et
1090 626 1205 678 noxas

132 717 270 793 facilius
287 718 452 792 tolerant.

180 852 394 921 nrccnxvrr.
434 830 544 903 Varia
575 830 842 905 medicamenta
878 827 1022 927 aliaque
1045 831 1207 905 remedia

129 943 293 1019 sedentia
318 944 489 1034 luccam,
505 952 544 1016 et
559 950 685 1040 seqq.),
709 966 785 1016 non
802 966 904 1016 secus
921 966 963 1016 ao
978 942 1208 1028 stimulantia

130 1057 336 1149 (ucnxxrr,
361 1067 399 1128 et
417 1061 542 1153 sequ),
568 1055 677 1128 variis
693 1056 818 1130 usibus
843 1056 920 1129 sive
949 1056 1142 1155 propositis
1166 1057 1207 1130 in

128 1191 281 1266 oorpore
313 1166 477 1241 humano
500 1168 675 1240 inservire
699 1177 864 1265 possunt,
898 1169 1013 1267 inque
1038 1168 1207 1268 plurimis

127 1290 170 1353 et
186 1279 389 1352 admodum
401 1277 554 1352 diversis
565 1278 778 1353 morborum
795 1280 991 1378 generibus
1007 1280 1078 1355 alia
1094 1291 1209 1380 atque

126 1390 201 1464 alia
216 1391 356 1463 ratione
372 1390 535 1464 multum
552 1391 731 1487 prodesse.
774 1391 963 1478 Quoniam
976 1415 1064 1466 vero
1079 1417 1209 1469 omnes

127 1526 259 1577 eorum
277 1502 430 1576 effectus
445 1492 654 1601 omnesque
664 1502 810 1576 morbos
826 1501 1016 1600 inquibus
1033 1503 1139 1578 utilia
1154 1528 1207 1579 re·

127 1624 233 1713 perta
249 1615 323 1687 sint
341 1615 560 1688 nominatim
576 1638 762 1689 recensere
773 1615 848 1688 fere
864 1614 1088 1713 impossibile
1103 1615 1208 1703 foret,

127 1724 191 1799 hio
205 1737 260 1800 sat
276 1724 388 1798 fuerit
405 1728 604 1824 praecipuas
621 1726 832 1802 affectiones
854 1727 1046 1814 morbosus,
1071 1729 1110 1800 in
1127 1728 1209 1826 qui·

127 1836 198 1911 bus
214 1837 377 1910 adhiberi
395 1837 521 1924 solent,
538 1862 764 1925 enumerare,
782 1840 882 1913 unde
898 1863 988 1914 usus
1000 1850 1040 1912 et
1055 1839 1209 1914 effectus

126 1971 258 2024 eorum
274 1951 314 2022 in
330 1949 408 2023 aliis
425 1962 464 2024 et
480 1951 658 2025 similibus
682 1949 938 2026 affectionibus
954 1949 1059 2024 facile
1074 1949 1209 2024 iutelli-

127 2071 278 2159 geritur.

182 2195 414 2249 Mecaxvrrr.
441 2173 630 2272 Imprimis
648 2174 774 2271 igitur,
798 2198 846 2246 ex
862 2174 1053 2248 effectibus
1069 2175 1144 2248 suis
1168 2174 1210 2247 in

127 2284 286 2372 cerebro,
313 2295 350 2358 et
367 2286 500 2373 nervis,
526 2295 564 2357 et
580 2284 767 2372 musculis,
792 2309 856 2359 seu
876 2309 1020 2384 genere
1043 2308 1209 2374 nervoso,

126 2407 175 2470 ut
191 2422 209 2469 a
228 2397 379 2471 medicis
396 2407 558 2482 voratur,
576 2396 790 2494 ubicunque
806 2395 876 2470 hoc
891 2405 1023 2494 praeter
1038 2407 1209 2471 naturam

125 2509 333 2583 excitatum
350 2509 472 2595 fuerit,
490 2509 607 2582 veluti
625 2509 664 2579 in
681 2509 832 2595 insania,
849 2520 914 2582 aut
930 2508 1044 2606 longo
1060 2517 1209 2580 tantum
1289 2581 1291 2584 ,

127 2620 332 2720 pervigilio
358 2620 464 2694 utilia
481 2620 541 2695 vel
558 2620 755 2693 necessaria
771 2621 878 2694 fiunt.
930 2621 977 2693 In
996 2617 1210 2718 hujusmodi

125 2757 216 2806 vero
233 2732 345 2819 malis,
371 2744 503 2831 praeter
518 2732 709 2807 narcotica
726 2741 764 2807 et
787 2733 1037 2832 refrigerantia
1053 2730 1208 2804 medica-

125 2854 265 2932 menta,
290 2844 420 2919 multae
444 2845 524 2919 aliae
548 2870 604 2918 res
621 2845 717 2919 bona
734 2846 896 2919 sedantia
912 2843 1072 2919 remedia
1088 2843 1209 2927 liunt;

126 2958 239 3031 variae
255 2958 454 3055 prasertim
485 2959 773 3043 exinanitiones,¹
790 2957 916 3031 omnia
932 2957 1006 3030 fere
1022 2955 1209 3030 emollien-

125 3069 181 3143 tia
196 3077 235 3141 et
251 3068 474 3143 infirmantia
488 3070 661 3156 remedia,
678 3080 716 3143 et
729 3069 854 3170 frigus,
872 3067 933 3144 vel
945 3071 1117 3143 universo
1133 3092 1208 3142 eor-

125 3169 209 3280 pori
226 3180 286 3253 vel
315 3182 426 3279 capiti
456 3186 617 3257 maxime
645 3182 862 3268 admotum
899 3204 1021 3280 neque
1046 3180 1210 3279 profecto

127 3292 226 3367 calor
242 3294 312 3366 rite
328 3295 514 3369 adhibitus
531 3297 606 3369 suis
622 3296 749 3369 usibus
764 3303 872 3368 earet.

179 3427 377 3481 ucenxrx.
404 3407 566 3480 Ratione
582 3431 656 3480 non
672 3406 831 3482 multum
850 3406 976 3492 aliem,
994 3405 1209 3502 ubicunque

126 3519 250 3617 gravis
267 3518 421 3592 irritatio
431 3520 543 3606 adest,
561 3521 760 3618 praesertim
774 3519 879 3593 dolor
891 3520 964 3593 fere
977 3519 1208 3615 omnigenus,

126 3643 195 3704 aut
212 3633 320 3704 tussis
337 3630 509 3729 frequens
535 3643 574 3705 et
599 3632 806 3718 vehemens,
833 3641 899 3704 aut
922 3643 1118 3718 tenesmos,
1143 3639 1210 3704 aut

126 3745 345 3841 stranguria,
371 3744 582 3818 sedantibus
611 3745 780 3819 remediis
808 3767 900 3841 opus
916 3754 982 3830 est,
1007 3744 1053 3817 ad
1079 3741 1209 3816 tollen-

124 3853 225 3940 dam,
251 3854 312 3927 vel
330 3858 452 3954 potius
469 3856 515 3930 ad
532 3855 817 3955 impediendam,
835 3843 1081 3930 'irritationem
1108 3853 1210 3926 illam

125 3968 271 4064 corpori
288 3966 452 4066 alioquin
469 3968 630 4042 multum
650 3969 854 4042 nocituram
868 3994 877 4052 ;
903 3966 1014 4066 hujus
1029 3989 1118 4038 vero
1130 3988 1209 4038 sen·

124 4100 172 4151 su
189 4089 229 4152 et
248 4078 449 4154 mobilitate
464 4105 530 4178 per
546 4082 624 4154 vim
648 4081 771 4153 idonei
789 4080 947 4156 sedentis
964 4078 1117 4153 remedii
1143 4079 1208 4150 mi-

127 4192 232 4264 nutis
250 4202 288 4264 et
304 4191 493 4275 hebetatis,
519 4193 691 4268 stimulus
708 4194 774 4291 qui
791 4192 864 4267 fuit
884 4193 1056 4266 admotus
1073 4189 1209 4264 eli'eotu

126 4324 196 4376 suo
212 4325 349 4402 magna
365 4328 413 4382 ex
429 4314 542 4404 parte,
566 4306 628 4381 vel
651 4306 811 4405 penitus,
836 4306 867 4382 si
890 4303 1097 4379 remedium
1122 4301 1208 4375 satis
