2678 4794
170 313 244 387 8⁰8
568 327 817 387 cousrncrus
1037 324 1123 383 cnr.
1142 326 1241 384 xxvi

169 511 296 605 parata
311 508 428 582 acuta
443 504 579 580 morbis
605 499 853 576 laborantibus
882 508 966 576 tuto
981 514 1138 600 possunt
1163 527 1252 579 con·

22 606 25 611 ’
167 616 261 693 cedi.
312 617 445 715 Neque
472 636 527 687 ros
552 612 644 686 levis
673 611 854 686 momenti
875 621 942 701 est,
971 622 1029 686 tot
1052 617 1249 713 prodigam

167 727 352 804 Naturam
365 746 558 825 suggerere
573 722 747 799 alimenta
762 724 904 812 idonea,
920 734 1122 823 eaquetam
1141 726 1251 798 facile

168 841 299 916 vanari
327 858 440 937 posse,
468 836 642 936 quoniam
671 836 761 936 aegri
778 835 854 909 fere
877 858 1019 935 semper
1034 858 1146 910 omne
1169 837 1247 910 cibi

167 974 296 1054 genus,
320 960 511 1047 utcunque
526 948 706 1024 idoneum
734 957 774 1022 et
795 949 917 1050 primo
932 960 1078 1048 gratum
1102 948 1249 1033 diisset,

166 1064 229 1139 cui
244 1060 470 1161 aliquamdiu
499 1062 738 1151 assueverint,
766 1060 972 1148 fastidiunt,
1000 1070 1040 1133 et
1055 1059 1171 1133 alium
1197 1059 1251 1132 ci-

166 1174 268 1260 bum,
284 1171 343 1246 vel
359 1172 522 1247 eundem
539 1173 645 1247 aliter
661 1183 822 1263 coctum,
839 1172 958 1271 magis
974 1179 1166 1271 appetunt.

212 1304 508 1360 occccnxxxvr.
526 1285 592 1361 Ex
601 1285 691 1360 cibis
701 1285 1000 1384 (nccccuxxxv)
1011 1282 1250 1374 enumeratis,

163 1418 274 1494 poma
299 1406 412 1495 atque
428 1397 525 1472 olera
542 1398 801 1472 tenuissimum
818 1396 1037 1471 alimentum
1054 1396 1248 1494 praebent3

163 1507 352 1607 legumina
367 1519 481 1607 atque
502 1509 639 1584 radices
666 1509 880 1606 (praesertim
898 1532 984 1607 quae
998 1507 1152 1582 farinam
1182 1507 1250 1580 ba-

162 1621 265 1709 bent,
282 1621 401 1695 veluti
417 1619 577 1718 bullato)
592 1618 705 1719 paulo
720 1620 887 1708 validius,
901 1619 954 1693 far
969 1643 1058 1694 vero
1073 1620 1248 1693 omnium

162 1732 318 1833 lingum
334 1733 446 1832 longe
459 1731 735 1820 validissimum,
752 1732 916 1806 triticum
933 1732 1116 1831 imprimis
1131 1740 1249 1830 atque

49 1858 53 1865 ’
163 1866 286 1946 oryza,
299 1843 524 1943 quae'multo
540 1843 656 1942 magis
672 1844 815 1918 nutrire
839 1844 1017 1919 dicuntur
1033 1867 1146 1944 quam
1162 1843 1248 1917 bor-

162 1956 276 2031 deum
295 1955 354 2029 vel
370 1978 493 2030 avena
545 1954 610 2028 Ex
625 1955 798 2031 omnibus
814 1980 904 2031 vero
919 1956 1064 2032 nullum
1094 1956 1246 2031 fortasse

162 2067 371 2166 sibigenus
400 2092 466 2141 sua
486 2077 622 2143 natura
636 2067 769 2143 melius
793 2079 859 2157 est,
889 2079 955 2144 aut
978 2069 1244 2168 egrotantibus

161 2179 488 2266 accommodatius,
501 2202 616 2278 quam
624 2178 744 2255 bonus
755 2181 859 2280 panis
869 2181 1120 2271 fermentatus,
1136 2181 1243 2280 quip-

159 2315 212 2393 pe
227 2316 305 2391 quo
320 2291 414 2367 nihil
443 2292 519 2366 fere
535 2291 660 2368 solutu
676 2302 715 2367 et
731 2304 907 2370 concocta
923 2293 1064 2369 facilius
1093 2294 1151 2382 sit,
1174 2300 1241 2368 aut

160 2407 282 2506 magis
291 2407 469 2494 nutriens,
485 2415 552 2480 aut
560 2404 744 2507 plerisque
753 2406 1016 2508 aegrotantibus
1026 2405 1241 2505 jucundius.

163 2505 277 2594 Panis
292 2519 419 2618 itaque
431 2519 686 2609 fermentatus,
702 2529 770 2595 sut
784 2518 916 2607 mollis,
943 2517 1006 2593 sed
1031 2541 1107 2592 non
1132 2519 1242 2594 nimis

159 2641 490 2717 recensentem
520 2655 617 2730 aqua
632 2641 768 2720 coctus,
793 2641 832 2707 et
847 2633 887 2706 in
904 2655 1057 2705 massam
1087 2638 1241 2707 tenuem

161 2749 201 2815 et
225 2741 475 2816 mollissimam
500 2745 679 2833 redactus,
703 2770 789 2842 quae
798 2742 955 2844 pouodo
970 2744 1068 2816 dicta
1084 2753 1152 2832 est,
1177 2750 1241 2819 aut

159 2850 314 2925 demum
340 2863 469 2940 tostus,
506 2855 687 2954 siquando
720 2879 818 2954 aeger
854 2857 1039 2929 sicciorem
1077 2854 1239 2955 aliquem

159 2959 282 3036 cibum
300 2964 452 3060 appetit,
479 2966 581 3061 quod
597 2986 693 3062 saepe
708 2966 850 3052 accidit,
868 2976 1044 3041 monente
1059 2968 1238 3043 nimirum

160 3074 238 3172 ipsa
262 3072 407 3148 Natura
430 3074 590 3150 fluidum
616 3100 763 3175 prorsus
786 3077 911 3152 cibum
941 3102 1016 3153 non
1042 3080 1238 3155 convenire

159 3187 310 3283 (ccxx),
325 3183 459 3260 idoneo
474 3185 767 3263 febricitantibus
783 3188 959 3266 alimento
974 3192 1054 3267 erit.

207 3319 527 3375 nccccnxxxvn.
552 3298 750 3375 Hordeum
767 3326 865 3391 vero,
883 3328 958 3402 prae
972 3306 1147 3382 omnibus
1161 3306 1238 3382 aliis

159 3406 232 3483 cibi
248 3412 455 3509 generibus,
483 3411 532 3486 ab
547 3413 810 3512 antiquissimis
826 3416 939 3490 etiarn
956 3418 1185 3516 temporibus
1200 3418 1238 3492 in

157 3520 295 3594 morbis
311 3524 430 3597 acutis
445 3525 699 3624 praescriptum
712 3527 786 3601 snit
797 3537 910 3625 atque
921 3527 1127 3616 laudatum,
1144 3528 1240 3606 mul·

159 3638 271 3730 taque
286 3632 334 3707 de
349 3658 394 3709 eo
410 3636 481 3711 rite
496 3638 699 3738 coquendo,
721 3646 761 3712 et
774 3639 883 3713 variis
899 3640 1019 3714 modis
1034 3665 1241 3742 praeparan-

157 3743 216 3831 do,
244 3745 377 3820 tradita
405 3759 494 3824 sunt
522 3760 704 3852 praecepta
730 3752 777 3825 ab
805 3751 885 3850 ipso
902 3753 1093 3826 medicinae
1123 3761 1240 3853 patre.

157 3855 218 3932 sic
233 3856 376 3954 ptisana
391 3861 502 3935 variae
512 3863 770 3951 crassitudinis,
787 3860 848 3937 vel
863 3887 959 3962 aqua
971 3863 1181 3954 hordeacea,
1193 3872 1243 3940 ut

155 3991 257 4043 nunc
280 3970 401 4044 vocari
426 3972 531 4063 solet,
568 3998 636 4073 pro
670 3974 753 4050 cibo
777 3976 912 4072 pariter
939 3986 1053 4076 atque
1076 3987 1173 4076 potu
1196 3975 1241 4051 in

154 4079 316 4155 febribus
342 4083 531 4159 amedicis
556 4086 812 4182 praescribitur.
864 4087 969 4176 Quin
998 4097 1037 4162 et
1052 4087 1242 4166 hordeum

154 4187 279 4288 ipsum
303 4193 416 4294 probe
441 4203 588 4272 coctum
614 4207 652 4272 et
682 4196 880 4289 mollitum,
904 4209 971 4278 aut
993 4224 1146 4301 purum,
1172 4209 1244 4279 aut
