2678 4794
130 457 222 512 car.
240 454 339 509 xvu.
422 450 935 512 nnmerum-armonem.
1149 446 1217 520 171
1256 462 1257 466 κ

126 659 156 707 a
170 643 265 719 cute,
290 628 356 705 red
386 631 640 731 multomagis
664 632 711 706 ab
735 633 815 730 ipso
843 629 1033 730 pulmone,
1058 631 1215 709 calorem

124 746 302 844 corporis,
327 768 404 842 qua
428 744 567 818 ratione
592 769 740 842 cunque
755 746 785 818 is
802 743 914 819 fuerit
930 745 1089 844 genitus,
1120 750 1216 820 tem-

123 880 255 958 perare
271 855 460 930 multum:
489 880 611 954 neque
635 855 847 931 incredibile
864 867 930 944 est,
955 858 1050 931 hanc
1067 882 1218 956 vapora-

128 972 270 1044 tionem
297 968 499 1066 aliquando
515 967 671 1042 calorem
696 968 906 1068 respirando
935 970 1107 1068 genitum
1132 969 1218 1068 plus

131 1106 246 1180 quam
271 1103 522 1178 compensare,
551 1089 590 1153 et
606 1104 738 1179 eorpus
755 1082 881 1180 itaque
897 1105 1023 1155 revera
1045 1081 1217 1181 frigidius
1282 1124 1285 1129 Α

133 1193 297 1268 reddere.

185 1326 334 1378 nuum.
360 1304 505 1378 Tamen
530 1304 636 1378 fateri
660 1313 816 1403 oportet,
841 1303 1002 1380 multum
1027 1305 1148 1380 adhuc
1163 1328 1219 1379 re·

141 1416 251 1514 quiri,
275 1425 318 1490 ut
340 1415 415 1490 haec
440 1417 567 1516 opinio
595 1441 662 1514 pro
689 1426 786 1490 certa
815 1427 854 1490 et
871 1412 1028 1492 stabiliti
1053 1417 1219 1492 doctrina

129 1527 340 1627 recipiatur.
416 1528 542 1602 Multa
566 1552 652 1602 sane
677 1539 715 1603 et
739 1527 984 1628 pulcherrima
1008 1529 1056 1602 de
1084 1530 1153 1604 bac
1179 1553 1219 1603 re

139 1641 268 1715 nostris
292 1641 520 1740 temporibus
537 1642 708 1716 instituta
732 1651 820 1716 sunt
845 1643 1109 1768 experimenta,
1134 1666 1221 1740 quae

138 1751 249 1827 fidem
274 1752 421 1840 samarit,
450 1753 622 1830 cbearicos
649 1754 800 1829 tandem
835 1754 1051 1829 idoneam
1040 1776 1220 1851 rngressos

134 1888 209 1940 esse
224 1865 337 1953 viam,
362 1890 478 1964 quam
507 1866 639 1940 frustra
620 1891 783 1990 nuper
807 1877 844 1942 et
870 1866 959 1940 olim
986 1864 1221 1964 quesiverant

134 1978 387 2073 mathematici
404 1990 442 2051 et
463 1957 688 2077 physiologi,
714 1992 757 2054 ut
782 1980 851 2053 hoc
869 1979 1022 2053 Naturae
1046 2001 1221 2052 arcanum

135 2089 352 2190 detegerent
368 2101 407 2163 et
437 2091 690 2188 patefacerent.
741 2091 877 2189 Neque
893 2092 1056 2190 profecto
1071 2091 1219 2174 mirum

134 2201 358 2277 latissimum
369 2225 553 2299 eampum,
571 2203 662 2276 adeo
672 2227 791 2301 nuper
800 2204 1035 2301 patefactum,
1050 2203 1221 2277 nondum

136 2315 188 2390 ita
202 2314 440 2415 exploratum
458 2340 544 2403 esse,
570 2324 615 2390 ut
632 2314 777 2414 plenam
797 2315 876 2414 ejus
903 2315 1074 2388 notitiam
1091 2314 1221 2388 habea·

134 2450 230 2503 mus.

185 2564 357 2617 nuxxvr.
376 2541 493 2615 Multi
511 2550 549 2614 et
565 2563 685 2638 nuper
701 2549 740 2613 et
749 2539 836 2612 olim
850 2537 1013 2625 fuerunt
1030 2536 1097 2635 qui
1110 2535 1223 2608 credi-

137 2646 275 2730 derunt
293 2656 417 2754 potius
434 2655 652 2753 sanguinem
663 2640 750 2725 alibi
767 2650 982 2725 calefactum
994 2650 1032 2722 in
1047 2647 1224 2747 pulmone

138 2766 352 2866 frigescere:
378 2767 471 2841 calet
496 2767 594 2839 enirn
613 2774 673 2839 abr
698 2765 829 2865 spiritu
847 2763 999 2838 emissus
1025 2784 1138 2860 quem
1164 2758 1225 2833 sri-

137 2880 272 2980 gidum
291 2890 528 2957 traxeramus,

191 3011 376 3068 nnxxvrr.
394 2992 484 3066 Alia
495 2992 775 3091 quoqueofficia
791 2989 892 3065 haud
908 3013 1023 3088 pauca
1035 2987 1130 3085 scrip
1131 2994 1228 3060 tores

139 3105 277 3179 medici
306 3105 476 3204 pulmoni
505 3106 783 3202 imposuerunt3
810 3101 979 3201 globulos
1006 3100 1142 3174 scilicet
1168 3122 1228 3171 ru

142 3216 230 3288 bros
256 3217 444 3315 sanguinis
473 3215 640 3315 fingendi
669 3229 707 3291 et
740 3213 922 3300 tornandi,
956 3188 1149 3308 multaque
1182 3210 1229 3283 ad

143 3327 259 3402 vitam
278 3329 487 3415 necessaria,
503 3329 732 3426 saggarium
748 3327 941 3425 imprimis,
967 3325 1014 3395 ab
1030 3332 1111 3396 aere
1139 3321 1229 3395 hau·

141 3441 274 3528 riendi,
292 3450 331 3514 et
349 3439 490 3514 similia.
541 3441 605 3512 De
622 3440 784 3513 hisvero
800 3436 894 3511 nihil
911 3445 986 3509 cert
987 3437 999 3509 i
1018 3445 1170 3522 constat,
1183 3458 1232 3509 ne

141 3553 300 3650 quidem
317 3552 483 3627 multum
500 3552 706 3626 verisimilis
724 3551 911 3624 habemus.

192 3687 397 3740 onxxvm.
424 3664 635 3763 Respiratio
651 3661 826 3736 naturalis
842 3661 910 3733 hac
927 3660 1001 3733 fere
1017 3658 1099 3758 lege
1116 3656 1232 3731 absol·

141 3776 259 3865 uitur,
287 3785 333 3850 ut
357 3786 518 3874 quatuor
542 3777 684 3850 circiter
708 3773 826 3848 cordis
843 3781 881 3845 et
898 3773 1111 3845 arteriarum
1138 3769 1235 3842 ictus

142 3889 237 3963 fiant
264 3899 432 3987 ternpore
458 3889 569 3963 unius
603 3886 858 3985 respirationis.
925 3885 1086 3959 Incitato
1110 3879 1234 3979 pulsu,

142 4000 297 4075 celerior
332 4000 551 4099 plerumque
583 4000 627 4075 fit
652 4001 813 4099 spiritus
847 4004 1052 4095 temperato
1086 3991 1232 4068 tardior.

144 4112 223 4185 Sed
248 4136 327 4184 non
352 4135 495 4210 semper
532 4113 614 4186 talis
643 4112 900 4187 convenientia
924 4109 1159 4183 observatur:
1194 4100 1234 4171 in

145 4223 356 4313 inflantibus
373 4225 482 4311 enim,
507 4225 643 4323 quibus
660 4223 788 4322 pulsus
804 4221 1055 4297 velocissimus
1071 4224 1137 4298 est,
1163 4210 1235 4307 spi·

145 4336 243 4410 ritus
260 4357 338 4409 non
350 4333 447 4418 ‚adeo
462 4336 577 4413 celer:
602 4336 701 4413 idem
720 4337 760 4412 in
776 4332 938 4417 febribus
964 4344 1237 4422 nonnunquam
