2678 4794
132 306 203 377 lto
509 304 756 377 bonsracrus
990 318 1078 377 car.
1097 321 1197 377 xvu.

30 580 32 584 ⁷
129 495 211 570 mul
239 494 436 584 claudatur,
461 503 610 596 propter
636 516 854 571 consensum
886 494 1098 596 (cccuvnr)
1128 520 1204 597 quo

125 608 188 684 hae
203 621 333 708 partes,
360 608 546 683 communi
562 630 714 683 munere
736 607 943 709 fungentes,
970 608 1204 708 conjungun-

130 730 202 796 tur.
241 722 344 796 Hinc
358 724 419 794 adr
434 728 537 793 tanta
548 721 587 794 vi
598 718 806 819 expellitur,
822 728 868 797 ut
878 721 1009 795 rimam
1020 716 1206 820 glottidra,

129 835 299 933 quamvis
326 833 469 907 fortiter
496 831 667 921 clausam,
691 832 840 933 aperiat,
868 842 908 907 et
932 832 1206 907 irritamentum

129 944 306 1044 quicquid
337 942 449 1018 fuerit
475 945 578 1043 quod
606 945 737 1021 tussim
765 942 998 1032 excitaverat,
1024 966 1119 1043 saepe
1148 941 1207 1015 di·

128 1066 274 1131 moveat
292 1063 330 1129 et
345 1054 486 1152 ejiciat:
512 1080 589 1133 non
615 1056 716 1132 utilis
731 1056 844 1131 modo
859 1057 966 1145 actio,
991 1055 1056 1131 sed
1084 1075 1207 1127 neces-

127 1166 262 1243 sarium
289 1168 378 1242 vitae
404 1168 585 1256 tut'ainen,
610 1170 750 1270 quippe
774 1192 860 1268 quae
888 1168 963 1243 sola
989 1165 1207 1266 pulmonem

127 1277 276 1353 liberare
292 1279 407 1378 possit
423 1280 470 1353 ab
484 1280 724 1369 irritamento,
751 1287 818 1355 aut
833 1302 954 1368 onere,
969 1278 1072 1377 quod
1087 1277 1206 1353 bomi-

126 1412 211 1464 nem
228 1391 331 1467 brevi
348 1389 552 1466 suffocaret.

175 1524 282 1578 ncvr.
308 1502 501 1602 Quicquid
518 1512 652 1603 praeter
667 1501 817 1579 solitum
833 1503 872 1577 in
890 1501 969 1577 istis
984 1501 1055 1577 viis
1082 1500 1207 1591 fuerit,

125 1638 258 1690 mucus
282 1616 361 1714 ipse
383 1615 532 1702 nimius,
569 1615 715 1713 spissus,
749 1614 882 1702 tenuis,
915 1638 1007 1701 acer,
1045 1612 1207 1713 sanguis,

126 1750 260 1814 serum,
277 1752 358 1826 pus,
374 1752 480 1825 aqua,
496 1725 627 1801 tussim
643 1726 827 1801 excitant:
852 1749 1002 1805 omnem
1018 1724 1212 1827 pulmonis·

126 1838 466 1927 inflammationem,
490 1860 714 1936 omnemque
729 1837 1002 1937 respirationem
1027 1834 1208 1911 difficilio-

126 1973 215 2036 rem,
240 1953 438 2027 comitatur
473 1950 547 2025 fere
583 1949 839 2048 inseparabilis.
902 1949 1006 2037 Quin
1041 1957 1080 2022 et
1107 1968 1208 2047 saepe

126 2085 250 2160 aspera
273 2063 413 2150 arteria,
439 2060 693 2160 benedicque
717 2061 827 2137 nimis
851 2061 1105 2147 sentientibus,
1140 2056 1203 2135 vel

124 2172 373 2261 inflammatis,
389 2173 449 2248 vel
462 2198 529 2248 suo
542 2197 661 2260 muco,
676 2174 743 2273 qui
760 2174 806 2247 ab
821 2180 904 2249 a'e‘re
919 2173 999 2272 ipso
1008 2171 1209 2249 defendere

127 2284 230 2374 solet,
254 2287 399 2375 orbatis,
423 2311 472 2360 ne
488 2287 701 2385 purissimus
718 2285 868 2386 quidem
884 2291 947 2361 adr
974 2286 1053 2360 sine
1069 2283 1206 2371 dolore,

125 2397 340 2486 irritatione,
364 2400 530 2498 tussique
545 2399 774 2486 vehemente,
792 2398 886 2474 trabi
903 2408 1034 2497 potest.
1085 2397 1208 2493 Deni-

127 2533 211 2608 que,
228 2511 395 2610 exempla
411 2535 485 2586 non
503 2512 636 2586 desunt
653 2512 718 2587 ubi
730 2537 753 2585 a
767 2511 866 2585 vitiis
879 2522 917 2585 et
934 2509 1207 2585 irritationibus

125 2619 278 2696 elianam
303 2623 475 2721 partium,
499 2622 559 2696 vel
577 2624 735 2698 universi
747 2622 902 2724 generis
918 2620 1077 2709 nervom,
1093 2620 1208 2696 tussis

126 2731 298 2828 frequens
323 2743 361 2804 et
392 2732 642 2807 molestissima
669 2735 827 2808 excitata
854 2735 985 2809 fuerit:
1019 2733 1118 2807 auris
1141 2730 1250 2817 ali-,-

127 2842 286 2935 quando,
310 2841 371 2913 vel
395 2845 589 2918 ventriculi
613 2843 673 2918 vel
689 2845 949 2920 intestinorum
966 2870 987 2919 a
1004 2844 1206 2932 vermibus,

126 2949 186 3022 vel
205 2948 336 3046 jecoris
360 2951 407 3024 ab
430 2951 728 3041 inflammatione,
765 2955 987 3031 irritationes
1016 2957 1086 3031 hoc
1110 2955 1205 3031 sece-

126 3068 224 3134 runt.

175 3193 298 3247 ncvrr.
323 3171 450 3246 Tussis
465 3196 616 3271 quoque
630 3173 823 3252 voluntate
838 3180 988 3254 excitari
1004 3187 1139 3280 potest,
1163 3192 1205 3256 et

37 3364 40 3369 Α
126 3292 207 3358 tum
225 3283 271 3357 ad
287 3283 478 3358 arbitrium
495 3294 662 3358 nostrum
687 3289 848 3387 regitur;
874 3316 969 3393 saepe
986 3292 1094 3365 etiam
1115 3316 1203 3367 cum

126 3394 413 3494 invita-prorsus
437 3404 502 3483 est,
527 3396 677 3470 eandem
702 3408 914 3503 temperare,
938 3403 997 3477 vel
1021 3405 1205 3479 contrario

125 3514 260 3580 conatu
285 3507 510 3604 supprimere
534 3532 749 3606 possumus:
778 3514 984 3589 vehementi
1010 3524 1136 3590 tamen
1151 3516 1203 3591 ad

126 3616 256 3690 tussim
274 3618 506 3716 propensioni
523 3618 626 3693 nullo
643 3622 751 3697 modo
768 3626 1012 3700 resistendum
1029 3637 1095 3701 est.

174 3749 314 3805 novur.
340 3730 514 3805 Excitata
541 3732 662 3822 semel,
687 3758 837 3834 pergere
867 3737 969 3825 solet,
994 3738 1113 3813 donec
1139 3738 1203 3813 vel

124 3851 321 3949 expulsum
339 3853 451 3930 fuerit
466 3856 747 3947 irritamentum,
769 3860 829 3934 vel
846 3887 971 3937 sensus
987 3864 1201 3939 irritationis

124 3958 277 4052 deletur,
301 3967 452 4063 sopitus,
487 3968 635 4043 fortasse
659 3982 850 4069 superatus
874 3974 995 4062 fuerit,
1031 3977 1200 4073 graviore

123 4099 242 4163 sensu,
267 4102 379 4175 quem
405 4080 483 4177 ipsa
507 4082 615 4155 tussis
632 4082 792 4157 dederit:
819 4094 900 4158 tum
919 4086 1098 4160 redeunte
1114 4098 1201 4186 post

122 4185 357 4265 intervallum
372 4189 585 4281 irritatione,
600 4193 709 4269 tussis
724 4194 848 4271 denuo
863 4197 968 4273 redit.
1018 4198 1123 4274 Hinc
1144 4223 1198 4273 ra·
