2678 4794
81 393 168 450 cnr.
185 393 313 449 xxxu.
398 390 619 451 Maurorum
638 393 925 455 annonarrcn.
1084 385 1153 453 451
1173 396 1175 401 ’

81 573 213 647 idonea
228 570 337 669 hujus
354 573 493 647 ratione
509 573 644 659 habita,
670 573 781 647 multi
803 572 1152 671 hominespessimis

79 686 215 759 morbis
232 684 388 782 putridis
404 685 568 783 alioquin
598 684 806 773 laboraturi,
832 686 909 758 sani
926 690 1038 783 atque
1054 686 1153 759 inco·

79 795 198 869 lumes
214 797 279 869 diu
296 796 468 871 vixerint.
519 796 655 894 Neque
671 799 795 871 minus
820 807 963 871 certum
992 806 1057 885 est,
1082 797 1152 870 im-

76 907 301 981 munditiam
313 908 518 1005 plurimum
529 932 668 996 nocere,
686 911 993 1008 gravissimosque
1005 909 1151 983 morbos

77 1020 256 1118 putridos,
269 1022 468 1118 praesertim
481 1021 608 1107 febres,
625 1022 721 1094 inter
733 1022 938 1095 sanissimos
949 1022 1062 1094 etiam
1072 1021 1152 1094 bre·

77 1132 117 1204 vi
151 1132 361 1231 producere.
412 1133 527 1220 Quod
555 1133 720 1230 profecto
745 1134 897 1207 minime
924 1135 1061 1208 mirum
1089 1141 1156 1220 est,

79 1267 165 1319 curn
183 1267 326 1342 corpus,
344 1254 387 1317 ut
404 1269 471 1318 suo
482 1244 560 1341 jam
578 1242 659 1317 loco
676 1245 882 1342 expositum
900 1255 966 1332 est,
987 1244 1156 1344 quamtis

41 1428 44 1432 ,
80 1355 325 1441 sanissimum,
342 1378 417 1427 non
430 1355 583 1429 aliterse
595 1377 724 1427 sanum
735 1378 948 1452 purumque
958 1362 1157 1442 conservat,

81 1490 193 1563 quarn
224 1464 443 1568 expellendo
471 1464 667 1565 particulas
697 1491 781 1564 qnae
802 1465 880 1563 jam
909 1477 1091 1566 corruptae
1119 1476 1159 1540 et

80 1577 204 1651 noxiae
227 1577 336 1652 factae
362 1587 472 1664 sunt;
497 1577 556 1652 hae
581 1600 681 1665 vero,
707 1579 738 1652 si
765 1602 840 1651 non
871 1579 966 1653 bene
994 1578 1159 1678 expulsa}

83 1689 231 1773 fuerint,
249 1700 316 1762 aut
328 1690 468 1786 corpori
481 1691 615 1763 itenrm
626 1690 796 1777 admotae,
813 1689 875 1764 vel
885 1690 926 1763 in
938 1688 977 1762 id
994 1699 1160 1788 receptae,

81 1809 274 1900 nequeunt
290 1823 364 1873 non
379 1823 518 1873 nocere.
544 1802 599 1872 Et
608 1802 836 1896 experientia
848 1814 1081 1900 compertum
1093 1811 1160 1888 est,

82 1913 359 1987 immunditiam
378 1910 648 1985 exhalationem
673 1935 739 2009 per
767 1920 892 1985 cutem
910 1913 1074 1986 multum
1090 1912 1160 1986 im·

83 2024 220 2123 pedire.
270 2023 384 2113 Quod
401 2025 431 2097 si
448 2024 502 2096 ita
517 2046 573 2095 res
589 2047 628 2095 se
643 2022 755 2096 habet
770 2023 809 2096 in
827 2024 932 2112 sanis,
957 2023 1061 2099 facile
1077 2049 1162 2099 con·

83 2136 197 2210 stabit
224 2136 504 2211 immunditiam
533 2136 691 2235 aegrotis,
721 2160 882 2234 quorum
911 2163 1060 2236 corpora
1081 2138 1162 2235 jam

53 2274 57 2283 ·
82 2247 316 2347 aliquatenus
333 2249 481 2348 putrida
502 2259 615 2346 atque
631 2257 801 2347 corrupta
817 2250 892 2322 sint
907 2250 1029 2322 multo
1046 2249 1162 2346 magis

81 2359 161 2434 fore
185 2363 446 2461 pemiciosam3
471 2361 574 2460 quod
604 2384 690 2435 sane
720 2361 948 2459 experientia
967 2360 1047 2458 jam
1077 2360 1163 2432 satis

83 2496 269 2574 superque
302 2474 578 2548 demonstravit.
642 2474 888 2572 Quapropter,
923 2473 961 2544 in
990 2469 1164 2544 omnibus

84 2586 223 2661 morbis
241 2586 409 2686 putridis,
426 2595 465 2659 et
480 2585 678 2685 praesertim
691 2587 729 2658 in
742 2587 786 2658 iis
796 2586 863 2682 qui
872 2583 1005 2658 febrim
1015 2582 1183 2669 habent,

83 2697 135 2771 ad
150 2697 374 2773 munditiam
401 2699 504 2771 omni
533 2721 620 2770 cura
646 2696 915 2771 attendendum
933 2705 1008 2781 est;
1033 2702 1072 2768 et
1088 2716 1165 2767 non

82 2809 198 2884 modo
213 2811 260 2885 ad
277 2835 426 2909 corpora
454 2822 492 2885 et
521 2811 743 2884 vestimenta
769 2807 1030 2906 aegrotantium
1054 2805 1164 2905 respi-

83 2921 272 3011 ciendum,
298 2924 362 2997 sed
378 2924 425 2996 ad
442 2947 571 2996 eorum
600 2920 753 2996 lectulos
782 2932 895 3019 atque
921 2918 1099 3006 cubicula,
1124 2928 1163 2992 et

84 3057 164 3133 prae
180 3036 351 3109 omnibus
367 3036 414 3109 ad
432 3045 513 3109 aera
530 3058 642 3133 quem
660 3034 809 3132 spirant,
835 3034 902 3130 qui
920 3056 1045 3132 purus,
1069 3031 1166 3129 opti·

85 3168 194 3221 mum
212 3148 425 3234 remedium,
451 3150 631 3246 impurus,
656 3147 857 3245 pessimum
874 3144 951 3219 fere
967 3167 1167 3229 venenum,

85 3259 299 3356 reperietur.
351 3259 645 3356 Cavendumque
654 3260 767 3333 etiam
784 3256 941 3356 nequid
959 3265 1167 3354 putreseen-
1301 3287 1304 3295 ·

85 3369 147 3455 tis,
165 3371 268 3467 quod
284 3380 363 3443 aera
380 3395 510 3444 eorum
527 3381 787 3469 corrumperet,
801 3371 843 3443 in
860 3367 1038 3444 cubiculis
1054 3391 1168 3465 aegro·
1211 3442 1216 3451 ,

86 3482 251 3556 tantium
269 3482 508 3579 relinquatur.
537 3545 540 3550 .
561 3481 844 3556 Observandum
862 3503 1011 3580 quoque
1027 3503 1102 3554 non
1120 3503 1168 3554 ae-

85 3595 320 3692 grotantium
332 3595 453 3680 modo,
466 3594 529 3666 sed
541 3594 765 3667 medicorum
779 3595 893 3666 etiam
902 3603 1016 3693 atque
1025 3592 1169 3666 adstan-

86 3704 198 3792 tium,
215 3707 421 3804 plurimum
433 3706 607 3779 interesse
619 3705 871 3780 utmunditiae
884 3729 995 3802 quam
1006 3705 1169 3779 maxime

86 3815 279 3903 colantur3
305 3819 356 3891 sic
372 3819 469 3890 enirn
488 3816 600 3890 simul
617 3818 821 3890 occurritur
845 3817 984 3905 morbo,
1011 3825 1049 3890 et
1079 3838 1169 3912 pue·

11 3992 22 4002 .
87 3932 243 4003 cavetur
259 3929 304 4001 ab
322 3928 401 4025 ejus
418 3928 646 4027 contagione.

138 4062 392 4115 mcccxxxnr.
409 4040 568 4117 Prodest
579 4063 731 4139 quoque
743 4039 844 4115 haud
856 4064 986 4140 parum
1004 4038 1097 4111 etin
1115 4061 1168 4109 ar·
1242 4074 1246 4082 =

88 4151 206 4226 cenda
223 4162 262 4224 et
278 4152 317 4224 in
335 4152 547 4252 corrigenda
558 4151 764 4251 putredine,
781 4153 988 4228 functiones
1000 4147 1078 4222 illas
1093 4148 1171 4220 aliis

89 4264 209 4338 modis
222 4288 448 4364 promovere,
466 4290 531 4365 per
547 4289 637 4364 quas
653 4288 710 4339 res
726 4273 976 4366 putrescentes
988 4285 1009 4334 e
1022 4281 1170 4358 corpore

585 4397 611 4450 a
629 4376 649 4450 f
659 4387 683 4452 2
