2678 4794
124 383 210 439 CAP.
227 375 281 436 IX.
394 375 616 435 MEDICINAE
642 375 930 437 THEORETICAE.
1149 373 1196 450 79

126 560 357 660 explicatum·
384 571 453 632 est.
519 557 592 632 His
626 582 777 657 quoque
811 558 1030 634 animalibus
1059 560 1199 660 pupilla

126 674 229 748 datur
241 668 497 757 mobilissima,
521 696 542 744 a
558 672 771 746 tenuissima
787 674 927 771 vixque
944 672 1079 747 visibili
1095 675 1198 761 rima,

124 788 159 861 in
185 807 369 885 magnum
399 781 590 871 cuculum,
619 785 821 859 secundum
850 786 978 860 lumen
1003 785 1105 883 quod
1132 795 1199 872 est,

124 924 193 974 sese
218 898 399 984 delatans,
425 905 466 969 et
489 895 623 982 retina,
652 905 698 970 ut
713 897 871 983 videtur,
898 896 1005 971 valde
1029 897 1199 973 sentiens.

125 1013 303 1101 Quaedam
320 1033 371 1083 ex
387 1007 445 1082 his
461 1009 690 1097 animalibus,
705 1008 778 1082 albi
793 1009 976 1108 AEthiopis
992 1010 1116 1096 instar,
1129 1006 1201 1082 ful.

126 1134 231 1224 gente
257 1121 334 1198 sole
363 1122 488 1195 minus
504 1121 642 1197 vident.
692 1121 761 1195 An
787 1108 959 1197 omnibus
981 1145 1046 1221 par
1060 1121 1201 1197 vitium

126 1239 206 1309 esti
255 1232 345 1307 Non
362 1232 521 1308 videtur.
571 1233 640 1306 An
656 1221 854 1306 arctissimi
872 1231 1023 1332 pupille
1038 1243 1199 1308 eontrac-

129 1348 229 1421 tione
244 1345 447 1444 corrigitur,
468 1369 542 1444 qua
559 1367 690 1445 parum
707 1345 798 1418 lucis
815 1345 854 1417 in
871 1345 1022 1419 oculum
1038 1344 1199 1419 admitti-

132 1461 224 1532 tur?
273 1457 338 1530 An
352 1456 522 1531 credibile
538 1468 594 1532 est
610 1457 692 1555 plus
710 1458 881 1532 minusve
896 1453 1081 1532 reflectere
1108 1457 1200 1531 lucis

133 1566 352 1646 clormtieam
367 1571 498 1670 ipsam,
526 1584 638 1669 prout
666 1571 731 1644 tali
747 1569 887 1645 auxilio
903 1595 996 1669 opus
1012 1570 1070 1658 sit,
1097 1577 1136 1643 et
1152 1568 1202 1641 fa·

131 1681 301 1757 trrltatem
330 1680 431 1756 illam
460 1681 581 1756 lucem
599 1681 809 1758 reflectendi
834 1682 993 1782 pendere
1018 1684 1154 1756 iterum
1180 1704 1203 1752 a

130 1795 313 1895 sanguinis
325 1795 365 1868 in
375 1795 627 1869 membranam
640 1794 871 1870 vasculorum
884 1792 1030 1892 plenam
1042 1790 1201 1878 influxu,

130 1931 238 2006 quern
265 1906 405 1982 animal
431 1904 705 2005 quodammodo
734 1911 866 2006 regat?
930 1904 1098 1980 Validior
1122 1926 1201 1978 san·

131 2019 248 2117 guinis
263 2029 403 2104 motus,
420 2027 458 2091 et
473 2016 557 2092 ideo
568 2019 659 2093 varii
671 2019 786 2093 animi
795 2007 965 2106 'affectus
982 2017 1107 2093 oculos
1122 2040 1201 2091 om·

130 2130 231 2205 nium
246 2127 476 2215 animalium,
505 2137 542 2203 et
558 2129 718 2205 hominis
733 2132 858 2229 ipsius,
888 2131 1135 2230 splendescere
1151 2129 1202 2203 fa·

130 2242 197 2318 cit:
221 2238 396 2317 deficiens
410 2241 577 2329 lrebetat3
595 2243 744 2342 penitus
756 2243 910 2317 demum
922 2266 1061 2317 cessans
1073 2265 1202 2315 eorum

132 2352 358 2452 splendorem
374 2377 521 2453 prorsus
537 2354 736 2453 extinguit.
753 2388 759 2402 ·

151 2486 154 2493 '
180 2487 313 2540 conv,
328 2464 462 2541 Multis
478 2475 517 2540 ct
533 2466 706 2564 gravibus
717 2466 816 2540 vitiis
829 2466 1011 2539 obnoxius
1027 2475 1082 2537 est
1094 2465 1205 2536 visus.

135 2577 300 2652 Acuitur
314 2575 497 2652 interdum
522 2576 617 2651 ultra
636 2577 804 2664 modum,
828 2577 880 2650 ita
898 2584 941 2648 ut
956 2598 1053 2674 aeger
1068 2573 1128 2649 vel
1152 2575 1207 2646 ni-

136 2687 185 2763 bil
200 2687 371 2765 (intincte
386 2689 523 2776 videat,
549 2687 609 2762 vel
627 2712 701 2763 non
719 2689 799 2763 sine
814 2708 952 2788 magno
967 2686 1101 2774 dolore,
1130 2686 1209 2786 pari

132 2802 270 2876 ratione
285 2825 329 2876 ac
353 2800 417 2875 alii
441 2825 577 2890 sensus,
602 2800 800 2901 agenerali
818 2801 978 2901 corporis
996 2800 1123 2875 habitu
1153 2800 1208 2872 ni·

134 2915 198 2989 nris
226 2915 422 3002 sentiente,
449 2939 470 2986 a
499 2913 674 3014 singulari
690 2914 826 2989 cerebri
843 2923 954 3003 statu,
986 2912 1208 3013 phreniticis,

134 3027 188 3099 tel
202 3029 318 3101 etiam
334 3025 413 3101 aliis
423 3026 723 3115 febricitantibus,
741 3026 917 3112 familiari,
935 3025 1054 3101 veluti
1066 3023 1209 3099 inflam-

135 3140 292 3213 motione
300 3138 439 3213 cerebri
450 3139 510 3212 vel
519 3139 598 3237 ejus
612 3139 907 3214 membranarum
921 3165 930 3224 ;
948 3138 1079 3236 saepius
1089 3160 1211 3211 veroa

137 3250 341 3325 conditione
358 3251 473 3350 ipsius
490 3251 598 3339 oculi,
614 3250 705 3327 lucis
722 3251 956 3350 impatientes
972 3249 1094 3322 fimus.
1145 3247 1207 3319 In·

137 3358 334 3438 flammatio
351 3365 490 3439 tuniooe
506 3362 668 3451 adnare,
693 3373 731 3437 et
748 3363 861 3462 partis
877 3359 1066 3434 anterioris
1081 3355 1210 3433 sclaro-

139 3472 222 3563 ticoe,
238 3475 286 3550 ad
303 3478 521 3575 posteriores
536 3487 657 3575 partes
670 3476 766 3550 oculi
784 3497 926 3573 serpere
943 3470 1055 3556 solet:
1072 3480 1111 3544 ct
1127 3470 1211 3545 ideo

141 3585 181 3658 ad
203 3585 446 3675 ctoroideam,
471 3599 509 3661 et
535 3587 695 3662 retinam
716 3588 853 3686 ipsam;
878 3584 965 3660 hinc
989 3584 1080 3660 lucis
1096 3584 1210 3682 impa-

141 3696 272 3787 tientia,
298 3699 414 3786 dolor,
437 3708 647 3798 magnaque
662 3699 828 3785 irritatio,
853 3697 1024 3773 delirium
1042 3718 1211 3772 nonnun·
1296 3702 1300 3729 ⁸

143 3830 244 3906 qtum
263 3811 445 3887 inducens
462 3809 521 3885 vel
536 3835 686 3911 augens.

183 3945 296 4000 conv,
323 3921 560 3998 Obtunditur
576 3947 672 4022 saepe
688 3922 799 4010 visus,
828 3921 888 3997 vel
912 3921 1020 4022 plane
1035 3920 1211 4017 aboletur,-

145 4028 212 4129 iptt
225 4046 346 4124 aetatc,
363 4056 452 4109 cum
466 4034 514 4108 ob
530 4034 680 4109 oculum
694 4034 898 4133 planiorem
908 4032 1059 4119 factum,
1076 4051 1213 4130 aquoso

145 4138 290 4229 humore
314 4171 393 4223 non
419 4146 514 4221 berte
538 4147 718 4246 suppleto,
744 4158 783 4221 et
805 4169 952 4231 cornea,
976 4153 1015 4216 et
1030 4139 1136 4225 bote,
1152 4132 1213 4207 vel

148 4256 252 4335 vitreo
268 4261 427 4338 bumore
445 4260 772 4348 marcescentibnsr
798 4268 882 4337 tum
898 4276 1049 4356 quoque
1064 4253 1214 4350 propter
