2678 4794
536 251 787 313 constectus
993 249 1079 306 (Ἢ.
1096 242 1197 303 xtu-

129 1007 223 1105 Cnr.
254 1004 505 1081 XVII.-De
529 1002 787 1105 respiratione,
813 1003 965 1103 qusque
992 998 1132 1087 usibus,
1168 1009 1208 1076 et

175 1115 430 1206 varietatibus,
446 1127 482 1194 et
498 1117 621 1202 uitiis,·
646 1140 740 1204 voce,
766 1114 921 1215 loquela,
946 1112 1054 1200 niro,
1082 1112 1207 1212 suspi-

174 1229 244 1317 rio,
276 1229 500 1319 oscitatione,
537 1229 632 1319 risa
650 1228 763 1333 fletu,
795 1225 978 1329 singultu,
1009 1224 1207 1327 dyspnoea,

177 1343 283 1434 tussi,
298 1343 582 1442 sternutatione.

129 2110 269 2169 nxnvr.
305 2053 527 2205 Suennnsn
554 2101 593 2167 et
620 2092 690 2191 alia
721 2092 863 2167 functio
895 2089 1016 2166 adhuc
1046 2089 1208 2165 conside·

130 2206 254 2294 randa,
280 2206 469 2305 respiratio
493 2229 640 2305 nempe,
666 2231 751 2306 quae
772 2205 858 2304 jure
882 2204 1003 2279 vitalis
1031 2203 1208 2288 hebetum

132 2319 309 2416 quoniam
325 2320 366 2392 in
382 2318 542 2406 homine,
559 2329 598 2393 et
613 2318 831 2394 animalibus
847 2343 932 2417 quae
947 2315 1105 2390 similem
1134 2338 1209 2390 cor-

132 2430 232 2529 poris
260 2440 481 2507 structuram
508 2431 656 2520 habent,
682 2430 871 2506 advitam
899 2429 991 2503 adeo
1015 2427 1211 2503 necessaria

134 2553 201 2630 est,
228 2553 345 2618 utne
374 2543 526 2642 quidem
555 2568 621 2643 per
645 2543 902 2618 brevissimum
928 2542 1103 2639 temporis
1132 2564 1210 2639 spa·

134 2655 232 2728 tium
249 2656 327 2730 sine
343 2656 508 2729 maximo
523 2656 758 2731 incommodo
773 2665 839 2730 aut
863 2655 1023 2729 instante
1048 2651 1211 2753 periculo

136 2766 310 2862 suspendi
325 2767 440 2864 possit
457 2769 521 2865 (v).

186 2897 338 2950 nxnvn.
365 2879 412 2951 In
428 2878 524 2951 foetu
541 2877 642 2952 nulla
658 2888 732 2952 est:
759 2877 883 2952 statim
900 2903 922 2950 a
937 2888 1045 2978 partu
1062 2877 1211 2978 incipit:

137 2986 285 3085 duplice
301 2997 408 3062 motu
424 2989 621 3086 perficitur,
650 2989 886 3087 inspiratione
901 2991 1080 3066 nimirum
1096 2999 1136 3065 et
1151 3014 1214 3064 ex·

138 3098 327 3198 pisatione,
352 3123 508 3198 quarum
526 3084 637 3174 nteit
652 3108 712 3174 aer
728 3099 767 3172 in
784 3100 999 3200 pulmonem
1028 3103 1214 3201 recipitur,

138 3199 251 3288 altera
266 3237 314 3288 ex
330 3236 375 3287 eo
389 3212 550 3287 vicissim
567 3211 773 3312 expellitur.

188 3348 360 3402 nxnvrn.
379 3324 611 3400 Medicorum
623 3325 936 3400 observationibus
943 3325 1121 3425 jam'satis
1131 3351 1215 3403 oon·

140 3445 222 3524 stat,
239 3437 455 3535 pulmonem
471 3437 640 3536 proxime
656 3438 725 3512 sub
733 3436 875 3538 pleuro
891 3448 1073 3514 costarum
1083 3438 1217 3538 jacere,

139 3547 243 3621 nullo
259 3549 395 3624 scilicet
411 3550 626 3648 interposito
642 3559 733 3637 aere,
754 3550 849 3624 sicut
864 3550 953 3624 olim
970 3551 1097 3650 opinio
1123 3551 1216 3627 fuit:

139 3660 314 3762 ampliato
339 3661 455 3760 igitur
479 3661 637 3750 thorace,
659 3671 815 3762 oportet,
849 3663 910 3737 vel
933 3687 1094 3738 vacuum
1120 3663 1219 3738 inter

137 3771 309 3874 plectrum
325 3772 619 3874 pulmonemque
635 3773 710 3861 fiat,
736 3774 794 3848 vel
819 3774 878 3849 hic
903 3799 1054 3874 quoque
1079 3776 1132 3849 sic
1147 3775 1219 3852 dio

138 3886 324 3975 tendatrn,
340 3896 386 3960 ut
401 3910 534 3961 cavum
547 3887 702 3961 thoracis
719 3888 854 3961 iterum
871 3899 1037 3962 accurate
1053 3887 1218 3987 impleat

189 4020 333 4074 nxmx.
372 3998 434 4072 Ne
457 4024 615 4074 vacuum
652 3999 727 4086 fiat,
752 4008 855 4073 vetat
891 3999 1073 4074 resiliendi
1098 4001 1156 4076 vis
1180 4008 1220 4075 et

139 4120 247 4190 aucta
262 4111 379 4212 igitur
393 4109 508 4188 moles
524 4113 614 4188 aeris
627 4111 693 4212 qui
709 4112 879 4213 pulmoni
894 4113 1000 4202 inest,
1016 4122 1055 4188 et
1071 4112 1221 4214 pondus
