2678 4794
124 336 211 394 car.
229 336 301 391 xx.
406 330 626 389 nmmcrnn
653 330 939 389 rnnonnrrcn.
1124 324 1197 401 2⁰7

175 534 318 589 ncxcv.
343 509 430 586 Hoc
445 512 558 586 modo
574 534 698 586 semen
721 510 964 586 masculinum
990 511 1195 589 multorum

127 625 339 701 animalium
364 634 488 697 totum
510 648 640 722 corpus
665 648 732 699 suo
758 624 889 697 foetore
905 624 1049 699 inficit:
1079 639 1117 700 et
1142 626 1201 711 fel,

126 740 164 813 in
181 737 308 811 morbo
324 737 427 835 regio
450 759 664 834 repressum,
690 736 729 808 in
755 737 974 835 sangninem
1001 737 1107 824 redit,
1137 761 1200 811 cu-

125 862 276 948 temque
291 846 426 921 flavam
443 848 539 934 facit,
556 857 697 922 etcum
715 849 820 921 urina
836 873 856 920 e
873 873 1022 947 corpore
1039 851 1138 935 exit;
1164 856 1203 923 et

126 963 291 1046 demum,
317 959 423 1032 urina
446 982 615 1056 repressa,
640 969 677 1032 et
703 960 742 1032 in
766 962 985 1059 sanguinem
1001 973 1200 1060 resumpta,

127 1084 250 1149 totum
267 1095 400 1168 corpus
416 1070 585 1157 inundat,
609 1081 647 1144 et
675 1071 714 1144 in
744 1072 866 1170 ipsum
894 1074 1091 1172 aliqnando
1107 1097 1203 1148 cere-

128 1185 235 1260 brum
252 1183 468 1257 effunditur.

176 1318 341 1370 ncxcvr.
369 1294 550 1368 Nondum
567 1318 655 1367 vero
676 1293 816 1393 prolata
841 1305 929 1370 sunt
951 1298 1120 1397 exempla
1135 1299 1204 1374 hu-

135 1409 245 1483 moris
268 1407 427 1505 cujusvis
452 1407 589 1497 secreti,
614 1408 653 1480 in
678 1431 817 1506 organo
842 1430 916 1482 non
946 1434 1014 1482 suo
1038 1409 1203 1499 formati3

137 1543 221 1593 nam
238 1517 305 1593 alia
319 1545 465 1618 prorsus
482 1521 574 1593 ratio
590 1531 646 1594 est
674 1519 837 1593 humoris
861 1521 941 1616 jam
967 1520 1125 1610 formati,
1149 1524 1204 1597 in·

137 1654 210 1730 que
224 1654 374 1706 massam
393 1633 580 1732 sanguinis
596 1632 719 1706 denuo
730 1635 920 1732 resumpti,
937 1644 974 1707 et
991 1636 1142 1708 tandem
1159 1635 1206 1709 ad

135 1743 248 1817 aliena
263 1768 399 1843 organa
415 1769 502 1819 cum
519 1745 696 1844 sanguine
712 1745 833 1819 delati.

182 1879 362 1931 ncxcvn.
400 1856 514 1931 Nulla
539 1859 745 1932 secretionis
777 1857 871 1931 ratio
909 1867 975 1931 aut
1011 1856 1208 1958 explicatio

136 1967 311 2060 hactenus
328 1968 413 2042 data
429 1979 503 2054 est;
528 1993 649 2068 neque
661 1971 822 2069 profecto
834 1970 967 2044 fabrica
983 1995 1207 2070 organorum

138 2080 403 2155 secementium
421 2081 596 2156 hactenus
613 2083 698 2156 satis
715 2093 804 2156 nota
828 2094 904 2169 est;
931 2107 1053 2181 neque
1069 2083 1208 2183 conjec-

137 2201 229 2268 tnrae
254 2192 349 2265 bene
374 2192 511 2280 multae,
541 2219 632 2293 quas
658 2194 804 2280 medici,
834 2204 917 2267 tum
947 2195 1210 2282 mathematici,

137 2316 219 2379 tum
235 2304 393 2392 chararici,
418 2306 465 2379 de
488 2331 614 2381 eorum
634 2307 760 2379 officio
784 2316 897 2403 atque
921 2306 1064 2379 actione
1080 2330 1209 2404 propo·

139 2427 301 2504 suerunt,
326 2417 488 2492 multum
505 2417 712 2492 verisimilis
728 2417 874 2489 habent.

184 2551 379 2604 ncxcv111.
405 2528 598 2629 Organum
616 2552 803 2602 secernens
828 2527 975 2601 formari
993 2527 1140 2601 videtur
1164 2551 1212 2601 ex

140 2642 230 2715 vasis
247 2642 467 2739 sanguinem
484 2640 714 2727 vehentibus,
740 2650 824 2713 tum
840 2641 980 2712 arteriis
997 2648 1081 2713 tum
1099 2641 1212 2726 venis,

143 2752 177 2826 in
194 2777 329 2828 cavum
346 2753 542 2839 hiantibus,
556 2751 615 2827 vel
634 2751 767 2826 ductus
785 2752 853 2825 sibi
869 2752 1062 2827 continuos
1080 2750 1213 2824 haben-

143 2865 249 2951 tibus,
275 2865 342 2962 qui
372 2865 565 2938 humorem
595 2874 775 2938 secretum
804 2888 880 2963 quo
905 2864 1013 2938 debet
1040 2864 1214 2938 deferant.

143 2975 231 3050 'lale
245 3000 427 3075 organum
445 2978 484 3049 in
501 2988 635 3050 certam
654 2976 808 3075 figuram
834 3000 920 3051 cum
938 2975 1011 3051 tela
1027 2976 1216 3051 reticulata

145 3087 350 3176 formatum,
376 3099 415 3160 et
438 3087 598 3161 firmiore
622 3088 787 3186 ejusdem
813 3089 896 3164 telae
921 3090 1130 3162 membrana
1154 3088 1216 3162 ob·

149 3199 310 3288 ductum,
322 3196 513 3298 glandula
530 3212 703 3275 vocatur:
729 3200 851 3301 qualia
869 3213 956 3276 sunt
967 3202 1086 3298 jecur,
1103 3223 1216 3286 renes,

149 3318 263 3399 testes,
273 3319 462 3411 praetuta,
478 3336 659 3399 mammae,
673 3314 838 3400 tonsillae,
852 3313 1046 3412 parotides,
1064 3324 1102 3385 et
1114 3321 1219 3387 caete«

148 3445 183 3497 ra
198 3448 283 3522 quae
298 3424 369 3497 oris
387 3423 558 3498 humores
583 3434 776 3498 secernunt
801 3449 947 3523 organa,
972 3432 1127 3523 cryptae,
1154 3448 1219 3497 seu

148 3533 294 3610 folliculi
312 3537 378 3632 qui
390 3560 542 3609 mucum
556 3546 621 3610 aut
632 3560 784 3634 unguen
797 3538 999 3624 continent,
1013 3542 1073 3609 &a
1107 3536 1218 3635 Splen

148 3671 306 3745 quoque,
333 3658 371 3719 et
387 3647 575 3721 cerebrum
593 3649 727 3746 ipsum,
756 3658 907 3747 propter
935 3648 1078 3723 fabricae
1095 3648 1220 3723 simili·

149 3760 327 3845 tudinem,
345 3760 440 3833 inter
450 3756 660 3858 glandulas
676 3784 740 3833 seu
757 3783 892 3858 organa
909 3762 1141 3846 secernentia,
1158 3778 1221 3831 an·

149 3870 330 3944 numerari
360 3870 498 3945 solent:
536 3881 634 3945 recte
659 3895 706 3944 an
736 3894 837 3943 secus
862 3872 1028 3944 nondum
1055 3880 1218 3954 constat;

151 4001 268 4081 neque
286 3981 447 4079 prolecto
462 3984 589 4057 melius
601 3992 742 4057 constat
755 3981 802 4055 de
812 3980 1012 4080 glandulis
1028 3979 1219 4081 congloba-

154 4092 196 4167 tis
211 4116 384 4175 vasorum
409 4096 675 4171 resorbentinm
703 4094 884 4184 (cocart,
902 4102 1099 4191 ccccxci),
1128 4113 1219 4163 num
