2678 4794
87 365 178 421 car.
196 362 279 416 xxr.
397 360 617 415 nnmerum
636 342 920 419 monumen.
1092 356 1184 434 255,

83 550 213 617 contra
227 538 342 611 nimia
357 539 527 613 omnium
543 538 709 638 rigiditas
721 541 915 614 transitum
934 539 1047 614 foetus
1071 542 1165 615 diffi-

82 652 245 728 ciliorem
272 649 419 735 reddit;
448 652 655 724 maximum
672 674 760 724 vero
786 652 991 751 periculum
1021 653 1165 745 instare,

84 765 115 840 si
131 788 242 863 prava
256 761 318 836 vel
335 763 430 837 uteri
447 763 506 836 vel
522 763 659 837 ossium
677 764 792 862 pelvis
809 765 942 839 fabrica
966 767 1087 851 fuerit,
1114 766 1166 839 ita

81 886 126 951 ut
142 876 223 950 haec
239 868 387 974 partuin
402 877 647 950 transmittere
659 886 855 973 nequeant,
872 899 941 949 nec
955 876 1017 949 ille
1024 877 1165 974 justam

82 991 160 1063 vim
178 988 299 1074 edere,
326 1011 448 1085 neque
464 1012 545 1060 eam
563 989 641 1061 sine
657 987 881 1063 lacerationis
898 988 1060 1087 periculo
1077 988 1167 1062 tole-

81 1125 170 1175 rare.
223 1098 404 1172 Mulieres
430 1124 580 1198 quoque
598 1100 770 1186 delicatae,
788 1101 934 1188 debiles,
963 1100 1071 1175 valde
1088 1124 1166 1172 mo·

82 1212 186 1300 biles,
213 1210 347 1285 doloris
373 1211 618 1309 impatientes,
651 1212 787 1286 morbis
821 1214 1018 1300 exhaustae,
1052 1235 1165 1309 quarn

84 1348 183 1399 sanae
211 1333 251 1396 et
264 1323 405 1411 validae,
434 1322 570 1420 majore
596 1325 759 1422 periculo
787 1334 987 1398 versantur.
1038 1325 1166 1421 Porro,

87 1434 192 1509 varia
207 1433 326 1521 soetus,
352 1433 546 1534 placentae,
575 1436 748 1533 funisqne
764 1438 864 1521 vitia,
893 1446 1042 1534 partum
1072 1462 1167 1536 saepe

88 1544 277 1621 difficilem
292 1548 464 1634 reddunt,
480 1546 678 1646 aliquando
695 1541 839 1646 pror'sus
856 1549 1091 1647 impediunt;
1106 1573 1166 1623 ve-

83 1657 157 1733 luti
174 1657 382 1734 deformitas
397 1660 521 1748 foetus,
538 1663 668 1761 ingens
681 1675 802 1759 caput,
815 1662 907 1735 situs
918 1675 1166 1746 monstrosus;

73 1770 258 1873 placata
276 1772 432 1846 insolitae
447 1776 542 1871 parti
560 1775 657 1848 uteri
674 1797 915 1861 concrescens,
941 1774 1039 1846 funis
1057 1772 1167 1845 nimis

83 1866 207 1984 londa,
243 1899 377 1984 praeter
400 1898 569 1960 naturam
595 1887 688 1960 circa
722 1886 857 1960 foetum
893 1895 1069 1971 contorta,
1103 1886 1166 1958 &a

85 1994 319 2095 Hujusrnodi
345 1998 521 2071 vitiorum
539 2000 697 2097 plurima
721 1999 832 2072 simul
857 2021 1069 2073 concurrere
1086 2021 1167 2095 pos·

85 2117 187 2196 aunt,
211 2111 401 2207 variasque
417 2111 532 2209 igitur
558 2124 596 2185 et
626 2113 874 2209 inexpectatas
890 2112 1055 2209 pariendi
1072 2110 1166 2185 diffi-

83 2218 241 2295 cultates
257 2221 409 2296 efficere.
464 2210 470 2223 ⁸

133 2356 381 2409 neccxxxvr.
401 2334 588 2432 Denique,
606 2333 721 2409 laclia
734 2342 818 2433 post
829 2345 977 2433 partum
991 2357 1086 2430 saepe
1102 2345 1167 2407 aut

83 2446 201 2521 nimia
216 2447 321 2545 copia
343 2446 478 2534 fluunt,
507 2457 573 2522 aut
602 2446 724 2519 subito
751 2446 1050 2545 supprimuntur:
1079 2444 1167 2516 utri-

83 2580 204 2657 usque
219 2558 303 2632 vitii
319 2560 412 2633 ratio
441 2569 480 2631 et
497 2558 674 2632 damnum
705 2558 809 2632 facile
825 2556 1091 2655 intelligentur,
1119 2578 1167 2628 ex
1216 2626 1221 2635 ,

83 2668 396 2770 dictislncccxr),
422 2671 621 2769 praesertim
651 2672 681 2744 si
697 2671 864 2743 animum
891 2669 937 2742 ad
955 2668 1025 2741 lroc
1049 2677 1166 2740 atten-

85 2780 227 2871 damus,
244 2784 432 2870 nimirum,
464 2808 605 2883 corpus,
634 2782 818 2855 doloribus
835 2781 1016 2880 puerperii
1034 2789 1072 2853 et
1088 2802 1168 2852 san-

83 2894 208 2993 guinis
218 2895 364 2993 jactura
380 2896 603 2971 exhaustum
630 2903 669 2968 et
684 2892 929 2980 debilitatum,
957 2893 1063 2966 valde
1090 2916 1166 2964 mo·

85 3005 158 3080 bile
174 3016 214 3080 et
230 3006 405 3080 irritabile
421 3006 520 3094 fieri3
547 3018 771 3104 uterumque
797 3007 932 3105 ipsum,
959 3006 1166 3079 delicatissi-

87 3139 195 3193 mum
211 3144 404 3218 organum,
433 3121 594 3196 multum
625 3120 820 3205 irritatum,
847 3119 894 3191 ad
911 3118 1166 3192 inflammatio

90 3248 177 3302 nem
193 3230 391 3328 proclivem
404 3232 527 3306 reddi:
554 3256 630 3331 quo
646 3232 690 3306 fit
706 3245 752 3307 ut
763 3232 955 3308 levissimae
967 3254 1083 3304 oausae
1100 3253 1166 3324 pu·

89 3363 231 3441 epperas
245 3366 343 3441 saepe
360 3343 454 3417 male
470 3344 640 3429 afficiant,
666 3344 880 3441 febremque
897 3341 1166 3425 vehementem,

89 3462 154 3527 aut
169 3450 499 3529 inflammationem
513 3456 608 3530 uteri
625 3454 671 3527 ad
684 3457 805 3533 vicina
817 3458 954 3527 viscera
969 3452 1167 3550 aliquando

89 3577 304 3666 rerpturam,
329 3577 368 3640 et
402 3568 441 3639 in
467 3590 700 3665 gangraenam
730 3567 833 3642 facile
858 3567 1072 3653 desituram,
1110 3590 1165 3639 ac·

90 3679 255 3753 cendant.
312 3678 499 3752 Vitiorum
530 3679 632 3751 lactis
660 3690 744 3777 post
769 3692 917 3777 parturn
944 3678 1165 3761 secernendi,

91 3792 248 3863 maxime
283 3789 547 3887 frequentium,
585 3791 677 3862 ratio
708 3789 785 3887 jam
812 3793 993 3886 (uocem)
1023 3791 1166 3863 reddita

94 3912 150 3976 at.

136 4035 389 4087 ncccxxxvrr.
420 4014 702 4089 Observandum
721 4024 785 4101 est,
809 4040 885 4113 quo
902 4014 984 4114 plus
1001 4011 1165 4112 pariendi

96 4132 129 4197 et
150 4124 309 4203 lactandi
335 4128 529 4225 negotium
554 4128 709 4204 Nature
733 4130 989 4212 committitur,
1022 4148 1066 4195 eo
1093 4122 1166 4194 lero
