2678 4794
181 352 231 423 20
590 359 842 419 cousrncrus
927 438 931 443 ι
1131 361 1217 416 css.
1235 362 1262 417 ι.
1297 436 1302 447 ,

176 570 197 590 ·
232 562 353 619 sxnr.
390 540 450 617 Ut
484 535 609 613 solidae
643 546 765 635 partes
800 533 991 611 interdum
1032 533 1264 625 flaccescunt,

180 653 410 735 molliuntur,
435 648 510 724 fere
534 648 743 738 solvuntur,
772 648 928 748 propriis
953 646 1171 722 muneribus
1197 650 1266 724 im·

180 790 287 865 pares
309 765 436 852 factoe3
463 762 515 837 sic
538 761 666 837 fluidae
689 784 962 859 nonnunquam
987 760 1199 860 spissantur,
1226 772 1266 836 et

181 877 223 955 in
239 898 370 951 massas
387 873 519 950 solidas
548 876 662 951 etiarn
679 875 891 951 durissimas
906 872 1135 981 formantur:
1161 872 1265 947 unde

178 1010 402 1087 organorum
418 989 580 1063 actiones
596 988 797 1088 impeditae,
814 986 918 1062 dolor
934 985 1100 1084 insignis,
1117 994 1156 1059 et
1172 985 1264 1059 varii

175 1109 219 1175 et
233 1123 364 1198 graves
381 1102 513 1177 morbi.

229 1234 343 1289 mur.
382 1214 589 1304 Postremo,
623 1212 827 1290 animantia
851 1210 1024 1310 quadam
1048 1208 1147 1283 inter
1171 1233 1266 1283 mor·

178 1320 463 1407 borum-musas
480 1327 702 1403 recensenda
725 1337 837 1402 sunt:
863 1323 1044 1398 nimirum
1060 1347 1146 1420 quae
1162 1347 1267 1397 susm

178 1435 298 1511 vitam
323 1437 480 1513 aliorum
505 1439 603 1513 malo
628 1438 798 1513 tolerant.
850 1436 936 1534 Ipse
960 1434 1177 1509 animalium
1198 1435 1266 1508 do·

177 1548 303 1622 minus
328 1549 544 1649 hujusmodi
568 1550 821 1625 animantibus
845 1547 980 1647 praedae
1002 1557 1060 1622 est
1083 1558 1123 1623 et
1148 1546 1266 1621 domi..

174 1660 271 1749 cilio,
296 1687 382 1761 quae
402 1663 463 1739 vel
486 1664 714 1738 extrinsecus
738 1659 934 1748 invadunt,
959 1658 1021 1734 vel
1044 1660 1147 1733 intus
1164 1657 1265 1732 babi-

178 1780 272 1862 tant,
288 1784 328 1851 et
344 1776 482 1851 viscera
496 1774 619 1850 adhuc
634 1775 714 1849 vivi
735 1773 885 1861 rodunt,
910 1796 1006 1872 saepe
1022 1796 1109 1847 cum
1126 1772 1266 1871 insigni

177 1885 279 1959 malo
295 1897 334 1962 et
349 1888 438 1961 vitae
455 1886 675 1975 discrimine,
692 1909 761 1961 nec
776 1909 856 1960 raro
871 1885 987 1984 ipsius
998 1883 1152 1983 jactura

226 2018 323 2071 bxv,
355 1998 496 2074 Verum
520 2022 644 2098 neque
668 2006 726 2072 tot
750 1997 939 2096 tantisque
963 1994 1134 2095 periculis
1151 1996 1265 2071 bomo

176 2104 329 2183 inermis
342 2109 534 2208 objicitur:
560 2134 694 2210 neque,
719 2109 831 2185 simul
847 2134 889 2184 ac
905 2110 1055 2184 morbus
1080 2109 1266 2196 invaserit,

176 2218 280 2294 nulla
304 2232 470 2321 superest
494 2223 620 2299 salutis
645 2246 739 2322 spes.
792 2223 896 2298 Inest
923 2222 1023 2297 enim
1041 2221 1184 2320 corpori
1208 2221 1265 2296 vis

176 2354 326 2430 prorsus
360 2335 546 2424 mirabilis,
583 2362 659 2436 qua
692 2345 821 2411 contra
844 2336 991 2410 morbos
1029 2358 1067 2409 se
1105 2342 1264 2420 tueatur,

176 2444 317 2523 multos
341 2459 471 2539 arceat,
497 2448 635 2525 multos
665 2448 744 2548 jam
770 2447 959 2524 inchoatos
983 2471 1098 2545 quam
1122 2447 1265 2545 optime

176 2568 216 2631 et
241 2559 416 2635 citissime
440 2562 569 2650 solvat,
607 2562 772 2661 aliosque
796 2586 864 2638 suo
888 2560 1010 2649 modo,
1047 2559 1095 2632 ad
1119 2558 1263 2634 felicem

158 2669 322 2771 exitum
342 2672 480 2746 lentius
496 2672 685 2770 perducat.

226 2800 340 2854 van
358 2781 455 2856 Haec
469 2780 740 2856 Aristocraten
757 2803 822 2855 seu
840 2779 907 2853 Vas
919 2779 1091 2853 thoroe
1106 2777 1263 2856 sardica-

175 2886 259 2963 tris
275 2898 449 2974 vocatum
475 2889 627 2969 medicis
642 2900 757 2987 atque
772 2889 998 2988 philosophis
1010 2889 1210 2980 notissima,
1224 2903 1264 2968 et

174 2998 341 3074 multum
366 3023 489 3099 neque
513 3000 702 3077 immerito
726 3001 914 3077 celebrata
982 3001 1080 3077 Haec
1114 3001 1190 3078 sola
1214 3005 1262 3079 ad

172 3109 314 3186 multos
328 3112 476 3187 morbos
493 3111 671 3188 sanandos
687 3111 837 3204 sufficit,
865 3113 905 3189 in
923 3114 1096 3190 omnibus
1112 3113 1188 3190 fere
1198 3115 1262 3215 ju-

176 3233 265 3301 vat:
290 3224 384 3326 quin
409 3235 448 3300 ct
472 3224 742 3301 medicamenta
766 3250 833 3303 sua
856 3236 989 3304 natura
1011 3228 1154 3328 optima
1181 3238 1261 3307 tan·

165 3342 261 3411 ¹tum
277 3335 513 3414 solummodo
528 3336 665 3427 valent,
690 3350 877 3438 quantum
893 3340 1006 3441 hujus
1022 3342 1119 3416 vires
1134 3340 1261 3417 insitas

174 3449 352 3539 excitent,
368 3451 541 3550 dirigant,
557 3451 777 3551 gubernent
821 3452 1009 3530 Medicina
1026 3453 1127 3528 enim
1137 3475 1261 3551 neque

174 3561 325 3658 prodest
336 3563 515 3653 cadaveri,
531 3575 899 3666 nequerepngnante
914 3577 1047 3643 natura
1058 3566 1261 3667 quicquam

174 3673 460 3771 proficit-Hic
475 3675 585 3776 plene
601 3687 657 3752 est
672 3677 815 3780 aliquid
843 3678 973 3755 similis
988 3687 1028 3754 et
1050 3680 1260 3754 communis

172 3784 272 3861 inter
287 3787 462 3867 salutares
480 3790 575 3865 vires
598 3791 859 3879 remediorum,
884 3799 923 3864 et
938 3800 1113 3865 nocentes
1136 3814 1260 3867 causa·

164 3922 259 3973 rum
276 3900 502 3991 morborum,
518 3901 978 4002 dequibusjam(xnv11)
996 3900 1224 4003 dictumest.

222 4034 354 4087 van.
382 4014 457 4088 His
473 4025 616 4089 naturae
632 4014 773 4091 viribus
788 4014 944 4089 vulnera
967 4006 1153 4102 sanamur,
1178 4039 1258 4090 san-

171 4124 297 4227 guinis
312 4125 439 4202 fluxus
465 4127 720 4226 compescitur,
745 4151 825 4230 ossa
849 4124 1016 4200 diffracta
1039 4124 1257 4212 coalescunt.

171 4237 294 4319 multa
308 4240 459 4318 noxiae
486 4262 637 4340 corpore
659 4230 870 4338 ejiciuntur,
895 4247 935 4314 et
959 4237 1020 4331 sic,
1046 4262 1131 4340 quae
1155 4237 1258 4317 nulla
