2678 4794
64 441 157 498 cnr.
173 437 289 496 xxxi.
358 433 581 492 momorum
597 433 889 496 rnnounmcn.
1069 430 1152 508 “4⁰9

64 617 271 697 commodis
287 638 364 689 esse
380 615 536 689 caritura
556 613 708 706 <scilicet
723 617 828 715 quod
844 615 972 692 alvum
988 617 1081 695 adeo
1098 644 1152 695 so·

63 734 119 810 let
136 731 320 824 astrictam
347 728 511 816 reddere,
540 736 580 801 et
608 728 659 802 sic
675 729 894 817 ventriculo,
911 743 950 805 et
967 732 1090 831 capiti,
1114 745 1152 808 et

63 846 217 946 quidem
236 843 307 916 toti
324 843 465 941 corpori
481 840 686 941 plurimum
702 850 860 942 nocere),
877 852 918 917 et
932 843 1049 943 igitur
1064 869 1151 919 cum

62 982 200 1057 magno
227 953 416 1042 beneficio,
445 954 485 1028 in
501 954 610 1029 variis
627 954 774 1042 morbis,
804 954 937 1031 saltem
966 957 1007 1029 in
1023 955 1152 1034 multis

64 1074 182 1174 aegris,
198 1068 377 1143 inlocum
393 1068 473 1166 ejus
489 1065 688 1142 suffectum
705 1067 763 1142 iri.

116 1202 319 1260 mccxxru
345 1179 467 1255 Aliud
492 1203 611 1279 genus
636 1180 988 1256 medicamentorum
1025 1181 1151 1258 sedan·

63 1298 178 1383 tium,
194 1293 444 1391 refrigerantia
459 1294 654 1382 nimirum,
669 1292 782 1394 longe
793 1293 897 1368 aliter
909 1319 951 1370 ac
962 1295 1152 1372 mareotica

64 1431 201 1508 corpus
217 1405 350 1491 afficit3
373 1415 413 1478 et
429 1407 599 1504 quamvis
615 1406 768 1481 effectus
793 1431 922 1482 eorum
946 1432 1069 1507 neque
1097 1410 1153 1484 in·

62 1522 159 1597 oerti
176 1541 296 1617 neque
311 1518 456 1592 obscuri
474 1519 559 1606 sint,
576 1529 701 1593 tamen
718 1518 884 1594 multum
900 1520 1004 1595 abest
1012 1531 1057 1596 ut
1073 1533 1152 1597 tan-

64 1644 105 1708 ta
123 1633 162 1708 vi
190 1654 232 1706 ac
257 1630 449 1706 mareotico
478 1632 745 1707 medicamenta
767 1632 808 1707 in
824 1657 974 1732 corpore
990 1633 1153 1709 humano

64 1745 240 1847 polleant.
1098 1826 1101 1832 ,

114 1880 296 1934 mccxxv.
324 1859 411 1933 Non
439 1867 495 1934 est
512 1858 760 1934 dubitandum
791 1860 885 1959 quin
903 1858 1152 1958 refrigerantia

63 1971 345 2058 medicamenta,
370 1971 525 2045 aliorum
552 1972 666 2046 instar
682 1971 903 2059 sedentium
923 1995 1051 2072 genus
1066 1994 1152 2047 uer·

64 2105 196 2160 vostras
211 2086 333 2184 primo
349 2083 531 2159 afficiant:
550 2084 616 2157 vix
632 2097 770 2173 autem,
786 2110 828 2161 uc
839 2110 887 2159 ne
903 2085 969 2158 vix
986 2084 1152 2183 quidem,

63 2222 133 2298 per
149 2198 304 2297 primam
321 2207 359 2271 et
376 2197 579 2271 naturalem
594 2221 697 2271 suam
711 2198 904 2283 actionem,
921 2206 989 2270 aut
1005 2220 1151 2270 sensum
1168 2213 1171 2219 ·

64 2310 233 2386 multum
250 2310 468 2386 obtundunt
484 2318 550 2384 aut
575 2333 742 2408 soporem
760 2308 946 2382 inducunt
964 2308 1151 2404 (Mcx1x);

64 2425 240 2523 quamvis
269 2447 541 2522 nonnunquam
558 2420 783 2497 occurrendo
798 2421 907 2493 variis
923 2420 1039 2494 causis
1058 2443 1152 2492 mor-

65 2536 177 2623 bosis,
193 2561 277 2635 quae
292 2535 352 2611 vel
370 2559 518 2609 sensum
531 2535 689 2609 nimium
703 2533 764 2607 vel
781 2533 945 2608 dolorem
961 2532 1154 2618 faciebant,

66 2647 131 2723 vel
157 2671 240 2745 quse
263 2673 437 2724 somnum
463 2647 726 2746 impediebant,
762 2657 966 2743 utrumque
998 2644 1154 2718 istorum

66 2759 274 2834 effectuum
290 2771 460 2860 praestare
476 2759 683 2834 videantur.
712 2745 716 2753 ⁸

118 2895 316 2948 mccxxvr.
343 2873 538 2946 Dicuntur
553 2872 737 2972 praecipue
762 2881 882 2971 partes
906 2894 992 2969 quae
1008 2870 1155 2971 sangui·

66 3009 154 3060 nem
181 2996 335 3060 movent
359 2986 516 3075 afficere,
541 2985 696 3084 ejusque
712 2996 860 3059 motum
885 2993 1099 3082 temperare,
1116 2994 1155 3057 et

70 3099 124 3172 sic
149 3100 341 3198 (quoniam
372 3111 447 3173 tam
478 3110 599 3175 arctus
624 3100 722 3173 inter
738 3109 882 3172 motum
914 3095 1101 3196 sanguinis
1117 3103 1157 3170 et

59 3211 228 3286 calorem
246 3214 404 3311 corporis
421 3214 615 3288 intercedit
632 3219 765 3310 nexus)
792 3211 861 3284 hoc
890 3209 1059 3308 fiigidius
1075 3206 1156 3280 red·-

64 3323 175 3410 dere3
201 3325 303 3398 unde
328 3349 463 3398 nomen
486 3350 596 3399 suum
613 3324 760 3398 habent.
814 3322 921 3398 sitim
935 3342 1087 3418 quoque
1102 3341 1156 3391 re-

66 3437 281 3534 stinguunt,
307 3447 346 3511 et
363 3437 551 3536 putredini
579 3435 809 3534 aliquantum
828 3433 995 3516 obstant;
1022 3428 1158 3505 scilicet

67 3573 153 3647 quae
169 3549 289 3622 ambae
305 3549 470 3623 multum
487 3548 673 3646 pendeant
689 3547 735 3621 ab
751 3548 896 3646 impetu
915 3545 1102 3644 sanguinis
1119 3552 1159 3618 et

66 3660 188 3735 calore
205 3662 375 3760 corporis.
1118 3746 1121 3751 ,

118 3795 336 3848 mccxxvu.
365 3771 647 3846 Observandum
667 3784 722 3847 est
747 3781 786 3846 et
802 3771 1015 3858 dolendum,
1044 3768 1157 3868 plera·

66 3909 143 3984 que
159 3886 521 3961 medicamentorum
539 3884 845 3986 refrigerantium,
862 3885 1011 3958 fortasse
1023 3880 1157 3966 omnia,

68 3997 193 4072 multo
211 4000 333 4074 minus
351 3999 509 4073 efficacia
537 4000 695 4072 existere
711 4021 823 4095 quam
840 4007 1007 4071 auctores
1023 3993 1157 4066 medici

68 4111 330 4204 crediderunt:
357 4137 477 4210 neque
503 4111 589 4186 ideo
618 4111 662 4184 iis
675 4109 762 4185 solis
779 4109 967 4183 fidendum
985 4130 1073 4192 esse,
1098 4115 1158 4177 ut·

68 4246 219 4322 cunque
236 4222 403 4312 laudatis,
427 4249 512 4300 cum
533 4246 691 4324 magnus
707 4222 896 4324 sanguinis
912 4221 1075 4318 impetus
1091 4225 1158 4294 aut

70 4334 202 4436 ingens
219 4339 380 4435 corporis
396 4337 491 4413 calor
507 4349 626 4438 urget.
