2678 4794
127 357 214 414 car.
232 353 380 410 xxxnt
432 351 647 409 smmcrmr
665 355 945 412 rusomrrrcrr.
1131 347 1203 414 535

128 532 277 607 insolito
292 531 558 630 impedimento
574 542 687 629 atque
700 533 844 621 renixu,
861 533 905 608 iis
921 557 1018 633 aegre
1034 558 1204 633 superan-
1264 589 1266 592 ψ

127 645 187 731 do,
205 669 346 719 menses
362 643 603 731 substiterint,
625 646 702 719 sive
718 655 923 745 utrumque
939 640 1057 744 simul
1068 649 1205 722 vitium

127 756 234 842 adsit,
259 765 410 852 totaque
434 755 590 828 demum
617 755 793 831 valetudo
820 756 986 846 labasaat,
1012 759 1204 835 utilissima

128 892 205 942 esse
220 868 376 965 poterit;
402 890 552 964 corpore
569 864 703 942 seilicet
720 869 834 967 probe
851 871 1022 959 excitato,
1046 895 1203 970 spatum,
1285 882 1286 886 ’

126 981 157 1053 si
174 980 257 1078 quis
273 980 367 1052 forte
383 979 488 1065 adsit,
514 977 645 1066 soluto,
670 991 777 1055 motu
803 983 991 1081 sanguinis
1016 982 1203 1081 expedito,

125 1091 347 1190 impetuque
375 1089 454 1187 ejus
471 1090 626 1176 intenso,
652 1090 939 1169 derivationibus
967 1095 1047 1192 ejus
1074 1095 1203 1169 abnor-

126 1203 248 1276 mibus
261 1212 374 1298 atque
387 1201 563 1274 morbosis
580 1201 770 1290 submotis,
787 1214 825 1278 et
840 1206 974 1304 aequali
990 1217 1029 1281 et
1045 1205 1202 1280 naturali

127 1313 388 1388 distributione
413 1337 478 1411 per
504 1323 627 1387 totum
652 1338 782 1413 eorpus
800 1316 938 1405 effecta,
963 1317 1074 1416 hujus
1091 1314 1201 1392 simul

125 1425 266 1499 viribus
282 1424 435 1511 refectis,
461 1426 677 1522 cunctisque
694 1424 847 1500 demum
864 1430 1022 1525 eorporis
1037 1429 1200 1502 muneri-

124 1536 206 1623 bus,
231 1535 360 1609 morbo
375 1535 468 1611 laesis
485 1549 523 1609 et
538 1536 812 1635 languentibus,
839 1538 1084 1616 efficacissime
1099 1540 1201 1638 adju-

125 1648 173 1721 tis
189 1657 303 1745 atque
319 1649 505 1746 promotis.

174 1781 333 1833 unm.
352 1760 575 1834 Proximum
588 1761 707 1836 forsan
719 1762 816 1851 huie,
833 1765 931 1839 inter
943 1764 1102 1838 remedia
1119 1788 1203 1862 quae

123 1896 265 1946 menses
282 1871 445 1959 eliciunt,
470 1872 595 1947 locum
612 1898 789 1973 oocupare
815 1888 978 1950 meretur
1004 1901 1092 1951 aura
1115 1873 1203 1950 elec·

125 1983 233 2070 trica,
259 2009 341 2079 quae
358 1985 469 2057 etiam
486 1987 557 2058 toti
574 1987 715 2084 oorpori
731 2013 797 2085 per
813 1989 908 2062 ictus
927 1988 1059 2085 (Mcc1)
1077 1987 1203 2060 admo-

125 2105 174 2180 ta,
199 2095 263 2169 sed
279 2094 487 2191 promptius
503 2103 544 2167 et
560 2097 694 2168 certius
716 2098 838 2172 adhue
862 2101 956 2174 eirca
983 2098 1139 2187 lumbos,
1163 2108 1203 2175 et

124 2206 321 2292 abdomen,
337 2214 375 2278 et
390 2205 541 2303 pubem,
567 2205 743 2293 adhibita,
766 2231 910 2281 menses
927 2211 1018 2281 adeo
1033 2219 1204 2307 potenter

125 2327 263 2404 movet,
291 2327 335 2392 ut
363 2340 459 2415 saepe
474 2317 554 2415 ipso
571 2317 746 2415 temporis
762 2328 902 2415 puncto
918 2343 992 2415 quo
1008 2318 1205 2392 adhibetur

126 2429 401 2529 inopinantibus
414 2438 678 2527 prorumpant;
704 2437 742 2503 et
759 2429 828 2503 hoc
844 2429 995 2505 stimulo
1004 2429 1084 2526 ejus
1096 2428 1204 2527 plane

125 2541 366 2615 tribuendum
382 2551 450 2615 est.
559 2531 561 2534 ¹

177 2676 351 2729 Muxnvr.
387 2653 605 2728 Exoitantes
636 2654 749 2728 etiam
782 2653 894 2728 animi
924 2652 1087 2739 affectus,
1112 2676 1204 2751 quo·

126 2788 210 2840 rum
228 2773 354 2840 tantus
371 2776 524 2864 tamque
540 2765 705 2840 salutaris
723 2791 820 2865 saepe
835 2767 1015 2864 reperitur
1031 2763 1203 2840 stimulus

127 2880 285 2974 (mccx),
302 2877 403 2951 haud
415 2901 547 2976 parum
560 2901 657 2976 saepe
670 2877 794 2954 valent
810 2880 849 2952 in
867 2878 1083 2951 reducendis
1099 2899 1203 2950 men·

125 2990 236 3077 sibus,
261 3013 336 3062 non
358 3012 519 3091 securae
535 2989 756 3064 eontrarium
774 3014 892 3089 genus
909 2989 1108 3065 affectuum
1126 3012 1202 3062 eos·
1295 3010 1300 3026 “

126 3102 213 3175 dem
231 3124 328 3198 saepe
344 3100 500 3175 oohibet.

156 3270 160 3277 .
177 3235 369 3286 unxnvu.
386 3212 561 3310 Plurima,
573 3238 722 3313 quoque
735 3215 1001 3289 medicamenta
1013 3210 1202 3288 stimulan-

127 3326 179 3400 tia
208 3324 254 3397 ad
279 3324 426 3398 ciendos
451 3348 594 3399 menses
624 3351 722 3424 saepe
750 3328 896 3413 dantur,
933 3337 972 3398 et
998 3323 1098 3396 haud
1122 3345 1202 3393 raro

125 3436 317 3511 manifeste
333 3448 511 3535 prosunt;
536 3436 709 3535 pleraque
731 3440 843 3513 etiam
868 3447 908 3512 et
930 3436 1072 3535 optima
1089 3430 1203 3506 medi·

124 3557 378 3623 camentorum
398 3548 531 3646 quibus
548 3549 711 3647 specialis
730 3549 938 3625 istiusmodi
954 3549 1010 3622 vis
1027 3542 1202 3644 imputari

125 3661 227 3746 solet,
253 3658 347 3733 nihil
362 3657 463 3732 aliud
486 3679 574 3734 sunt
598 3683 712 3758 quam
741 3661 969 3735 stimulantis
996 3656 1200 3758 generalia3

124 3762 248 3870 neque
270 3771 421 3846 obscura
450 3770 553 3856 ratio,
579 3795 663 3868 qua,
688 3772 877 3846 stimulato
894 3795 1053 3871 corpore,
1077 3776 1200 3841 motu·

125 3910 199 3981 que
216 3883 397 3981 imprimis
415 3882 602 3982 sanguinis
618 3883 781 3970 incitato,
800 3906 953 3971 menses,
978 3898 1201 3981 quacunque

124 4021 314 4070 causarum
337 3994 417 4093 jam
444 3997 674 4093 (Mnxxxrx)
703 3995 952 4091 expositarum
981 4012 1200 4090 suppressos,

126 4108 213 4185 ulia
245 4107 512 4180 medicamenta
539 4131 634 4205 saepe
662 4105 877 4204 propellant.
939 4105 1003 4178 Ex
1029 4103 1086 4178 his
1112 4128 1200 4178 vero

122 4219 273 4318 gummi
290 4216 405 4294 calida
431 4243 495 4294 seu
522 4218 664 4310 foetida,
688 4227 965 4306 eternorum,
990 4223 1030 4290 et
1057 4214 1198 4304 similia,
