2694 4792
138 351 212 426 460
449 382 451 386 Α
543 361 795 421 cousraeros
968 360 1065 418 car.
1083 354 1243 418 xxxnr

139 546 255 625 tutin
272 545 473 620 omnioevo
502 540 635 616 medici
663 565 732 641 pro
760 562 867 615 eausa
895 537 1065 615 febrium
1093 541 1233 617 habue-

54 647 57 654 ’
139 669 240 747 runt,
254 656 431 734 tribuitur
446 655 669 730 beneficium
685 653 787 729 istud
803 653 950 751 insigne
967 654 1073 751 quod
1090 655 1143 729 ab
1158 655 1231 729 iliis

140 770 454 849 exinanitionibus
470 768 629 843 obtineri
646 766 760 852 solet;
785 766 922 841 scilieet
952 768 1041 865 quia
1068 769 1229 842 materia

139 895 286 965 excreta
302 885 524 985 plerumque
537 904 660 981 neque
676 881 845 954 morbosa
860 889 1023 978 apparet,
1037 903 1106 954 nec
1116 881 1224 978 quio-

132 1023 252 1098 ,quam
269 996 428 1072 morbosi
444 995 631 1070 continere
647 991 809 1080 videtur,
827 1015 914 1066 eum
931 991 1096 1066 maximo
1111 995 1221 1068 auxi-

138 1111 190 1189 lio
206 1120 283 1196 est:
309 1119 347 1184 et
364 1134 460 1208 saepe
476 1117 614 1195 eontra,
638 1130 726 1185 cum
748 1104 856 1180 valde
880 1105 1050 1179 morbosa
1078 1116 1147 1193 est,
1170 1130 1222 1180 ne

137 1224 337 1298 minimum
354 1221 508 1321 quidem
525 1221 685 1321 prodest,
709 1229 748 1294 et
768 1220 893 1319 potius
908 1242 1041 1294 nocere
1058 1221 1218 1294 videtin.

137 1335 346 1435 Utcunque
370 1358 459 1410 vero
492 1334 570 1408 haeo
602 1357 641 1407 se
672 1357 729 1408 rea
758 1332 937 1419 habuerit,
976 1331 1154 1430 sapientis
1181 1340 1218 1405 et

136 1447 278 1525 solertis
295 1458 350 1524 est
367 1448 514 1536 medici,
530 1447 758 1546 experientia
767 1445 862 1532 freti,
879 1444 1101 1542 hujusmodi
1117 1444 1217 1518 auxi

136 1559 196 1649 lia,
222 1562 392 1660 quamvis
409 1585 541 1661 parum
567 1557 762 1645 intellecta,
787 1558 946 1657 experiri
961 1557 1003 1630 in
1020 1557 1069 1631 iis
1087 1557 1216 1631 morbis

135 1674 176 1748 in
192 1676 329 1774 quibus
347 1675 456 1749 toties
472 1684 512 1748 et
528 1683 606 1747 tam
622 1669 816 1775 manifeste
832 1668 1068 1769 profuerunt.

186 1809 416 1866 mcccxmx.
434 1783 718 1861 Observandum
732 1791 788 1857 est
796 1781 957 1881 plurima
968 1781 1214 1856 medicamen·

135 1909 175 1973 ta
189 1900 415 1985 evomentia,
439 1920 516 1971 non
532 1895 645 1970 modo
662 1920 728 1995 per
743 1895 1012 1970 exinanitiones
1029 1919 1127 1994 quas
1142 1895 1214 1969 effi·

134 2012 249 2097 ciunt,
267 2012 331 2084 sed
344 2034 411 2109 per
423 2009 510 2085 alias
526 2008 638 2083 etiam
656 2007 945 2108 quibuspoiient
956 2008 1069 2095 vires,
1087 2031 1213 2106 oorpus

133 2120 299 2197 multum
317 2118 472 2211 afficere,
489 2123 606 2221 inque
622 2121 732 2199 variis
746 2122 864 2220 igitur
880 2119 1018 2194 morbis
1035 2120 1212 2218 pmdese.

134 2234 195 2311 sic
211 2234 331 2310 multa
346 2259 473 2311 eorum
491 2232 720 2309 stimulantis
748 2244 846 2321 sunt,
872 2243 911 2307 et
939 2232 1100 2331 quidem
1129 2231 1211 2306 vali-

132 2345 280 2422 dissima
297 2348 404 2424 istius
420 2349 564 2449 generis
581 2347 764 2432 remedia3
789 2345 859 2419 alia
870 2369 960 2419 vero
977 2345 1211 2431 emollientis,

132 2469 197 2534 aut
231 2461 406 2550 sedentia,
443 2471 510 2536 aut
551 2460 811 2560 refrigerantia,
853 2469 919 2533 aut
955 2457 1211 2534 damnamus.

35 2652 39 2659 ¹
132 2571 237 2647 Hine
253 2571 358 2648 facile
374 2573 566 2661 constabit,
592 2596 668 2647 non
698 2574 823 2647 omnia
840 2570 1113 2646 medicamenta
1130 2595 1211 2670 que
1254 2564 1256 2571 ’

131 2685 179 2758 ad
205 2685 304 2759 idem
335 2710 453 2785 genus
481 2685 752 2772 evacuantium,
777 2684 896 2759 veluti
913 2686 1124 2772 vomitorio,
1149 2692 1210 2757 aut

130 2799 337 2894 purgantia,
363 2809 429 2873 aut
446 2799 592 2873 urinam
609 2798 670 2872 vel
699 2798 870 2874 sudorem
899 2800 1100 2885 moventia,
1124 2797 1205 2870 refe·

130 2917 274 2995 runtur,
300 2908 338 2983 in
356 2911 460 2985 omni
478 2911 607 2984 morbo
637 2910 703 2984 ubi
732 2910 867 2984 talibus
896 2908 1203 2985 exinanitionibus

127 3043 223 3117 opus
239 3032 305 3104 est,
322 3023 457 3120 pariter
472 3023 690 3109 oouvenire3
715 3033 754 3097 et
770 3024 940 3097 idoneam
955 3023 1073 3122 igitur
1080 3043 1206 3095 eorum

128 3129 364 3206 selectionem
381 3155 458 3207 esse
475 3157 620 3232 semper
634 3134 777 3221 utilem,
793 3145 833 3211 et
848 3135 1053 3234 aliquando
1068 3157 1210 3234 prorsus

128 3244 387 3320 necessariam:
414 3268 509 3344 saepe
525 3247 625 3319 enim
643 3248 766 3322 eidem
782 3273 891 3349 regio,
909 3272 958 3322 ex
971 3248 1121 3322 duobus
1139 3270 1210 3320 me·

21 3432 25 3440 ,
127 3356 343 3432 dioamentis
360 3358 616 3457 purgantibus,
641 3359 799 3436 altemm
825 3360 963 3470 insigni
978 3360 1136 3448 auxilio,
1164 3357 1210 3432 al·

127 3476 249 3543 terum
268 3468 343 3544 fere
360 3471 486 3556 exitio,
510 3469 615 3563 foret.

176 3602 324 3654 mecca.
344 3582 445 3679 Ipsas
457 3607 545 3657 vero
558 3580 828 3661 exinanitiones
840 3585 941 3684 quod
952 3585 1103 3668 attinet,
1121 3606 1211 3682 quas

57 3734 62 3743 ·
126 3693 226 3767 varia
252 3693 521 3769 medicamenta
550 3700 766 3772 evacuantis
780 3697 932 3785 faciunt,
958 3696 1006 3771 de
1022 3697 1211 3782 omnibus,

126 3815 165 3880 et
183 3806 384 3904 prasertim
411 3808 458 3881 de
483 3811 627 3908 magnis
644 3821 711 3885 aut
739 3811 937 3897 diuturnis,
962 3811 1211 3884 oernssimum

126 3918 278 4005 est'eas
302 3919 398 3994 vires
415 3921 545 3995 vitales
570 3923 739 3997 minuere
769 3922 977 4022 corpusque
1002 3920 1220 4023 plurimum·

124 4028 320 4119 infirmare,
345 4055 390 4105 eo
416 4035 534 4132 magis
551 4044 589 4108 et
605 4036 741 4109 oertius
766 4059 844 4133 quo
870 4036 960 4134 ipsae
988 4035 1212 4132 eopiosiores

124 4140 272 4217 fuerint.
324 4145 438 4233 Quod
456 4147 485 4218 si
502 4149 725 4222 contrarium
738 4146 938 4244 aliquando
949 4144 1133 4222 effectum
1152 4147 1213 4220 ba-

125 4251 211 4329 bere
226 4255 435 4350 videantur,
459 4257 500 4334 id
524 4259 604 4334 sine
629 4250 1020 4337 dubio'tribuendum
1050 4282 1112 4336 est
1138 4259 1218 4335 aliis
