2678 4794
125 330 174 405 et
518 346 769 408 cousrucrus
1040 350 1126 408 cnr.
1144 352 1203 408 m

125 522 220 611 btes,
245 537 412 627 syncope,
440 525 531 598 varii
560 525 679 599 morbi
707 527 978 612 intestinorum,
1007 529 1204 603 ventriculi

126 637 320 736 imprimis,
338 658 475 710 venena
492 635 610 711 multa
625 637 665 710 in
681 661 812 737 corpus
828 639 994 721 admissa,
1012 641 1205 714 mareotica

124 751 336 848 praesertim,
353 749 492 846 opium,
508 757 548 822 et
563 749 705 836 similia,
722 760 762 825 et
777 752 920 835 vinum,
945 764 984 825 et
999 752 1120 824 omnis
1136 775 1202 849 po·

126 869 189 937 tus
206 859 386 946 meracior,
415 860 634 959 vertiginem
661 863 835 938 inducere
858 862 987 939 solent.
1038 863 1141 936 Hinc
1166 885 1203 934 e-

125 972 288 1047 briemtis
316 973 523 1072 omnigenae
551 974 711 1072 signum.
771 977 875 1050 Varii
903 998 1054 1073 quoque
1080 985 1202 1047 motus

122 1081 316 1158 inassuetis
332 1081 544 1160 hominibus
560 1088 782 1186 vertiginem
798 1099 943 1163 creant:
974 1086 1091 1160 veluti
1108 1097 1203 1159 rota-

124 1198 180 1270 tio
207 1195 336 1293 cepitis
361 1195 421 1270 vel
451 1197 612 1271 universi
640 1202 809 1298 corporis,
830 1199 982 1298 jactatio
1008 1198 1204 1285 maritima,

125 1307 328 1411 prasertim
345 1308 375 1382 si
392 1311 496 1384 navis
511 1330 633 1410 parva,
650 1323 688 1385 et
704 1336 805 1386 mare
820 1311 1027 1411 turgidum,
1055 1310 1205 1398 fuerint,

126 1427 166 1494 et
181 1420 322 1495 similia„
373 1422 419 1495 ln
449 1422 505 1496 his
532 1432 571 1497 et
600 1424 780 1499 similibus
796 1423 984 1522 exemplis,
1011 1421 1150 1495 insoliti
1166 1432 1216 1496 et-

126 1533 325 1608 inordineti
341 1543 465 1609 motus
482 1537 670 1635 sanguinis
686 1539 905 1622 excitantur,
930 1544 1068 1609 etcum
1096 1534 1207 1632 parti-

125 1645 196 1721 bus
212 1647 374 1721 nervosis
391 1670 476 1746 quae
490 1648 530 1721 in
547 1648 666 1746 capite
682 1656 771 1721 sunt
780 1647 1120 1731 communicantun
1145 1645 1205 1719 vel

126 1757 186 1833 hae
211 1782 277 1858 per
304 1782 521 1834 consensum
550 1782 637 1832 cum
666 1759 745 1834 aliis
761 1760 925 1858 partibus
942 1758 1039 1833 male
1055 1757 1206 1848 affectae,

128 1890 277 1945 sensum
294 1871 497 1958 confusum,
513 1873 618 1970 quasi
634 1872 837 1958 rotationis,
853 1871 954 1945 dent.

93 1973 97 1983 ’
176 2002 322 2056 cccxx.
348 1981 452 2071 Quin
481 1994 522 2057 et
549 2006 597 2056 ex
625 1985 759 2070 animo,
783 1993 882 2057 certe
908 1983 1048 2057 ratione
1064 1983 1207 2073 affecto,

128 2091 247 2168 veluti
258 2105 456 2194 conspectu
468 2095 658 2171 rotationis
673 2095 820 2195 repidae,
830 2094 890 2168 vel
907 2096 1085 2193 praerupti
1096 2120 1207 2194 aqua·

41 2270 43 2275 .
128 2229 212 2280 rum
242 2204 374 2304 lapsus,
400 2205 461 2280 vel
486 2207 679 2307 precipitii
702 2206 891 2293 horrendi,
920 2206 1110 2281 ueletiam
1129 2210 1208 2284 sine

126 2315 207 2392 ullo
223 2318 306 2394 visu
321 2319 582 2419 recogitatione
597 2321 742 2396 intense
758 2330 797 2395 et
812 2318 948 2407 veloce,
974 2321 1119 2421 vertigo
1145 2321 1209 2395 cli·

131 2430 282 2529 quando
296 2431 425 2508 oritur.

179 2566 346 2622 cctxxr.
371 2544 547 2622 Aliorum
563 2545 777 2621 morborum
793 2542 1013 2643 plerumque
1027 2568 1151 2618 comes
1170 2557 1212 2621 et

130 2655 290 2753 signum,
315 2680 584 2756 nonnunquam
612 2668 736 2731 tumen
753 2657 920 2753 princeps
937 2655 997 2726 vel
1013 2656 1110 2727 solus
1127 2682 1209 2732 ver·

128 2763 210 2860 tigo
225 2766 388 2855 morbus,
417 2791 484 2864 per
498 2767 689 2841 intervallo
703 2766 857 2850 rediens,
886 2763 1063 2860 paulatim
1087 2767 1211 2863 ingra.

128 2892 290 2960 vescens,
306 2874 514 2950 functiones
529 2876 642 2948 enimi
660 2875 793 2972 pariter
818 2885 933 2972 atque
954 2875 1113 2972 corporis
1138 2878 1210 2955 im.

121 2983 237 3082 ’pedit
247 2993 287 3058 et
295 2982 475 3059 labefacit:
492 3007 614 3083 neque
625 2982 877 3060 firmissimum
887 2986 1210 3069 etvividissimum

132 3093 278 3197 Swr'flii
291 3096 486 3197 ingenium
501 3107 607 3176 tento
621 3097 720 3176 molo
735 3100 861 3201 potuit
875 3101 1049 3178 resistere.
