2678 4794
130 342 202 407 202
528 357 778 415 conseramus
1017 363 1103 416 cnr.
1121 361 1206 416 xlx„

132 530 202 603 dus
219 532 504 631 quamprimum,
529 531 647 605 veluti
671 532 710 606 in
734 532 904 622 febribus,
929 535 996 609 ubi
1011 536 1208 636 aliquando

131 645 306 719 morbum
323 642 440 729 solvit,
465 643 597 741 saepius
613 669 701 719 vero
716 643 795 742 ejus
812 644 964 721 effectus
989 659 1027 721 et
1043 673 1125 746 pars
1142 657 1210 735 est,

132 757 366 854 eundemque
381 754 552 843 intendit,
581 755 642 830 vel
666 756 794 830 saltem
818 759 907 856 aegri
932 760 1026 832 vires
1043 760 1210 834 multum

131 868 277 965 frangit.

183 1000 386 1054 nonxxvu.
404 977 560 1054 Prodest
570 981 681 1055 etiam
694 982 867 1069 vomitus,
881 982 941 1055 vel
954 1006 1096 1068 nausea,
1114 1004 1212 1080 saepe

131 1114 204 1163 non
223 1089 335 1163 modo
352 1091 558 1166 ventriculo
573 1093 654 1191 ipsi,
670 1118 780 1193 quem
792 1117 902 1166 onere
913 1093 1048 1191 insigni
1068 1093 1210 1182 liberet,

131 1201 193 1274 sed
210 1200 289 1275 aliis
305 1227 456 1301 quoque
473 1204 650 1302 partibus,
676 1203 736 1278 vel
753 1204 913 1302 denique
931 1205 1102 1278 universo
1132 1229 1208 1279 eor-

129 1315 219 1410 pori.
272 1315 432 1413 Sputum
452 1316 616 1391 multum
633 1327 835 1415 promovet,
861 1316 977 1390 sicubi
1001 1316 1132 1414 pulmo
1149 1314 1208 1391 vel

130 1449 198 1499 suo
222 1438 396 1524 gravatus
421 1427 532 1502 fuerit
550 1453 667 1516 rnuoo,
693 1428 754 1503 vel
778 1428 966 1526 sanguine,
992 1453 1081 1516 sero,
1107 1452 1208 1526 pure,

129 1562 250 1635 aqua;
277 1553 317 1612 et
341 1539 511 1615 sudorem
537 1565 697 1639 quoque,
722 1550 761 1614 et
780 1541 932 1615 liberam
957 1542 1147 1640 sanguinis
1162 1539 1208 1629 ad

130 1652 290 1749 eorporis
302 1652 531 1750 superficiem
543 1652 839 1727 distributionem
851 1663 1055 1749 promovet,
1073 1652 1208 1750 partim

130 1762 279 1838 fortasse
296 1789 432 1863 magno
458 1766 550 1838 nixu
568 1765 635 1862 qui
650 1765 833 1838 vomitum
860 1764 1067 1852 comitatur,
1093 1763 1209 1863 megin

129 1883 266 1962 tamen,
285 1888 328 1950 ut
346 1877 502 1962 videtur,
520 1875 678 1949 mirabili
693 1900 871 1950 consensu
888 1876 955 1973 qui
971 1877 1209 1950 intercutem

129 1998 169 2060 et
194 1987 442 2062 ventricrdum
468 1987 671 2063 intercedit.
728 1988 832 2061 Hinc
858 1989 894 2060 in
922 1987 1050 2061 multis
1075 1987 1210 2061 morbis

129 2101 293 2174 vomitus
309 2100 650 2196 praestantissimum
669 2101 885 2175 remedium.

179 2234 406 2289 ucnxxvul.
446 2212 567 2286 Nocet
591 2210 799 2310 aliquando,
825 2213 855 2286 si
880 2211 940 2286 vel
966 2213 1077 2285 nimis
1103 2211 1209 2286 vehe-

129 2348 233 2397 mens
253 2322 310 2396 vel
326 2324 437 2398 nimis
458 2323 629 2422 frequens
646 2324 778 2412 fuerit3
804 2326 937 2424 partim
956 2325 1147 2399 debilitato
1171 2332 1209 2398 et

128 2436 319 2510 mobiliore
343 2436 440 2511 facto
465 2437 682 2525 ventricula
708 2439 774 2538 qui
799 2438 1059 2511 vehementem
1085 2451 1125 2510 et
1149 2435 1209 2509 ab·

128 2573 295 2624 normem
307 2560 454 2624 motum
473 2551 625 2649 impune
636 2551 786 2626 tolerare
803 2552 956 2649 nequit;
981 2550 1116 2648 partim
1135 2549 1209 2621 vio·

128 2662 230 2736 lento
254 2664 358 2750 nixu,
396 2664 462 2762 qui
487 2687 628 2761 aegrum
654 2663 794 2762 fatigat,
834 2672 871 2735 et
896 2661 1117 2760 prolapsum,
1145 2669 1210 2735 aut

128 2775 304 2861 herniam,
329 2786 395 2848 aut
411 2776 591 2853 abortum,
618 2784 684 2848 aut
700 2775 888 2872 sanguinis
905 2774 1086 2872 profluvia
1103 2772 1210 2847 indu·

128 2886 188 2970 cit,
215 2884 274 2957 vel
297 2885 344 2957 ab
368 2887 448 2982 ipso
475 2883 691 2971 ventriculo,
717 2885 777 2957 vel
794 2884 955 2982 denique
984 2885 1208 2982 apulmone‚

127 3006 192 3069 aut
209 2997 337 3093 capite,
355 3006 504 3093 propter
520 2995 668 3092 longam
686 3006 725 3068 et
742 2995 901 3069 validam
919 2998 1209 3096 expirationem

127 3106 228 3205 quod
255 3118 377 3178 tamen
404 3105 581 3179 rarissime
606 3106 746 3180 accidit.
798 3108 923 3195 Porro,
950 3110 1113 3183 vomitus
1130 3109 1210 3182 diu·

126 3227 270 3305 turnus
295 3228 333 3291 et
358 3216 567 3305 vehemens,
593 3216 829 3317 etnfrequens,
855 3244 928 3293 non
953 3245 1055 3294 secus
1079 3246 1123 3295 ac
1138 3219 1211 3295 alvi

100 3320 410 3418 'fluxus‚·t0tum
429 3355 560 3429 corpus
583 3331 761 3420 debilitat,
787 3332 967 3420 exhaurit,
993 3346 1031 3407 et
1047 3334 1212 3407 debitam

126 3443 326 3518 humorum
353 3443 549 3519 ventriculi
586 3444 822 3518 secretionem
850 3446 1070 3543 corrumpit:
1111 3444 1211 3519 unde

125 3579 236 3652 prava
262 3556 333 3629 cibi
359 3557 556 3644 concoctio,
595 3565 632 3631 et
658 3566 845 3659 quotquot
868 3583 916 3630 ex
942 3583 983 3629 ea
1017 3557 1211 3656 profluunt

125 3667 229 3741 mala.

173 3803 365 3855 ncnxxnn
396 3783 570 3858 Inversus
599 3783 797 3882 aliquando
826 3783 992 3856 omnium
1019 3782 1209 3856 intestino·

125 3917 208 3967 rum
227 3904 361 3980 motus,
380 3895 425 3967 ab
442 3920 512 3968 ano
528 3895 575 3968 ad
601 3920 641 3969 os
658 3919 787 3992 usque,
804 3895 1041 3968 observatur:
1068 3894 1210 3967 maium

123 4006 272 4103 pessimi
302 4007 446 4091 ominis,
473 4009 533 4080 cui
565 4032 699 4080 nomen
731 4005 824 4080 ileos
840 4007 1061 4104 plerumque
1090 4006 1210 4079 datur.

124 4118 254 4191 Oritur
271 4120 500 4216 frequentius
516 4119 562 4192 ab
579 4120 828 4192 obstructione
851 4118 973 4215 aliqua
991 4144 1119 4191 massae
1148 4117 1209 4190 ali·

122 4243 333 4306 mentorum
354 4232 413 4305 vel
427 4231 591 4306 stercoris
605 4232 818 4304 descensum
831 4231 1077 4328 impediente3
1104 4254 1209 4329 qaas

122 4367 188 4430 uzo,
205 4343 383 4434 schirrdo,
414 4342 705 4418 inflammatione
721 4342 991 4431 intestinorum,
1017 4342 1092 4416 alvi
1109 4341 1208 4417 duri·
