2678 4794
123 404 208 461 one.
224 403 307 459 rm.
412 401 624 458 ammenta
641 401 924 460 sumamma.
1150 383 1199 473 dt

165 1204 253 1280 Car.
269 1197 505 1279 vnn-De
520 1198 667 1288 auditu,
691 1198 803 1291 sanis,
827 1209 864 1276 et
880 1195 980 1278 uitiis
996 1197 1160 1279 auditne.

132 1945 274 2003 ccxxu.
301 1869 419 2002 Hrc
430 1949 557 2003 sensus
568 1927 751 2006 excitatur
762 1923 982 2005 tremoribus
990 1925 1091 2014 atris,
1104 1946 1197 2024 quos

131 2059 269 2136 uorpora
287 2039 456 2114 sonantia
483 2039 633 2118 faciunt.
683 2043 767 2118 Hos
791 2043 888 2116 auris
904 2052 1068 2129 externa,
1093 2038 1196 2113 narti-

131 2144 294 2248 taginosa,
318 2162 358 2226 et
374 2164 517 2226 meatus
533 2156 629 2230 auris
646 2166 813 2254 uterque,
829 2154 1019 2255 colligunt,
1036 2153 1084 2226 ad
1099 2161 1198 2250 tym-

131 2282 262 2356 panum
279 2263 465 2353 deferunt,
491 2278 529 2340 et
551 2266 663 2341 simul
679 2267 890 2353 intendunt,
915 2290 992 2362 quo
1007 2263 1145 2360 majore
1160 2262 1200 2335 vi

131 2375 374 2449 membranam
394 2379 562 2476 tympani
578 2379 719 2453 feriant.
769 2378 867 2453 Haec
882 2375 1106 2460 membrana,
1121 2375 1200 2470 ipsa

131 2496 309 2613 myrmota
335 2501 373 2562 et
399 2502 569 2578 tremens,
593 2490 769 2565 malleum
795 2488 864 2560 sibi
889 2508 1077 2559 annexum
1101 2506 1200 2556 com·

131 2607 263 2683 movet,
281 2610 316 2672 et
325 2599 495 2695 junctam
510 2602 577 2676 sibi
594 2601 769 2677 incudem
785 2597 892 2672 ferire
907 2596 1015 2682 facit;
1035 2593 1199 2692 juvanti·

130 2703 193 2780 bus
209 2710 318 2784 simul
334 2714 489 2810 pmpriis
501 2713 622 2787 mallei
635 2711 823 2787 musculis.
866 2711 978 2784 Inous
990 2731 1078 2782 vero
1088 2729 1200 2782 suum

129 2833 267 2895 motum
295 2823 366 2896 ossi
392 2822 597 2898 orbiculari
624 2834 663 2899 et
678 2823 826 2924 stapedi
848 2823 1025 2923 impertit,
1050 2821 1117 2918 qui
1132 2821 1199 2894 ite·

129 2953 215 3019 rum,
242 2942 327 3008 tum
345 2934 414 3008 hoc
430 2945 548 3023 motu,
573 2944 657 3011 tum
674 2961 824 3036 quoque
852 2937 994 3010 actione
1018 2934 1077 3007 aui
1100 2956 1199 3006 mus-

129 3043 206 3131 culi,
231 3046 284 3118 ita
300 3046 470 3133 trahitur,
497 3057 540 3121 ut
556 3072 637 3145 pars
657 3051 834 3148 posterior
849 3048 929 3146 ejus
944 3047 1069 3121 basem
1085 3045 1124 3118 in
1149 3043 1199 3117 fe·

130 3164 292 3230 nestram·
305 3155 457 3245 oualem,
488 3158 685 3258 ipsumque
710 3159 948 3245 vestibulum,
976 3155 1199 3255 impellatur,

131 3262 252 3350 Porrd,
275 3279 450 3342 tremores
467 3272 691 3346 membranae
720 3272 901 3372 tympani,
925 3293 1011 3343 cum
1029 3277 1110 3340 ae're
1134 3290 1200 3364 per

131 3375 250 3451 tudam
274 3379 577 3455 Eustachianam
602 3387 641 3456 in
670 3395 895 3482 tympanum
921 3377 1053 3466 delato,
1088 3376 1200 3453 simul

131 3493 466 3577 communicantur3
491 3496 557 3591 qui
574 3495 727 3590 demum
757 3503 816 3569 adr
840 3493 1008 3567 fenestra
1030 3489 1202 3566 rotundae

132 3602 375 3676 membranam
405 3602 499 3690 ferit,
524 3631 600 3704 qua
625 3608 664 3680 in
691 3605 955 3706 labyrinthum,
981 3628 1046 3679 seu
1073 3627 1201 3678 aurem

134 3708 306 3803 intimam,
332 3717 555 3814 pervenitur.
617 3717 781 3817 Duplice
809 3718 935 3816 igitur,
969 3725 1013 3790 ut
1041 3715 1200 3800 videtur,

136 3825 243 3914 nodo,
270 3838 446 3900 tremores
461 3829 508 3901 ad
523 3829 780 3928 labyrinthum
797 3829 1030 3927 perveniunt,
1055 3827 1122 3923 qui
1146 3835 1201 3900 to·

137 3941 194 4022 tus,
217 3938 434 4012 mollissima
450 3950 488 4012 et
499 3942 701 4016 admodum
721 3939 901 4016 sentiente
916 3961 1068 4012 neruosa
1084 3959 1200 4010 mem·

138 4039 243 4137 buna,
268 4050 464 4138 obductus,
489 4063 528 4126 et
556 4052 693 4153 aquula
722 4050 912 4151 pellucida,
942 4048 1129 4134 subrubra,
1153 4043 1203 4118 ad

139 4175 250 4235 omnes
266 4173 445 4236 trennres
475 4166 723 4265 suscipiendos
740 4176 778 4239 et
793 4161 1047 4264 propagandos
1062 4154 1202 4258 aptissi-

144 4284 202 4357 ma,
225 4272 369 4372 plenus,
394 4272 570 4351 ultimum
586 4278 736 4353 auditus
752 4295 934 4376 organum
950 4281 1015 4346 est.

181 4406 184 4411 “
631 4411 657 4463 E
676 4399 698 4463 2
