2678 4794
178 308 250 383 266
343 372 347 377 .
548 334 800 393 cousrncrus
1046 336 1134 391 ear.
1151 335 1261 391 xxn.

176 509 245 608 qui
261 509 345 587 ideo
358 508 610 587 extenduntur
624 510 705 607 ipsi,
722 517 917 608 partesque
932 507 1155 607 quibuscum
1169 534 1260 586 con-

175 634 379 700 nectuntur
392 620 600 697 extendunt
615 619 736 695 simul

227 755 441 813 ncccnxw.
466 730 645 807 Plurimae
658 733 811 807 alioeres
835 733 951 832 prima
965 741 1074 807 aetate
1097 757 1259 808 concur-

176 859 275 936 runt,
292 872 376 945 quae
391 845 659 919 incrementum
673 845 833 945 corporis
845 846 1007 921 multum
1018 854 1255 944 promovent.

175 957 418 1036 Abundantia
434 955 602 1054 quaedam
620 958 810 1058 sanguinis
835 958 980 1032 subesse
996 956 1153 1042 videtur,
1180 955 1258 1027 mi·

175 1072 274 1147 nime
289 1066 451 1168 profecto
467 1067 646 1159 morbosa,
671 1094 758 1168 quae
775 1094 858 1143 vasa
882 1070 1098 1168 sanguinem
1115 1066 1260 1141 vehen-

174 1182 225 1257 tia
241 1178 353 1279 probe
369 1178 523 1279 impleat
538 1191 652 1281 atque
664 1182 860 1269 distendat,
876 1181 1078 1280 praesertim
1094 1178 1258 1265 arterias,

172 1292 350 1391 quoniam
366 1291 436 1367 hac
450 1302 559 1369 aetate
577 1318 681 1368 venae
696 1292 817 1369 multo
829 1292 1014 1391 majorevi
1031 1315 1145 1390 quarn
1161 1299 1257 1363 arte-

165 1404 236 1483 riae
251 1404 393 1503 pollent
410 1406 633 1505 (ccootrv);
659 1407 752 1504 quin
781 1419 820 1481 et
836 1406 914 1481 haec
936 1403 1122 1504 sanguinis
1139 1402 1257 1475 abun-

170 1516 298 1592 dantia
314 1540 388 1592 non
407 1519 520 1593 modo
532 1542 617 1591 vasa
633 1518 821 1606 distendit,
838 1518 902 1592 sed
918 1516 1002 1617 plus
1018 1537 1169 1614 quoque
1185 1537 1254 1587 nu-

171 1628 339 1704 trimenti
355 1630 532 1730 suggerit,
558 1653 671 1728 quam
698 1631 746 1703 ad
761 1654 892 1729 eorpus
921 1631 999 1704 sine
1028 1629 1256 1701 incremento

172 1743 419 1843 reparandum
442 1742 683 1817 necessarium
701 1742 834 1816 fuerit:
863 1764 986 1839 neque
1011 1740 1170 1813 dubium
1197 1746 1255 1809 est

172 1854 367 1953 plerosque
383 1854 541 1929 infantes
557 1852 785 1953 plenissimos
802 1852 887 1941 fore,
904 1853 976 1927 nisi
992 1852 1052 1925 vel
1069 1850 1158 1924 huic
1168 1847 1254 1923 usui

172 1966 448 2064 impenderetur
476 1965 664 2064 sanguinis
698 1965 925 2041 abundantia
956 1988 1070 2064 quam
1105 1960 1252 2047 habent,

172 2075 234 2152 vel
262 2076 467 2177 plurimum
496 2078 567 2176 ipsi
595 2087 712 2153 semet
740 2086 972 2162 exercerent;
1014 2075 1154 2174 quippe
1185 2070 1252 2171 qui

172 2187 297 2264 multo
312 2188 396 2289 plus
412 2214 480 2289 pro
495 2199 574 2265 rata
599 2201 703 2290 parte
718 2214 832 2289 quam
849 2187 968 2263 adulti
984 2188 1153 2263 homines
1181 2183 1253 2259 cibi

171 2313 334 2390 sumant,
368 2312 407 2377 et
422 2304 564 2403 optime
581 2302 655 2378 lere
670 2311 911 2401 concoquant,
937 2311 975 2374 et
990 2298 1156 2374 multum
1172 2297 1251 2370 dor·

174 2414 305 2503 miant,
322 2423 361 2489 et
376 2413 461 2503 laxi,
479 2425 518 2489 et
533 2414 618 2489 ideo
633 2414 681 2488 ad
696 2415 966 2515 plenitudinem
983 2410 1172 2512 proclives,
1191 2432 1253 2483 ex·

173 2526 298 2602 istant.

226 2662 426 2716 uccctxu
462 2639 517 2714 Et
543 2641 716 2739 profecto,
751 2639 921 2739 quamvis
953 2640 1021 2713 ista
1048 2633 1252 2736 plenitudo.

175 2751 268 2825 dum
286 2760 453 2826 creseunt
468 2753 585 2849 pueri,
612 2754 767 2827 minime
784 2763 923 2839 noceat,
948 2748 1155 2825 dummodo
1179 2768 1252 2821 non

174 2861 305 2959 ingens
322 2859 443 2948 fuerit,
460 2865 737 2962 quamprimum
755 2862 929 2937 desinunt
946 2885 1111 2948 crescere,
1141 2858 1253 2933 mani·

174 2971 375 3045 festissimis
392 2973 506 3070 signis
522 2997 617 3070 saepe
634 2998 672 3046 se
688 2972 822 3072 prodit,
848 2997 1023 3061 neuram,
1050 2975 1080 3047 si
1104 2970 1253 3047 debilio-

173 3084 222 3158 ris
238 3082 511 3159 constitutionis
540 3082 747 3159 adolescens
762 3083 884 3173 fuerit,
910 3085 1144 3185 gravissimos
1160 3106 1254 3159 mor·

173 3194 239 3269 bos
255 3193 409 3269 inducit.

223 3330 437 3384 nccctxvr.
455 3306 590 3391 Finem
601 3309 828 3386 incremento
843 3311 1044 3412 imponunt
1056 3320 1163 3385 aucta
1178 3333 1253 3385 mo·

172 3415 234 3504 les,
262 3430 444 3519 auctaque
460 3420 625 3519 rigiditas
641 3425 804 3501 universi
820 3427 988 3524 corporis,
1015 3435 1054 3500 et
1071 3422 1254 3524 imprimis

171 3530 387 3605 arteriarum
416 3544 594 3629 perpetua
622 3536 766 3612 actione
793 3547 833 3611 et
848 3538 1116 3637 compressione
1142 3536 1254 3634 riges·

172 3641 348 3729 sentium,
366 3652 405 3717 et
422 3641 575 3718 firmitas
591 3648 739 3737 ossium,
766 3663 815 3737 et,
838 3661 882 3725 ut
897 3650 984 3725 clari
999 3648 1153 3750 quidam
1170 3670 1255 3724 auo-

172 3760 268 3827 tores
294 3754 504 3852 opinantur,
533 3758 664 3858 ingens
692 3763 841 3836 renixus
873 3761 1131 3860 cartilaginum
1162 3760 1254 3833 fines

171 3888 297 3939 eorum
316 3867 536 3965 tegentium,
559 3871 639 3968 jam
656 3873 821 3948 multum
837 3874 1081 3949 crescentibus
1111 3871 1253 3947 ossibus

171 3999 470 4076 compressorum,
497 4006 620 4082 neque
637 3984 848 4060 ulteriorem
863 3985 1173 4085 compressionem
1197 3992 1253 4057 to·

35 4184 40 4191 Ι
171 4089 379 4173 leruntium.

197 4225 448 4288 mccctxvn.
470 4207 497 4284 J
499 4217 582 4284 usto
598 4211 752 4289 demum
768 4211 865 4285 inter
882 4209 959 4287 vim
976 4185 1253 4286 distendentem
