2678 4794
122 342 171 412 m
530 344 781 406 cousrrrcrus
1036 347 1123 402 cur.
1140 345 1194 400 rr.

121 532 233 631 longe
272 526 481 605 tardissime.
547 524 769 625 Voluptates
808 531 934 597 autem
966 546 1051 621 quae
1073 548 1096 596 a
1120 520 1195 595 sola

123 658 246 720 mente
263 667 326 716 seu
342 637 503 712 sensibus
519 637 671 711 internis
684 637 906 721 derivantur,
923 642 1010 707 sunt
1026 635 1194 709 omniurn

122 735 296 847 maximd
318 750 503 847 longaevae.
554 747 696 823 Omnes
721 749 869 823 demum
892 744 1110 842 voluptates,
1134 767 1197 817 eas

123 862 307 948 variando,
332 859 492 957 aliasque
507 883 593 933 cum
609 860 688 933 aliis
705 858 901 946 miscendo,
929 854 991 931 vel
1015 878 1108 953 saepe
1125 855 1196 927 mi-

122 1001 193 1052 nus
208 981 327 1073 gratas
343 994 399 1044 res
414 971 459 1045 iis
475 995 560 1069 quae
575 973 692 1071 magis
711 972 893 1047 delectant
916 965 1195 1085 interpppendo,

124 1090 174 1161 ita
191 1094 234 1158 ut
249 1081 406 1182 nequid
421 1082 532 1156 nimis
548 1083 606 1169 sit,
629 1083 728 1157 baud
752 1107 883 1183 parum
900 1081 1098 1180 producere
1114 1100 1203 1176 pos-t

123 1220 260 1273 sumus.

173 1328 300 1383 cuxrr.
327 1308 531 1407 Supersunt
548 1314 588 1380 et
602 1305 682 1381 alioe
701 1307 872 1407 quaedam
895 1329 961 1389 res,
985 1327 1008 1377 a
1025 1300 1104 1402 jam
1122 1324 1195 1389 me-

124 1420 272 1494 moratis
296 1417 404 1517 plane
427 1418 589 1506 diversae,
614 1443 699 1517 quae
722 1418 917 1494 nonnullas
943 1439 1117 1492 sensuum
1133 1436 1196 1486 vo

124 1529 283 1629 luptates
296 1527 459 1602 multum
476 1538 632 1628 regunt3
657 1532 767 1603 variae
782 1531 958 1604 nimirum
970 1526 1197 1601 conditiones

124 1641 184 1715 vel
201 1640 362 1716 universi
378 1639 546 1738 corporis,
570 1642 772 1736 praesertim
796 1662 1005 1726 nervorum,
1030 1636 1090 1710 vel
1105 1660 1199 1734 quo-

64 1790 68 1803 ·
124 1753 279 1827 tundam
297 1776 373 1850 prae
388 1749 466 1824 aliis
482 1769 702 1848 organorum
719 1762 785 1827 aut
799 1751 1045 1835 functionum,
1061 1746 1200 1846 quibus

125 1863 386 1948 lunationibus,
402 1883 537 1959 organa
553 1860 724 1958 quaedam
740 1887 875 1949 sensus,
900 1863 1048 1936 fortasse
1064 1869 1105 1932 et
1120 1881 1201 1931 sen·

126 2000 186 2049 sus
202 1976 282 2073 ipsi,
307 1995 441 2071 magna
456 1995 505 2045 ex
533 1981 650 2070 parte,
675 1973 891 2048 inserviunt.
941 1973 995 2045 Et
1011 1970 1087 2044 haec
1103 1970 1203 2043 inter
1231 2054 1234 2061 ¹

124 2085 209 2159 alias
226 2109 348 2158 causas
364 2095 430 2170 est,
447 2083 549 2182 quod
566 2083 704 2171 multae,
733 2095 772 2159 et
788 2111 872 2183 quae
889 2085 1050 2157 maxime
1074 2081 1201 2154 colun·

124 2207 197 2283 tur,
222 2195 439 2294 voluptates,
463 2194 688 2270 immortales
713 2221 789 2270 esse
806 2205 1000 2296 nequeant.
1051 2191 1201 2268 Sitienti

125 2332 218 2406 pura
241 2331 337 2405 aqua
360 2331 427 2405 pro
461 2317 605 2381 nectare
630 2317 706 2393 est;
749 2309 921 2384 esurienti
950 2307 1067 2380 omnis
1095 2304 1201 2378 cibus

125 2419 360 2517 gratissimus,
386 2418 498 2492 etiam
513 2418 586 2492 cibi
602 2416 693 2492 odor
701 2419 912 2518 jucundus:
938 2418 1109 2494 ustuanti
1133 2424 1201 2488 aut

125 2530 344 2605 febricitanti
381 2530 507 2629 frigus,
543 2529 693 2630 frigenti
725 2533 831 2620 calor,
868 2532 994 2631 placet.
1061 2527 1200 2602 lisdem

126 2666 214 2715 vero
235 2641 459 2729 hominibus,
496 2642 574 2715 aliis
610 2644 846 2741 temporibus,
881 2643 1018 2715 eaedem
1042 2663 1098 2712 res
1122 2662 1200 2712 non

127 2753 239 2824 modo
255 2774 329 2823 non
346 2761 460 2847 gratae
477 2760 574 2835 sunt,
603 2753 667 2823 sed
691 2776 786 2847 saepe
810 2750 916 2824 valde
940 2751 1102 2846 ingratae,
1136 2773 1203 2825 ve«

126 2858 197 2932 luti
234 2860 337 2933 cibus
370 2870 438 2931 aut
470 2861 583 2956 potio,
621 2871 812 2957 utcunque
848 2859 1034 2944 delimtus,
1072 2862 1199 2935 statim

127 2975 211 3064 post
234 2978 381 3064 pastum
406 2976 472 3040 aut
495 2978 648 3065 potum3
672 2969 732 3042 vel
756 2970 846 3042 odor
869 2969 940 3043 cibi
965 2970 1089 3043 statim
1115 2985 1200 3070 post

127 3077 319 3175 prandium
336 3105 344 3151 ι
369 3100 491 3175 neque
515 3078 677 3176 profecto
700 3091 766 3154 aut
782 3081 902 3179 epulae
919 3093 1116 3180 perpetuae,
1133 3094 1198 3157 aut

42 3226 45 3233 ·
127 3187 283 3263 alterum
309 3187 506 3287 prandium
541 3190 663 3263 statim
693 3216 714 3264 a
741 3193 874 3290 primo,
910 3195 1198 3292 perditissimum

125 3296 280 3399 possunt
325 3299 502 3376 delectare
538 3300 770 3378 helluonem:
805 3329 927 3415 neque
954 3306 1082 3380 Venus
1111 3306 1200 3403 ipsa,

127 3414 384 3488 strenuissimis
401 3414 509 3486 etiarn
527 3412 740 3504 cultoribus,
758 3440 898 3515 semper
914 3417 1043 3516 placet.

176 3547 320 3598 cnxnr.
346 3525 451 3611 Quin
476 3532 515 3598 et
538 3525 585 3598 ab
608 3524 686 3599 aliis
711 3527 874 3601 sensibus
890 3539 1021 3627 praeter
1036 3528 1116 3603 illos
1132 3529 1200 3628 qui

127 3633 173 3706 ab
189 3635 423 3732 impressione
448 3646 598 3710 externa
627 3638 819 3728 (cxxxrrr,
845 3649 984 3738 οων)
1001 3641 1108 3727 fiunt,
1138 3664 1201 3714 vo

127 3744 247 3842 luptas
264 3758 330 3819 aut
345 3745 512 3821 molestia
539 3747 624 3822 oriri
640 3759 794 3846 possunt
807 3752 911 3825 2-ab
935 3753 1076 3824 actione
1103 3777 1201 3826 mus·

125 3853 304 3942 culorum,
333 3867 515 3954 quatenus
532 3858 609 3933 baeo
625 3860 739 3946 fortis,
767 3860 890 3946 facilis,
918 3862 1052 3949 alaens,
1077 3862 1199 3947 fuerit,

125 3966 311 4063 nequead
330 3966 585 4065 fatigationem
609 3970 831 4057 continuata,
857 3971 1024 4069 voluptas
1046 3973 1199 4072 percipi-

126 4087 210 4162 tur;
235 4077 404 4151 contrarii
429 4102 516 4151 vero
544 4080 591 4153 ab
619 4080 761 4153 actione
787 4081 1035 4155 musculorum
1063 4108 1200 4167 sensus,

96 4285 100 4292 ἢ
125 4188 358 4265 hebetudinis
382 4212 529 4287 nempe,
554 4188 786 4279 lassitudinis,
811 4191 1048 4282 difficultatis,
1073 4195 1200 4268 debili-
