2678 4794
130 341 217 398 csr.
233 339 286 395 iv.
404 310 638 394 'mororum
655 336 945 397 rnaoumcm.
1158 331 1207 400 45

132 519 222 620 quid
237 538 377 617 semper
391 540 588 592 commune
602 516 750 605 habent,
775 515 829 590 ita
844 525 889 591 ut
905 506 1106 617 comparari
1122 545 1209 619 pos.

132 635 201 708 siut
214 653 417 729 earumque
434 629 693 705 similitudines
709 639 750 708 et
765 628 987 705 differentiae
1005 632 1142 732 detegi.

173 766 311 821 cxnv1.
338 742 429 818 Hoc
442 744 676 819 verissimum
700 751 758 818 est
782 742 829 817 de
853 743 963 818 rebus
979 769 1073 843 quas
1097 769 1214 827 aures.

125 880 232 946 nares,
257 857 321 931 vel
345 856 477 956 lingua
499 856 718 956 percipiunt.
772 855 883 931 Oculi
900 880 989 932 vero
1005 857 1131 957 plures
1157 882 1214 934 res

125 972 285 1071 capiunt,
310 992 448 1068 easque
462 969 549 1043 satis
565 967 781 1054 dissimilem
812 967 973 1045 colorem
998 970 1147 1059 scilicet,
1172 970 1215 1044 fi.

125 1108 264 1183 gamm,
290 1080 592 1182 magnitudinem
621 1091 661 1156 et
688 1090 844 1156 motum.
908 1081 1053 1158 Omnes
1086 1094 1215 1159 tamen

126 1195 180 1270 lrae
196 1197 450 1296 perceptiones
469 1195 520 1268 ad
545 1218 667 1270 unum
692 1217 844 1268 sensum
872 1193 976 1268 facile
993 1195 1214 1274 referuntur,

130 1309 215 1406 quia
229 1306 409 1406 peridem
439 1330 621 1406 organum
648 1305 828 1404 idemque
851 1305 1020 1395 meditem,
1047 1319 1092 1383 ut
1108 1331 1215 1383 voca·

133 1429 204 1505 tur,
228 1419 398 1518 idemque
427 1412 546 1518 g'enus
570 1418 766 1516 impulsus,
793 1419 1060 1517 percipiuntur.
1110 1420 1215 1495 Reli

131 1554 213 1629 quae
226 1540 348 1606 autem
362 1533 625 1632 perceptiones,
643 1541 838 1629 utcunque
855 1530 1049 1606 dissimiles
1063 1531 1213 1621 fuerint,

128 1643 171 1717 ed
187 1666 336 1719 sensum
352 1653 476 1719 tuctus
492 1642 711 1719 referuntur.

173 1777 334 1832 cxuwr.
361 1756 498 1830 Sensus
515 1754 682 1854 plerique
693 1753 754 1831 vel
770 1755 868 1855 grati
883 1753 944 1830 vel
960 1756 1096 1854 ingrati
1112 1779 1214 1856 repe·

126 1867 295 1944 riantur:
331 1866 471 1944 scilicet
498 1860 576 1943 nou
604 1868 714 1943 modo
740 1892 807 1943 nos
836 1869 885 1942 de
914 1867 1023 1943 rebus
1049 1869 1212 1944 extemis

127 1991 288 2069 monent,
309 2004 515 2079 earumque
531 1981 727 2079 qualitates
743 1981 849 2057 nobis
866 1989 1130 2082 represenmut,
1147 1981 1212 2056 aed

126 2095 291 2169 animum
319 2092 434 2168 simul
469 2093 725 2183 ita-afficiunt,
756 2106 801 2170 ut
825 2095 973 2170 eosdem
998 2118 1126 2170 sensus
1150 2091 1212 2170 vel

125 2209 315 2307 cupiamus
330 2206 393 2282 vel
409 2206 580 2296 nolimus,
604 2209 813 2283 continuari
830 2218 895 2283 aut
911 2209 1039 2306 repeti.

173 2342 341 2421 cxmn.
368 2319 416 2394 In
433 2319 654 2419 quibusdam
677 2343 852 2394 sensuum
869 2319 1058 2419 exemplis,
1084 2343 1211 2395 sensus
1282 2312 1288 2319 ⁸

129 2432 216 2530 ipse,
240 2433 397 2508 mutatio
425 2433 562 2508 scilicet
591 2456 677 2530 quae
710 2434 750 2505 in
775 2431 891 2503 animi
917 2441 1014 2504 statu
1042 2431 1211 2518 efficitur,

126 2543 311 2642 jucundus
335 2554 402 2635 est,
427 2555 466 2619 et
491 2545 538 2618 ab
562 2567 607 2617 eo
632 2543 709 2616 solo
734 2539 905 2637 voluptas
929 2541 1101 2614 nascitur.
1162 2542 1212 2616 In

131 2654 205 2732 aliis
228 2682 316 2735 vero
344 2657 536 2757 exemplis,
567 2679 643 2732 non
668 2662 816 2729 tantum
842 2675 970 2726 sensus
994 2676 1106 2752 quam
1131 2675 1211 2752 per-

127 2771 255 2870 ceptio,
284 2771 444 2871 qualitas
474 2770 652 2844 nimirum
682 2791 749 2843 seu
778 2765 943 2841 conditio
967 2767 1021 2840 rei
1049 2775 1212 2841 extensae

128 2906 233 2980 quam
251 2885 476 2984 percipimus
493 2894 532 2959 et
557 2906 684 2959 sensus
700 2903 771 2981 ope
788 2881 1054 2980 cognoscimus,
1081 2879 1210 2979 volup-

127 3005 236 3071 tatem
255 2997 331 3071 dat
884 3020 888 3027 ·

173 3132 317 3185 cxmx.
343 3109 482 3185 Primis
498 3109 641 3209 generis
654 3105 825 3204 exempla
841 3115 940 3193 sunt,
951 3104 1112 3202 jucundi
1129 3127 1210 3178 sen·

132 3242 280 3296 sussen
308 3220 520 3322 voluptates
551 3245 644 3321 quas
672 3228 815 3318 gustus,
848 3216 1015 3304 ollactus,
1048 3217 1209 3305 auditus,

130 3333 229 3409 nobis
258 3345 488 3434 suggerunt:
523 3335 659 3433 quibus
684 3330 888 3430 adjungere
911 3339 1059 3428 oportet
1083 3352 1210 3404 sensus

129 3446 317 3543 quosdam,
334 3446 453 3522 veluti
469 3445 607 3533 caloris,
633 3468 728 3543 quos
745 3453 865 3517 tactus
882 3441 956 3515 dat.
1007 3440 1054 3515 In
1074 3442 1129 3517 his
1154 3444 1209 3516 ni·

128 3559 259 3633 mirum
279 3558 469 3658 exemplis,
495 3558 541 3632 ad
567 3580 715 3634 sensum
733 3554 855 3631 solum
870 3555 1119 3645 attendimus3
1147 3578 1209 3628 ne·

128 3693 198 3768 que
213 3671 262 3745 ab
277 3695 325 3746 eo
340 3670 522 3770 quicquid
551 3670 728 3744 docemur
743 3668 791 3741 de
807 3690 924 3755 causa,
949 3691 1014 3742 seu
1030 3667 1210 3766 qualitate

129 3785 284 3882 corporis
300 3784 456 3872 externi,
482 3808 567 3882 quae
584 3804 729 3857 emaum
756 3779 878 3856 efficit
932 3780 1062 3879 Siquid
1088 3777 1215 3852 istius*

130 3896 224 3970 modi
242 3896 428 3982 novimus,
453 3894 503 3982 id,
528 3919 600 3994 ope
625 3893 783 3967 aliorum
813 3916 989 3968 sensuum
1006 3902 1045 3966 et
1065 3887 1210 3988 judicii,

131 4007 366 4094 observando,
389 4005 641 4108 periclitando,
666 4005 928 4094 ratiocinando,
953 4004 1061 4105 plane
1082 3996 1209 4072 didici-

133 4140 216 4195 mus.

174 4255 235 4308 cu.
261 4230 482 4343 Posterioris
510 4231 681 4332 exempla
705 4241 804 4319 sunt,
834 4230 1086 4331 perceptiones
1110 4237 1209 4309 qum-
