2678 4794
189 311 261 385 130
579 325 829 380 cousrscrus
1069 329 1263 385 caaxrr.

190 502 412 579 validissime
447 523 485 575 se
520 510 802 574 contraxerunt:
830 499 946 588 docet,
983 526 1059 602 prae
1084 505 1271 593 omnibus,

191 614 432 693 inflammatio
456 603 515 684 iel
540 635 605 685 sua
629 622 760 708 sponte
785 622 878 701 orta,
905 612 962 687 vel
993 627 1071 688 arte
1100 618 1276 705 excitata,

191 729 311 802 veluti
333 723 519 823 applicatis
535 723 582 796 ad
599 736 721 797 cutem
739 723 1033 814 cantharidibus,
1058 728 1187 824 sinapi,
1205 736 1278 802 aut

193 839 377 916 similibus.
429 835 562 934 Neque
586 833 656 908 alia
680 835 774 910 ratio
799 845 854 910 est
883 837 1090 911 secretionis
1108 838 1278 935 cujusvis

139 994 145 1009 ·
191 961 323 1054 prater
339 948 486 1022 solitum
506 960 634 1036 auctae,
655 948 748 1022 dum
766 947 953 1047 sanguinis
970 960 1092 1024 motus
1109 972 1174 1047 per
1191 950 1279 1024 reli⁴

193 1086 311 1162 quum
329 1084 459 1158 corpus
477 1085 607 1158 parum
626 1060 686 1135 vel
702 1059 796 1134 nihil
812 1069 989 1134 mutatur.

242 1195 455 1249 ccccxxvr.
474 1175 687 1248 Contractio
703 1172 843 1246 arteriae
860 1172 1076 1268 sanguinem
1096 1195 1277 1270 sempera

191 1285 356 1361 cordead
368 1287 578 1359 remotiores
591 1285 751 1360 ramulos
763 1281 956 1382 pmpellit3
975 1283 1167 1381 imprimis,
1185 1285 1277 1383 quia

191 1397 309 1471 valva
325 1397 580 1484 semilurzores,
604 1397 652 1471 ad
666 1397 804 1471 ostium
823 1418 968 1492 magnas
982 1395 1122 1469 arteriae
1139 1397 1277 1472 utrius·

191 1535 266 1610 que
283 1513 373 1597 sitae,
399 1512 495 1583 viam
514 1511 663 1607 penitus
679 1506 858 1583 claudunt
883 1531 957 1604 qua
982 1506 1021 1579 in
1038 1531 1100 1581 cor
1115 1507 1276 1593 rediret3

191 1635 336 1722 oportet
361 1623 476 1721 igitur
499 1645 574 1720 qua
598 1622 707 1695 datur
731 1619 951 1716 portariam
977 1620 1097 1693 ineat:
1124 1621 1276 1717 quinat
1330 1672 1335 1681 -

192 1735 270 1833 ipsa
286 1736 417 1808 arteria
432 1758 546 1832 prope
572 1757 632 1807 cor
648 1732 770 1831 primo
794 1739 978 1806 contracta
995 1732 1180 1828 (quamvis
1195 1731 1277 1807 haec

113 1887 115 1890 >
193 1847 392 1921 contractio
409 1845 633 1919 velocissime
649 1843 695 1916 ad
713 1842 977 1918 minutissimos
1007 1868 1123 1919 ramos
1143 1869 1276 1944 propa·

192 1968 316 2055 getur)
333 1982 481 2030 cursum
499 1957 686 2054 sanguinis
699 1955 973 2054 quodammodo
990 1955 1127 2055 dirigit,
1143 1966 1183 2031 et
1197 1957 1276 2031 fere

192 2068 310 2142 valvae
326 2092 479 2143 munere
495 2067 675 2166 fungitur,
693 2066 868 2169 praecluso
885 2066 1020 2143 scilicet
1036 2069 1159 2143 reditu
1184 2068 1276 2167 ejus,

191 2181 369 2280 permisso
384 2180 498 2256 libero
514 2204 720 2280 progressu.

243 2315 469 2368 ccccxxvu.
491 2292 565 2368 His
582 2293 723 2368 viribus
738 2293 928 2392 impulsus,
946 2295 1094 2393 sanguis
1110 2296 1149 2369 in
1164 2319 1277 2373 venas

195 2386 337 2492 transit,
366 2406 413 2479 ad
438 2430 500 2480 cor
527 2405 766 2481 reducendus.
818 2407 997 2481 Nondum
1024 2410 1109 2483 satis
1133 2417 1277 2484 constat

195 2516 244 2590 de
265 2517 396 2593 harum
422 2518 564 2607 fabrica,
589 2530 654 2594 aut
671 2520 710 2592 vi
739 2517 955 2606 musculosa,
980 2520 1049 2593 nisi
1074 2521 1113 2594 in
1130 2522 1277 2620 magnis

197 2631 337 2703 truncis
362 2656 476 2729 prope
500 2656 571 2705 cor.
646 2631 809 2706 Videtur
833 2632 958 2729 itaque
983 2633 1130 2732 sanguis
1166 2635 1208 2708 in
1232 2634 1277 2710 iia

196 2743 348 2826 moveri,
375 2744 509 2837 partim
526 2743 566 2815 vi
582 2767 603 2815 a
619 2751 736 2840 tergo,
760 2743 896 2817 scilicet
921 2768 1033 2841 quam
1058 2771 1079 2817 a
1104 2747 1213 2820 corde
1237 2756 1277 2821 et

195 2851 334 2922 arteriis
351 2851 502 2937 habuit;
528 2854 662 2952 partim
688 2856 935 2933 contractione
952 2858 1206 2933 musculorum
1222 2860 1277 2934 vi-

195 2958 362 3033 cinorum
380 2973 445 3034 aut
460 2962 770 3050 incumbentium,
796 2968 861 3062 qui
879 2992 990 3042 venas
1007 2942 1277 3068 comprimant:

193 3068 254 3144 hae
279 3095 376 3157 vero,
416 3073 616 3170 praesertim
642 3075 680 3147 in
706 3077 870 3174 partibus
895 3080 1122 3169 musculosis,
1161 3084 1278 3159 valvis

191 3181 441 3270 instruuntur,
468 3208 553 3281 quae
568 3184 730 3259 reditum
757 3191 944 3288 sanguinis
961 3192 1007 3265 ad
1023 3196 1171 3270 arterias
1196 3221 1276 3296 pro·

196 3293 337 3382 hibent,
353 3319 585 3395 progressum
604 3295 683 3394 ejus
699 3298 746 3371 ad
762 3325 825 3374 cor
841 3304 1072 3401 permittunt.

247 3430 496 3482 ccccxxvrn.
523 3408 721 3495 Quantum
738 3410 784 3485 ad
801 3436 946 3487 cursum
961 3418 1150 3515 sanguinis
1167 3445 1278 3520 expe·

196 3518 373 3592 diendum
400 3530 438 3592 et
463 3521 694 3595 incitandum
721 3523 840 3598 valeat
868 3531 1067 3603 contractio
1091 3532 1279 3606 musculo-

195 3653 291 3715 rum,
317 3630 425 3704 docet
440 3643 564 3706 motus
581 3624 769 3733 sanguinis
785 3637 923 3712 mirum
936 3641 974 3712 in
992 3641 1148 3716 modum
1174 3642 1278 3718 exe'r·

195 3742 368 3814 citatione
384 3742 579 3820 incitatus:
607 3746 713 3819 docet
742 3746 838 3820 idem
862 3750 1010 3848 ignavia
1026 3752 1278 3852 languescens,

194 3875 270 3926 non
288 3853 365 3926 sine
382 3856 485 3952 gravi
503 3881 597 3956 saepe
614 3858 848 3933 incommodo
864 3872 930 3935 aut
945 3864 1128 3961 periculo;
1146 3891 1278 3965 quarn-

194 3965 250 4039 vis
268 3965 443 4052 homines,
461 3991 571 4064 quam
589 3970 750 4043 rnaxime
766 3969 923 4069 ignaviae
941 3975 1067 4063 dediti,
1085 3977 1145 4051 vel
1162 3981 1279 4055 etiam

193 4077 428 4166 dormientes,
454 4080 622 4157 nonnihil
648 4105 791 4180 semper
815 4077 939 4161 motiss
955 4087 1155 4165 musculosi
1172 4115 1277 4168 exer·

197 4198 311 4268 teani.
