2678 4794
115 325 201 382 car.
217 322 371 381 xxxrn.
422 320 643 377 Maurorum
661 321 949 379 ranoaurrca.
1117 304 1192 380 46⁸

116 503 256 578 tionem
273 503 342 577 rite
358 499 642 585 exinaniuntur;
667 499 759 574 dum
777 510 898 598 partes
911 497 1094 599 quaedam,
1105 520 1194 575 ren·

115 614 269 690 triculus
285 614 467 713 praecipue
483 623 521 688 et
538 608 724 698 intestina,
747 613 865 686 nimio
881 621 920 686 et
935 612 1069 687 nocivo
1084 632 1194 687 onere

114 737 274 824 gravatae
289 744 403 824 atquc
418 748 610 823 oppressae,
634 733 673 799 et
689 725 779 799 vitae
801 748 939 823 genere
960 748 1091 824 parum
1116 723 1194 798 ido-
1225 733 1226 736 ’

114 861 185 911 neo
200 837 359 936 amplius
376 836 585 923 debilitata,
611 860 733 935 neque
756 861 852 912 onus
870 838 971 935 quod
988 836 1194 936 acceperint

113 973 352 1048 concoquere,
378 971 501 1045 neque
518 957 562 1021 ut
578 946 716 1023 debent
732 973 927 1024 excernere
942 951 1092 1048 possint.
1144 949 1194 1023 In

112 1060 183 1136 hoc
212 1064 330 1161 igitur
359 1069 458 1134 statu
483 1060 593 1133 variae
619 1062 898 1148 exinanitiones,
924 1063 1020 1136 sanis
1043 1059 1194 1135 inutiles

113 1184 228 1271 atque
244 1173 396 1258 nocivae,
415 1171 554 1246 ratione
570 1171 670 1245 haud
686 1174 851 1261 obscura,
867 1173 1042 1272 perutiles
1054 1172 1115 1248 vel
1130 1195 1195 1246 ne-

114 1286 276 1358 cessariae
292 1308 439 1383 prorsus
455 1282 534 1356 fieri
551 1294 706 1380 possunt
721 1284 934 1360 hominibus
950 1285 1016 1384 qui
1034 1287 1099 1359 vix
1116 1282 1194 1358 sani

113 1393 238 1470 haberi
264 1396 446 1486 debeant3
483 1391 662 1468 nimirum
691 1381 768 1492 q'ui,
794 1396 824 1468 si
850 1396 1017 1470 nondum
1042 1405 1195 1496 aegrota·

114 1519 207 1594 rent,
230 1506 358 1581 saltem
376 1531 465 1581 mox
482 1516 602 1581 essent
617 1506 840 1605 aegrotaturi.
892 1506 947 1579 Et
962 1507 1125 1604 proiecto
1142 1531 1195 1582 sa·

17 1640 20 1647 ·
114 1620 162 1693 tis
178 1644 329 1717 aequum
347 1629 412 1706 est,
439 1628 477 1693 et
495 1619 648 1692 minime
665 1620 816 1705 mirum,
841 1618 986 1716 eosqui
1003 1620 1094 1693 adeo
1110 1643 1195 1694 con·

113 1739 170 1805 tra
186 1742 354 1805 naturam
373 1731 520 1817 vivunt,
537 1730 684 1803 auxiliis
701 1753 776 1803 nou
794 1730 919 1804 minus
937 1739 1070 1829 practer
1087 1744 1196 1806 natu·

111 1868 189 1917 ram
200 1866 295 1941 saepc
307 1867 423 1942 egere.
449 1842 527 1930 Qui
538 1866 626 1915 vero
638 1842 845 1915 secundum
862 1855 1034 1916 naturam
1047 1842 1195 1930 vivunt,

112 1957 157 2029 iis
175 1957 269 2030 vires
286 1955 366 2053 ejus
383 1954 662 2029 conservatrices
680 1954 764 2046 (nisi
781 1979 890 2028 causa
905 1954 1030 2053 aliqua
1045 1954 1195 2053 gravior

113 2067 234 2141 morbi
262 2066 463 2162 accesserit)
492 2066 684 2140 sanitatem
715 2068 801 2141 satis
830 2068 1056 2157 tuebantur:
1082 2065 1195 2142 nullis

114 2181 213 2253 enim
231 2179 401 2254 remediis
418 2201 504 2251 sana
520 2176 666 2249 Natura
682 2187 805 2273 potest
820 2202 950 2275 egere:
979 2177 1097 2277 Cujus
1113 2174 1195 2277 qur?

111 2290 193 2367 dem
209 2288 486 2365 administratio
504 2288 548 2378 (si
560 2287 670 2360 verba
686 2286 876 2361 Ciceronis
893 2290 1057 2361 mutuari
1072 2289 1196 2389 liceat)

112 2402 208 2477 aiiii
221 2401 329 2477 tabet
346 2402 439 2475 inse
455 2397 556 2497 qaod
571 2396 795 2497 reprehendi
804 2406 930 2505 potest
939 2427 952 2481 ,·
977 2421 1026 2472 ea
1039 2396 1086 2473 iis
1098 2399 1196 2476 enim

111 2514 265 2589 acturis
281 2539 365 2612 quoe
381 2520 504 2598 erant,
529 2509 629 2609 qaod
643 2507 736 2607 effici
749 2509 873 2610 putarit
889 2508 1077 2610 optimum,
1091 2509 1195 2609 (ffers
1315 2598 1319 2607 1

110 2636 190 2702 tara
206 2635 284 2701 est.-
324 2623 452 2700 doceat
477 2645 570 2722 ergo
595 2619 733 2721 aliquis
755 2620 921 2720 potuisse
937 2617 1092 2695 melias:
1130 2621 1198 2697 sed

110 2763 216 2814 aerae
232 2761 399 2835 capuam
427 2732 591 2824 docebit.-
629 2741 666 2808 et
695 2733 814 2832 siquis
842 2731 1033 2828 corrigere
1049 2731 1197 2831 aliquid

112 2848 218 2937 volet,
242 2858 311 2924 aat
327 2847 493 2935 deterius
496 2845 631 2948 saciet,
656 2853 726 2921 aut
742 2844 794 2934 id,
818 2843 1016 2946 quodfleri
1031 2871 1107 2922 reoa
1124 2870 1194 2947 po-

112 2972 192 3050 test,
220 2958 454 3037 desiderabit.
1129 2980 1132 2984 “

160 3097 341 3150 naccum.
369 3072 657 3148 Exinanitiones
674 3073 840 3161 demum,
865 3075 1036 3173 quamvis
1063 3083 1120 3149 tot
1137 3100 1190 3150 sa·

110 3187 244 3262 lutares
262 3186 414 3261 effectus
437 3188 627 3279 (mccxx,
653 3195 840 3284 Mcccurr)
865 3187 904 3259 in
930 3211 1080 3285 corpore
1104 3212 1193 3285 prae-

109 3312 219 3388 stent,
236 3312 274 3374 et
291 3300 328 3372 iu
347 3299 476 3373 multis
494 3301 631 3374 morbis
648 3323 724 3372 non
741 3298 852 3372 utiles
870 3299 990 3384 modo,
1013 3297 1075 3371 sed
1093 3322 1192 3394 pror·
1220 3364 1224 3379 ,

105 3437 170 3487 sus
191 3412 398 3486 necessariae
423 3412 507 3498 sint,
534 3421 659 3499 tamen
684 3435 759 3485 non
785 3434 928 3510 semper
952 3410 1193 3498 conveniunt,

108 3549 230 3623 neque
263 3548 348 3598 sane
382 3522 545 3621 periculo
577 3534 711 3610 carent,
745 3525 860 3597 etiam
885 3546 972 3595 cum
996 3522 1106 3596 variis
1144 3521 1193 3596 de
1242 3524 1245 3529 ’

107 3638 222 3712 causis
239 3637 401 3711 maxime
418 3636 555 3734 requiri
573 3636 791 3710 videantur:
818 3635 929 3709 variae
946 3634 1084 3709 scilicet
1101 3642 1191 3711 sunt

108 3750 268 3848 corporis
286 3747 526 3835 conditiones,
551 3748 689 3845 quibus
714 3747 971 3834 existentibus,
995 3747 1064 3821 hoc
1080 3768 1192 3819 omne

106 3862 183 3935 fere
215 3885 334 3961 genus
358 3860 607 3935 remediorum
632 3859 892 3934 evacuantium
928 3859 1024 3933 male
1050 3855 1190 3932 tolerat.

107 3973 212 4048 Hinc
237 3998 333 4073 saepc
358 3996 496 4072 magna
521 3970 729 4057 difficultas,
763 3994 850 4044 cum
876 3972 1012 4045 vitium
1038 3967 1191 4066 aliquod

106 4087 256 4184 gratius
281 4085 496 4184 hujusmodi
521 4083 725 4158 remedium
755 4083 864 4182 plane
888 4095 927 4158 et
953 4080 1191 4155 vehementer

103 4197 272 4295 requirit,
305 4211 344 4272 et
369 4221 500 4297 corpus
525 4195 636 4273 simul
661 4195 732 4270 hoc
757 4194 911 4271 tolerare
935 4194 1075 4293 nequit.
1126 4192 1191 4267 De
