2678 4794
443 642 879 730 CONSPECTUS

161 923 584 1096 mmmmm
617 990 1133 1093 menonnmcm.
1187 1104 1206 1133 „

510 1337 796 1354 ῃ

508 1356 792 1371 *a—-v-——u—

124 1625 200 1701 Cen
211 1617 515 1702 I.-Generalia
532 1618 702 1721 quedam
710 1620 919 1727 prensando
931 1626 1193 1731 desoociimti-

162 1736 219 1814 bm
241 1734 425 1837 emporii
453 1731 531 1807 vivi
539 1763 552 1818 ,·
587 1732 633 1808 de
660 1743 805 1810 notura
833 1740 1030 1841 comitque
1057 1743 1195 1820 morbo-

161 1875 259 1935 rmm
296 1848 349 1924 de
378 1843 526 1922 viribon
555 1846 705 1945 commi
729 1848 863 1939 insitio,
888 1878 973 1953 qooe
996 1855 1194 1934 sanitatem

113 2024 117 2037 .
166 1971 314 2037 tuemur
342 1957 559 2057 morbosque
584 1956 795 2057 depellerem
830 1988 989 2044 necnon
1013 1968 1060 2044 de
1081 1992 1193 2045 reme-

165 2073 305 2151 diorum
320 2080 484 2159 matnro,
507 2066 663 2159 viribus,
686 2080 723 2148 et
739 2072 936 2173 ffictimeo.

579 2314 754 2327 *—

136 2531 159 2582 1.
180 2465 349 2588 Comus
373 2514 595 2603 humanum,
620 2530 698 2589 arto
727 2536 874 2613 peorsus
899 2512 1026 2585 divino
1049 2514 1196 2591 fabrica·

132 2631 216 2714 tum,
239 2626 365 2701 multis
381 2638 420 2702 et
449 2629 551 2703 miris
576 2627 748 2729 fungitur
773 2624 1010 2712 muneribus;
1036 2650 1198 2727 quorum

136 2732 190 2809 elia
202 2738 246 2813 od
262 2764 319 2814 res
342 2750 523 2830 externas,
548 2742 618 2817 alia
642 2741 689 2816 ad
715 2740 876 2840 seipsum
902 2748 1061 2828 tantum,
1085 2742 1197 2842 perti·

138 2862 219 2925 nent.

175 2984 211 3038 11.
235 2964 303 3038 Ad
331 2962 491 3039 alterum
522 2989 641 3064 genus
674 2964 883 3040 referuntur
916 2988 1042 3041 sensus
1075 2966 1195 3041 omnis

138 3084 314 3175 motusque
340 3075 592 3162 voluntarium
617 3077 764 3177 quibus,
790 3079 1032 3174 quantumvis
1058 3079 1195 3177 simpli·

139 3181 231 3274 cibet,
253 3187 407 3275 viribus,
433 3189 620 3264 mundum
635 3190 901 3289 cognoscimus,
931 3200 1109 3264 ternarum
1131 3214 1197 3289 po

138 3292 242 3373 timor.
292 3300 370 3375 Hae
394 3302 602 3376 functiones
626 3301 801 3377 animales
825 3303 926 3400 apud
947 3301 1117 3412 „medicos
1141 3303 1196 3377 di·

136 3422 261 3487 cunno.
307 3446 320 3469 ·

173 3543 228 3598 111.
252 3525 416 3600 Minime
432 3550 520 3600 vero
536 3527 639 3600 omni
654 3537 822 3627 tempore
847 3527 893 3612 ad
910 3528 974 3602 has
990 3529 1197 3603 functiones

135 3633 281 3714 valemus
295 3668 304 3714 ε
330 3639 443 3740 longo
458 3640 558 3715 enim
583 3648 650 3715 out
665 3640 788 3715 valida
803 3641 881 3714 sive
897 3642 1012 3714 animi
1027 3643 1105 3716 sive
1121 3666 1198 3716 cor·

133 3750 216 3841 pons
230 3753 493 3827 exercitatione
508 3753 705 3850 utriusque
720 3753 816 3826 vires
837 3753 960 3828 insitae
975 3754 1197 3830 exhauriun-

133 3867 192 3936 tur.
238 3863 287 3938 In
299 3862 371 3939 hoc
386 3873 511 3939 autem
531 3872 629 3939 statu
647 3865 751 3940 brevi
767 3888 973 3955 monemur,
990 3879 1029 3942 et
1044 3869 1197 3942 tandem

130 3969 217 4049 dulci
227 3976 445 4052 necessitate
456 3977 636 4076 cogimur,
651 3976 790 4052 labores
801 4001 931 4053 omnes
941 3989 980 4052 et
989 3978 1198 4076 voluptates

126 4085 252 4181 pen'tet
260 4088 507 4163 intermittere
516 4090 896 4192 cumsquedeponere,
907 4100 946 4164 et
956 4090 1198 4191 nosmetipsos

126 4194 276 4273 defessos
298 4210 338 4276 et
361 4199 597 4278 hebescentes
621 4203 743 4280 somni
770 4202 1004 4302 amplexibus
1030 4198 1198 4281 commit-

631 4339 662 4391 A
