2678 4794
180 378 254 450 312
586 386 840 443 consessurus
1045 393 1132 447 csr.
1149 394 1252 448 xxv.

178 576 251 642 sut
274 566 388 641 nimia
409 562 512 660 copia
533 559 670 634 dentur
686 558 832 656 jusculs
855 585 903 637 ex
929 563 1099 640 carnibus
1122 581 1264 666 putata,

183 681 343 781 neptus
365 699 472 774 aequo
495 670 635 759 alendo,
671 695 802 770 corpus
826 685 990 773 gravent,
1027 677 1087 748 vel
1111 681 1268 777 proprio

178 791 338 868 -stimuto
349 785 568 863 calefaciunt.
632 785 826 875 Praeterea,
850 786 936 861 talin
953 785 1110 885 jusculs,
1133 790 1274 887 impri.

186 906 258 981 mis
278 902 435 986 fortiora,
458 921 730 997 nonnunquam
755 898 889 998 aegrius
912 898 1131 998 digenmtur
1145 924 1274 997 quam

185 1016 310 1092 wiidae
324 1032 448 1087 ames
462 1010 607 1085 modica
620 1010 832 1109 quurtitste
856 1020 1064 1111 assumptae,
1090 1021 1130 1084 et
1145 1012 1274 1110 msgis

183 1125 366 1212 nutriunt,
386 1132 426 1197 et
442 1123 526 1198 ideo
541 1123 626 1223 plus
642 1122 868 1199 erbefruiunt,
916 1123 1156 1199 Ventriculus
1173 1148 1272 1221 quo-

184 1258 259 1336 que
279 1237 473 1312 interdum
483 1246 644 1312 tenuem
666 1236 904 1336 fluidumque
919 1237 1040 1312 cibum
1060 1236 1152 1310 male
1180 1261 1271 1312 oon·

182 1349 321 1446 coquit,
347 1359 431 1424 tum
446 1352 611 1448 psopter·
625 1349 814 1424 festidium
833 1349 915 1425 tulis
932 1350 1015 1438 cibi,
1044 1348 1145 1448 quod
1171 1373 1271 1449 sepe

181 1459 315 1536 eccidit
340 1464 496 1562 (ccxx),
519 1472 606 1537 tum
622 1472 772 1561 prm
788 1462 971 1536 defectum
997 1462 1096 1537 soliti
1110 1461 1270 1548 stimuli,

179 1596 292 1673 quesn
310 1576 459 1649 crassior
474 1573 534 1647 vel
561 1573 710 1648 solidior
738 1573 841 1648 cibus
858 1573 1063 1649 ventriculo
1079 1573 1172 1648 solet
1194 1573 1268 1649 im·

179 1686 328 1787 pertire.
373 1688 663 1785 Quapropteret
679 1686 973 1785 lioetetoportet
981 1707 1269 1784 nonnunquam,

178 1820 271 1874 orm
296 1808 449 1900 psopter
476 1806 615 1871 ctutum
631 1798 790 1896 corporis
805 1798 909 1872 cibus
934 1822 985 1873 ex
1002 1799 1172 1873 carnibus
1186 1798 1269 1873 ido-

181 1932 275 1986 neus
294 1909 458 1997 videtur,
493 1908 623 1983 solidus
643 1933 773 1988 eomes
787 1912 917 2010 aegtis,
946 1911 1119 2011 quamvis
1141 1910 1269 1987 adhuc

181 2021 482 2110 febricitantibus,
519 2022 733 2122 permittere
770 2023 870 2122 (quae
904 2025 1095 2098 interdum
1130 2021 1268 2100 melius

181 2160 291 2234 quam
305 2135 451 2235 juscula
466 2134 594 2209 tenuia
609 2142 917 2234 concoquuntur),
942 2135 1002 2210 vel
1026 2134 1159 2210 saltem
1174 2160 1268 2211 cum

175 2247 331 2346 jusculis
346 2246 522 2323 tenuibus
538 2270 670 2344 punem
687 2257 828 2324 tostum
845 2248 941 2337 dure,
963 2259 1006 2323 ut
1023 2247 1169 2346 aliquid
1182 2247 1266 2323 eoli-

178 2358 223 2434 di
238 2361 279 2434 in
294 2358 501 2436 ventriculo
516 2359 586 2444 sit;
612 2359 801 2434 interdum
817 2361 928 2434 etiarn
953 2359 1183 2435 stimulantis
1198 2383 1267 2437 seu

182 2473 424 2548 condimenta¹
443 2472 626 2570 quaedsm,
652 2471 772 2547 veluti
790 2470 945 2570 cyathus
961 2473 1065 2559 meri,
1096 2480 1165 2547 sut
1176 2496 1266 2572 puu-

182 2583 305 2660 lulum
334 2584 416 2660 salis
444 2586 652 2658 communis
683 2584 868 2684 (quumvis
894 2608 960 2659 suu
983 2595 1116 2659 nutura
1132 2609 1267 2684 purum

182 2695 333 2794 idonei),
350 2698 547 2770 necessaria
562 2697 670 2784 fiunt,
699 2699 839 2797 quippe
854 2697 933 2770 sine
948 2695 1083 2795 quibus
1099 2698 1192 2796 aegri
1216 2697 1266 2771 ci-

181 2803 273 2877 bum
290 2804 356 2878 su't
371 2806 662 2894 nolintsumere,
679 2819 756 2895 aut,
771 2809 803 2881 si
825 2808 1058 2906 sumpserint,
1072 2819 1267 2905 nequeunt

179 2936 416 3012 concoquere.

230 3045 481 3101 nccccxcvrr.
511 3028 684 3101 Medium
711 3027 872 3129 denique
888 3031 1008 3106 locum
1025 3032 1120 3106 inter
1134 3053 1266 3108 carnes

180 3145 219 3211 et
239 3134 362 3238 fruges
391 3146 494 3212 tenet
510 3138 575 3226 lac,
604 3139 750 3237 cibique
773 3143 944 3217 nonnulli
961 3168 1009 3218 ex
1024 3143 1117 3219 iuste
1133 3147 1263 3244 parati.

178 3242 414 3327 Lucentem
443 3261 482 3326 et
510 3252 596 3325 satis
623 3252 791 3328 nutriens
817 3267 888 3345 est,
916 3267 955 3330 et
970 3281 1103 3355 purum
1120 3257 1261 3335 stimuli

180 3361 303 3452 hebet,
332 3374 371 3438 et
386 3376 518 3438 nature
545 3384 719 3453 acescens,
746 3388 822 3442 non
851 3369 963 3444 modo
990 3392 1066 3442 non
1083 3370 1261 3467 putrescit

174 3472 314 3570 ipsum,
333 3476 396 3550 sed
413 3476 572 3574 corporis
598 3477 788 3575 putredini
810 3479 952 3555 obstat:
979 3481 1096 3579 igitur
1120 3481 1259 3557 febrici-

178 3584 345 3660 tantibus
370 3611 439 3686 pro
467 3587 551 3662 cibo
566 3598 605 3662 et
633 3597 726 3686 potu
743 3591 854 3665 simul
869 3593 1019 3666 concedi
1043 3602 1182 3690 potest,
1197 3600 1261 3668 uut

175 3712 312 3796 purum
331 3696 459 3789 (modo
474 3722 550 3775 non
567 3700 681 3775 nimia
695 3704 801 3801 eopia
816 3703 951 3800 detur),
967 3713 1043 3791 aut,
1063 3706 1172 3803 quod
1185 3729 1259 3781 me·

174 3808 247 3884 lius
263 3819 329 3896 est,
353 3812 443 3908 quia
459 3836 596 3911 purum
622 3812 678 3887 loc
705 3826 744 3887 et
760 3816 871 3888 nimis
895 3815 971 3902 alit,
995 3825 1035 3890 et
1051 3816 1259 3893 ventriculo

174 3920 284 3996 valde
300 3921 412 3995 debili
440 3914 542 3997 oneri
571 3948 648 3999 esse
664 3934 796 4022 potest,
825 3926 945 4002 mults
968 3952 1065 4026 aqua
1081 3927 1258 4023 dilutum,

175 4043 244 4109 sut
259 4042 424 4108 extructo
454 4060 521 4110 suo
536 4036 628 4125 oleo,
655 4061 719 4110 seu
736 4035 886 4135 butyro,
911 4041 1061 4115 tenuius
1085 4049 1125 4115 et
1141 4042 1259 4141 magis

175 4170 339 4222 acescens
367 4146 527 4233 factum;
553 4159 619 4223 aut
649 4149 813 4236 demum,
843 4153 946 4249 quod
972 4153 1164 4252 optimum
1193 4160 1256 4240 est,

172 4251 364 4358 pre'lsete
391 4259 483 4360 ipso,
511 4282 634 4336 serum
661 4260 751 4360 ejus,
780 4262 922 4340 subluta
949 4275 989 4341 et
1003 4264 1139 4365 rejects
1154 4274 1257 4368 purte
