2678 4794
203 340 274 437 136
617 355 871 414 consrucros
1102 360 1187 416 cur.
1205 358 1271 416 xv.

201 561 288 637 quae
311 536 488 610 rationem
513 532 789 631 quodammodo
813 534 934 608 reddit
973 530 1132 633 corporis
1166 539 1278 611 incre·

202 651 331 736 menti,
349 658 472 731 status,
489 656 527 717 et
544 645 825 720 imminutionis.
876 646 1003 735 Pol'ro,
1026 648 1056 720 si
1072 647 1156 747 plus
1174 649 1279 745 justo

202 760 388 859 sanguinis
405 758 444 829 in
460 780 609 856 corpore
624 757 746 845 fuerit,
763 758 942 857 quicquid
960 759 1046 832 mali
1062 784 1110 832 ex
1126 783 1171 832 eo
1187 761 1279 832 oria·

203 885 273 958 tur,
291 880 435 967 oportet
452 869 571 966 prima
586 879 695 943 aetate
722 871 763 944 in
780 871 929 957 arteriis,
954 880 1124 969 provecta
1148 879 1278 945 autern

200 987 238 1060 in
259 983 369 1069 venis,
388 1006 425 1054 se
442 981 606 1056 maxime
624 981 841 1057 manifestet.
887 982 982 1058 Haec
994 983 1131 1082 (aliqua
1146 981 1277 1055 saltem

201 1120 249 1171 ex
265 1100 381 1191 parte)
409 1093 558 1167 videtur
587 1117 664 1168 esse
692 1094 785 1168 ratio
801 1096 1035 1193 quorundam
1063 1093 1275 1168 morborum

199 1207 266 1305 qui
282 1214 381 1279 certa
396 1206 485 1279 vitae
500 1215 669 1305 tempora
684 1206 850 1281 comitari
866 1206 994 1281 solent

251 1341 464 1393 ccccxcvi.
491 1319 678 1394 Foeminae
704 1318 922 1407 multorum,
937 1319 1085 1392 fortasse
1110 1318 1279 1392 omnium

201 1431 431 1517 animalium,
469 1431 608 1505 habent
632 1433 778 1505 arterias
802 1431 901 1506 haud
926 1456 1057 1530 parum
1082 1430 1281 1529 capaciores

199 1552 238 1617 et
263 1542 427 1629 laxiores,
462 1566 549 1615 cum
574 1544 678 1617 venis
707 1554 940 1641 comparatas,
977 1566 1163 1641 venasque
1186 1542 1280 1640 ipsas

197 1654 320 1729 multo
337 1655 506 1740 minores,
532 1679 642 1753 quam
661 1678 776 1730 mares
805 1654 971 1753 ejusdem
987 1656 1154 1754 generis3
1179 1652 1279 1752 quod

200 1768 378 1866 imprimis
403 1765 564 1841 notabile
589 1768 708 1841 estin
733 1775 843 1842 corta
859 1767 1113 1856 descendente,
1139 1767 1279 1840 sicum

200 1905 295 1972 vena
312 1904 399 1954 cava
415 1880 644 1966 ascendente,
673 1903 760 1976 quae
775 1879 896 1952 eidem
914 1879 1120 1979 respondet,
1136 1902 1279 1978 compo·

198 2002 277 2067 rata
293 1991 425 2065 fuerit:
451 1991 556 2088 cujus
585 1992 639 2065 rei
669 1991 862 2066 consilium
879 1992 979 2068 haud
995 1992 1192 2068 obscurum
1215 2000 1280 2079 est,

200 2126 347 2201 nempe,
365 2127 442 2200 quo
458 2103 591 2177 melius
603 2102 748 2179 valeant
763 2103 809 2177 ad
819 2103 955 2179 foetum
966 2105 1152 2193 alendum,
1168 2127 1282 2204 quem

176 2302 178 2307 .
198 2228 341 2314 gestare
357 2215 505 2291 debent.
545 2216 619 2290 Par
635 2240 787 2316 quoque
802 2216 952 2292 videtur
966 2241 1044 2292 esse
1059 2218 1164 2307 ratio,
1179 2214 1283 2317 quod

197 2326 364 2403 foerninae
394 2329 441 2402 ad
470 2329 745 2429 plenitudinem
775 2331 933 2427 corporis
960 2330 1044 2429 plus
1071 2353 1187 2428 quarn
1210 2327 1282 2403 viri

140 2502 144 2509 .
168 2524 173 2537 Ι
197 2441 376 2541 proclives
392 2443 476 2517 sint
527 2442 633 2518 Huic
648 2467 801 2543 quoque
829 2442 959 2541 majori
986 2443 1201 2518 arteriarum
1226 2466 1305 2529 ca„

196 2555 347 2653 paritati
380 2564 420 2628 et
446 2556 620 2655 parvitati
648 2579 827 2631 venarum
861 2554 1020 2629 eximius
1044 2554 1281 2630 foeminarum

136 2728 141 2739 .
196 2668 324 2741 vultus
341 2676 380 2740 et
396 2669 492 2741 cutis
508 2668 607 2742 color
623 2668 843 2742 tribuendus
859 2677 925 2754 est,
942 2678 982 2742 et
996 2668 1180 2764 elegantia
1201 2667 1278 2742 bra·

195 2776 373 2865 chiorum,
389 2778 502 2854 nullis
519 2781 635 2866 venis,
652 2781 754 2854 utin
771 2779 944 2866 maribus,
960 2779 1171 2854 lividorum.

245 2911 471 2963 ccccxnvrr.
489 2891 593 2976 Quin
611 2900 650 2964 et
666 2891 815 2988 sanguis
831 2891 985 2966 diversis
1001 2892 1168 2991 partibus
1182 2870 1289 2969 variis*

195 2992 301 3096 copia
333 2999 461 3082 datum
503 3000 710 3098 iisdemque
745 3003 910 3099 partibus
939 3005 1008 3077 alia
1031 3005 1280 3107 proportione,

195 3107 267 3182 alio
284 3109 374 3184 vitae
400 3120 576 3209 tempore.
627 3114 668 3187 A
693 3114 821 3213 primis
844 3116 1094 3194 fundamentis
1117 3117 1279 3219 corporis

189 3218 309 3318 jactis,
334 3224 465 3323 ingens
481 3223 585 3323 copia
600 3225 648 3299 ad
664 3228 776 3324 ¹caput
792 3228 975 3315 mittitur;
1000 3228 1148 3318 scilicet,
1174 3228 1277 3330 quod

194 3336 359 3430 primum
377 3336 525 3411 formari
541 3348 580 3411 et
595 3337 729 3427 evolvi,
752 3340 901 3439 suisque
918 3343 1133 3418 muneribus
1149 3341 1278 3442 aptari,

195 3444 352 3523 debeat:
378 3458 416 3523 et
439 3448 603 3548 profecto
628 3460 739 3549 caput
766 3463 852 3526 ante
877 3454 963 3528 alias
991 3466 1111 3552 partes
1134 3455 1279 3554 justam

194 3579 298 3631 suam
318 3561 615 3660 magnitudinem
632 3564 794 3662 attingit.
844 3567 995 3642 Auctus
1011 3591 1099 3642 vero
1114 3566 1279 3667 renixus,

191 3678 388 3769 partesque
404 3673 505 3748 haud
521 3674 626 3749 facile
641 3677 800 3776 amplius
824 3678 1029 3769 dilatandae,
1055 3683 1278 3782 sanguinem

191 3779 264 3853 alio
280 3781 494 3861 divertunt:
521 3796 605 3861 tum
622 3787 808 3887 reliquum
825 3813 966 3890 corpus,
983 3817 1051 3891 pro
1067 3805 1146 3869 rata
1161 3805 1279 3894 parte,

191 3889 277 3990 plus
302 3918 415 3992 quam
441 3907 549 3972 antea
573 3902 711 4005 crescit,
745 3912 784 3976 et
810 3928 947 4002 organa
964 3906 1148 4004 quaedam,
1173 3908 1279 4008 prius

141 4082 143 4087 ,
190 4003 393 4082 admodum
417 4009 642 4109 imperfecta,
666 4023 706 4087 et
722 4015 826 4111 quasi
843 4016 998 4104 inutilia,
1025 4020 1177 4095 demum
1196 4044 1279 4120 per-

188 4113 371 4308 Eccitrpptur
394 4136 434 4197 et
457 4121 692 4215 evolvuntur,
717 4125 764 4202 ad
789 4129 935 4228 propria
959 4153 1115 4207 munera
1143 4131 1279 4208 idoneo
