2678 4794
248 1309 342 1383 Cnr.
360 1304 612 1380 XLII.-De
627 1301 798 1380 remediis
815 1299 1156 1378 anthelmintlricis.

158 2247 339 2305 uncxnr.
358 2175 686 2299 Consronnrrrs
698 2223 777 2323 jam
790 2222 898 2296 variis
915 2220 1166 2295 remediorum
1183 2247 1246 2320 ge·

157 2339 317 2424 neribus,
348 2364 431 2436 quae
461 2337 603 2410 diversa
631 2337 691 2411 vel
720 2337 921 2411 humorum
950 2332 1012 2407 vel
1043 2333 1242 2408 solidarum

159 2454 322 2551 partium
338 2452 430 2525 vitia
446 2451 645 2548 corrigunt,
662 2474 821 2549 quaeque
838 2449 954 2522 varios
970 2447 1242 2522 exinanitiones

159 2565 338 2650 efficiunt,
356 2573 520 2690 superest
532 2587 633 2636 nune
649 2576 693 2637 ut
710 2563 796 2636 de''
773 2588 817 2636 us
834 2585 953 2635 sermo
970 2557 1039 2633 fiat
1056 2584 1142 2658 qnae
1157 2584 1240 2633 eon·

160 2687 216 2752 tra
233 2701 376 2751 vermes
402 2676 441 2747 in
471 2676 654 2749 intestinis
683 2675 919 2774 hospitantes
944 2670 1211 2805 calculosque
1201 2695 1239 2744 rn

160 2791 230 2861 viis
247 2813 364 2862 unnae
374 2788 552 2862 haerentes
565 2799 742 2887 prosunt;
769 2781 981 2884 hujusmodi
995 2750 1236 2861 enimauxiiia

158 2901 206 2975 ad
223 2901 398 2976 nullum
382 2927 462 3000 Jam
479 2903 741 2976 recensitorum
757 2923 875 2998 genus
892 2896 1017 2970 referri
1034 2907 1182 2994 queunt

210 3037 371 3088 Mnexx.
407 3015 590 3086 Remedia
618 3038 702 3110 quae
730 3012 904 3084 adversus
931 3030 1072 3083 vermes
1096 3005 1232 3092 valent,

158 3122 459 3200 antieinrintlrieu
485 3124 585 3221 apud
615 3124 774 3197 medicos
799 3132 989 3198 vocantur.
1040 3119 1236 3195 Vennium

159 3247 286 3315 autem
304 3237 402 3310 varia
419 3261 552 3336 genera
579 3237 617 3308 in
646 3236 829 3310 intestinis
847 3235 964 3310 solent
981 3233 1162 3319 nidulori3
1187 3241 1238 3306 te·

158 3360 253 3424 retes
269 3351 461 3448 imprimis,
478 3358 516 3421 et
532 3348 608 3435 lati,
626 3373 689 3424 seu
708 3349 840 3436 toenioe,
857 3359 895 3423 et
908 3346 1111 3434 meotides,
1128 3357 1167 3419 et
1179 3344 1239 3417 de-

133 3486 262 3557 ¹-mum
280 3461 511 3548 cucurbitini,
538 3462 602 3558 qui
620 3472 743 3535 tamen
762 3488 829 3561 pro
846 3462 1073 3560 fragmentis,
1096 3470 1134 3534 et
1152 3482 1239 3555 qua-

158 3574 189 3648 si
200 3573 384 3671 juneturis
401 3571 571 3647 lumbrici
588 3573 663 3661 luti,
689 3576 790 3673 rupti
807 3586 845 3647 et
863 3573 1069 3660 dilabentis‚
1096 3594 1239 3669 semper

159 3685 318 3759 habendi
347 3693 444 3758 sunt.
495 3684 585 3759 Alia
602 3712 751 3786 quoque
767 3687 956 3761 interdum
972 3685 1011 3757 in
1030 3682 1105 3758 illis
1121 3684 1241 3758 obser-

159 3813 244 3872 vata
257 3805 343 3871 sunt
356 3798 540 3873 vermium
556 3824 700 3898 genera,
718 3809 756 3872 et
768 3822 912 3872 vermes
924 3796 1113 3871 variorum
1129 3819 1241 3895 gene-

159 3933 243 3983 rum
260 3909 457 4008 aliquando
474 3911 512 3983 in
530 3911 608 3984 aliis
621 3912 778 4010 corporis
795 3910 960 4009 partibus
976 3919 1112 4006 praeter
1128 3909 1242 3982 intes·

159 4022 237 4095 tina
254 4023 468 4121 deprehensi
485 4034 582 4096 sunt.

209 4158 385 4210 nncxxr.
417 4135 704 4212 anbrioorum
730 4138 842 4211 etiarn
867 4134 934 4235 qui
963 4133 1142 4206 intestina
1172 4131 1242 4206 fre-

156 4248 396 4344 quentissime
413 4259 593 4349 occupant
618 4253 731 4350 origo,
756 4259 795 4324 et
820 4249 860 4323 in
890 4269 1021 4346 corpus
1048 4243 1241 4331 introitus,
