2678 4794
148 337 219 410 las
552 352 802 411 cousracros
1049 352 1221 411 cauxv.

143 539 267 607 totum
280 557 407 632 genam
422 553 625 617 nervosum,
655 531 714 604 vel
738 539 886 604 tantum
915 551 977 603 cor
1001 536 1039 601 et
1064 531 1223 619 arterias,

142 644 394 719 afficientibus.
444 643 648 728 Postremo,
665 641 801 716 multas
816 641 943 727 febres,
972 650 1011 713 et
1027 640 1222 740 plerosque

142 757 289 831 morbos
306 758 371 854 qui
388 753 716 830 inflammationem
734 754 880 839 habent,
897 753 1115 827 comitatur:
1142 754 1222 825 sive

143 892 167 941 a
181 868 341 967 generali
357 866 509 941 stimulo
524 868 666 966 corpori
682 867 840 954 admoto,
865 868 942 940 sive
957 865 1004 938 ab
1019 864 1223 939 irritatione

142 981 304 1078 partium
321 977 564 1075 quarundam,
589 1003 675 1076 quae
690 978 870 1078 paulatim
886 977 933 1052 ad
949 986 1072 1051 totum
1089 999 1222 1073 corpus

140 1089 366 1164 extenditur.
417 1089 518 1164 Talis
535 1091 699 1164 conditio
716 1091 900 1178 circuitus,
928 1089 1074 1188 qualem
1093 1087 1223 1186 pulsus

141 1201 201 1275 hic
218 1200 365 1288 indicat,
391 1224 487 1300 saepe
503 1202 692 1300 sanguinis
711 1203 936 1277 detractione
963 1210 1059 1299 eget,
1084 1209 1123 1273 et
1147 1199 1224 1273 fere

140 1334 284 1409 semper
301 1315 491 1412 sanguinis
502 1313 686 1411 jacturam
703 1313 798 1389 bene
813 1315 894 1388 fert.

189 1447 374 1503 ceceanu
403 1426 540 1500 Pulsus
555 1452 700 1526 parvus,
722 1426 862 1513 debilis,
878 1424 1010 1512 mollis,
1027 1424 1222 1499 contrarias

99 1533 101 1539 ’
138 1533 214 1610 fere
238 1560 362 1615 causas
387 1540 563 1636 agnoscit,
601 1540 894 1636 contrariamque
930 1537 1118 1636 sanguinis
1155 1536 1221 1609 cir-

139 1646 263 1723 cuitus
280 1660 319 1723 et
340 1650 496 1749 generis
525 1649 675 1727 neruosi
702 1650 952 1724 conditionem
975 1649 1132 1733 indirat;
1159 1649 1223 1722 sti·

138 1760 321 1835 mulantia
334 1784 430 1862 saepe
441 1763 606 1861 requirit,
624 1786 746 1861 neque
758 1763 945 1862 sanguinis
956 1762 1221 1836 detractionem

87 1947 91 1953 ,
137 1870 359 1971 plerumque
375 1874 548 1972 postulat,
564 1898 688 1974 neque
704 1875 808 1948 facile
821 1875 960 1948 tolerat.
1003 1873 1221 1972 Aliquando

137 2006 226 2057 vero
243 1984 370 2083 pulsus
383 1986 592 2059 istiusmodi
609 1987 833 2074 observatur,
850 1987 1021 2086 quam‘vis
1032 1987 1154 2085 gravis
1167 1987 1221 2060 in-

58 2099 59 2102 ’
136 2091 340 2195 flammatio
354 2106 493 2196 urgeat,
511 2097 629 2172 veluti
642 2100 848 2187 ventriculi,
866 2108 931 2173 aut
947 2101 1220 2173 intestinorum.

138 2204 185 2279 In
210 2204 268 2282 bis
293 2217 332 2281 et
357 2207 537 2283 similibus
562 2210 741 2309 exemplis
770 2212 818 2285 ad
834 2223 1004 2285 naturam
1020 2211 1119 2299 mali,
1135 2211 1221 2310 plus

138 2342 253 2416 quarn
271 2320 319 2392 ad
335 2327 473 2394 statum
491 2322 630 2421 pulsus,
650 2325 827 2422 respicere
842 2332 996 2423 oportet.

170 2418 359 2507 ccccm.
393 2432 531 2508 Pulsus
560 2436 811 2510 intermittens
844 2445 1006 2524 vocatur,
1040 2435 1223 2533 siquando

83 2532 87 2540 ’
135 2553 219 2639 post
236 2544 388 2619 solitum
404 2546 642 2622 intervallum
660 2550 756 2624 ictus
768 2573 843 2623 non
861 2558 1068 2635 renovatur,
1085 2561 1124 2622 et
1140 2573 1220 2648 spa·

135 2655 233 2727 tium
250 2657 457 2743 intercedit,
487 2684 582 2757 saepe
611 2660 727 2760 duplo
743 2662 804 2734 vel
820 2660 940 2759 triplo,
971 2661 1030 2735 vel
1047 2683 1221 2737 nonnun-

136 2788 249 2860 quam
268 2768 485 2866 quadrup10‚
503 2770 612 2845 solito
628 2771 784 2871 longius.

183 2898 344 2949 ccccuxr.
375 2879 607 2975 Hujusmodi
620 2882 747 2979 pulsus
760 2885 982 2981 quibusdam
999 2880 1221 2961 animalibus

134 2984 208 3058 fere
225 2987 400 3059 naturalis
417 2998 454 3061 et
472 3003 673 3088 perpetuus
689 3004 766 3079 est;
793 2996 980 3071 nonnullis
1005 2998 1220 3074 hominibus

19 3193 20 3197 Ἰ
134 3097 275 3195 optima
304 3100 460 3172 sanitate
485 3101 703 3190 fruentibus,
744 3106 957 3194 familiaris;
998 3110 1219 3208 iisdemque,

133 3207 251 3282 donec
267 3209 486 3298 febricitant,
504 3212 631 3311 pulsus
649 3216 837 3290 interdum
855 3221 1004 3318 aequalis
1021 3222 1075 3308 fit,
1094 3247 1220 3321 neque

133 3320 235 3418 prius
253 3322 407 3397 solvitur
424 3326 583 3412 morbus,
612 3351 725 3424 quarn
742 3331 870 3428 pulsus
888 3335 1138 3408 intermittens
1165 3359 1218 3409 re-

135 3432 279 3508 diverit.

181 3567 364 3621 ccccnxrr.
384 3549 584 3625 Nonnullis
598 3577 707 3650 porro
724 3554 946 3644 hominibus,
958 3558 1105 3655 quibus,
1123 3557 1220 3632 dum

133 3656 209 3730 sani
228 3670 326 3744 sunt,
344 3660 471 3757 pulsus
488 3663 638 3761 aequalis
655 3676 725 3753 est,
755 3669 784 3740 si
809 3668 868 3741 vel
886 3668 1069 3743 levissimo
1088 3670 1221 3744 morbo

131 3766 355 3856 detinentur,
383 3773 633 3851 intermittens
651 3777 778 3876 pulsus
807 3781 955 3855 accedit.
1006 3781 1098 3868 Alii,
1124 3806 1219 3880 prae-

131 3880 260 3953 sertim
288 3883 434 3957 habitus
464 3891 622 3986 corporis
651 3890 865 3979 mobilioris,
895 3893 1014 3967 veluti
1040 3893 1221 3992 hysterica'

131 4003 195 4067 aut
212 3990 534 4092 apportoauriaci,
564 4001 624 4073 vel
641 4004 706 4099 qui
725 4029 745 4075 a
762 4005 967 4078 ventriculo
993 4006 1170 4092 laborant,
1197 4031 1221 4080 a

130 4101 203 4178 levi
221 4105 318 4180 malo
335 4111 541 4197 ventriculi,
572 4114 631 4185 vel
648 4116 694 4188 ab
710 4114 835 4212 aliquo
851 4118 966 4191 animi
984 4118 1131 4204 affectu,
1156 4117 1219 4193 vel

130 4215 319 4296 interdum
346 4223 527 4297 aminore
551 4246 676 4322 neque
703 4225 893 4303 observata
922 4253 1039 4318 causa,
1064 4229 1219 4331 pulsum
