2678 4794
99 306 187 364 CAP.
204 303 370 361 XXXVII·
420 298 644 356 Manlcnffl
661 300 951 359 THEORETICAE.
1110 292 1183 369 509

97 484 344 580 (nccccuxvr)
362 489 460 566 sunt,
483 479 547 553 sed
563 477 897 567 narcoticoetiam,
923 489 962 554 et-
978 481 1181 578 prasertim

96 598 238 695 opium,
263 594 364 694 quod
391 613 459 690 pro
482 590 734 691 diaphoresim
760 592 960 691 aliquando
985 594 1180 693 insigniter

96 709 257 806 prodest,
282 706 415 804 partim
433 703 583 778 fortasse
601 706 792 800 (mccxrx)
817 703 937 779 laxata
962 716 1058 793 cute,
1084 705 1180 803 ejus-

96 845 170 917 que
186 822 237 893 sic
253 816 493 891 foraminibus
510 815 710 914 patefactis,
728 818 863 916 partim
876 843 1027 916 quoque
1038 842 1180 906 somno,

96 932 158 1006 vel
175 931 300 1029 quiete
317 928 444 1005 saltem
462 953 561 1026 aegro
588 930 788 1018 conciliata,
813 956 898 1029 quae
928 930 1055 1005 sudori
1083 928 1179 1005 mnl-

96 1054 180 1119 tum
198 1043 309 1128 favet,
336 1051 374 1115 et
391 1053 527 1115 eutem
544 1040 664 1129 solvit,
689 1067 755 1140 per
783 1042 989 1118 naturalem
1018 1041 1178 1140 corporis

95 1156 263 1240 calorem,
289 1163 328 1227 et
344 1153 613 1227 exhalationem
632 1165 860 1252 perpetuam,
878 1180 960 1254 quae
977 1165 1069 1231 tunc
1085 1155 1180 1229 circa

96 1269 137 1343 id
154 1268 259 1365 quasi
275 1266 566 1341 accumulantur.

149 1395 402 1453 mccccnxxr.
432 1377 641 1452 Vomitoria
665 1377 943 1467 medicamenta,
976 1380 1180 1480 presertim

95 1515 144 1564 ex
162 1491 271 1564 stibio
287 1502 423 1587 parata,
448 1491 487 1564 vi
504 1490 604 1564 haud
630 1490 766 1588 exigua
792 1490 870 1581 (sed
899 1491 1052 1565 minime
1079 1503 1179 1571 aem

95 1612 162 1675 aut
178 1611 371 1701 perpetua)
388 1602 528 1701 pollent
541 1605 790 1678 excretionem
808 1627 874 1702 per
890 1613 1015 1678 cutem
1033 1627 1178 1702 promo-

93 1714 217 1800 vendi,
255 1717 427 1812 quamvis
460 1716 571 1791 etiam
608 1717 751 1791 minore
784 1717 993 1817 quantitate
1026 1725 1178 1815 sumpts

93 1850 203 1923 quam
221 1851 306 1924 quae
322 1827 470 1926 plenam
487 1829 733 1903 vomitionem
750 1830 853 1905 cieat.
906 1830 970 1902 De
994 1828 1107 1926 hujus
1123 1829 1177 1903 rei

91 1939 244 2024 ratione,
262 1964 347 2036 quae
362 1940 516 2037 quidem
534 1941 642 2016 valde
658 1941 811 2016 obscura
821 1941 981 2029 videtur,
997 1940 1085 2014 alibi
1095 1940 1176 2039 jam

94 2049 322 2124 dictumest.
720 2123 725 2130 ,

144 2182 414 2235 mccccnxxu.
442 2160 540 2235 Sunt
556 2161 694 2259 quibus
711 2186 926 2259 persuasum
944 2174 1001 2239 est
1018 2163 1177 2240 similem

92 2273 274 2346 virtutem
292 2272 331 2345 in
349 2271 555 2349 catharticis
580 2272 860 2348 medicamentis
877 2277 1005 2361 inesse,
1031 2288 1069 2349 et
1087 2300 1177 2350 non·

93 2384 189 2459 nulli
206 2409 281 2458 non
293 2382 514 2459 dubitarunt
529 2407 572 2459 ea
588 2384 792 2482 generatim
809 2385 906 2463 inter
922 2383 1177 2483 diaphoreticu

91 2519 286 2569 recensere.
338 2495 402 2568 De
418 2495 605 2571 nonnullis
623 2519 763 2583 eorum,
781 2495 899 2571 veluti
910 2495 1079 2594 guoioco
1096 2497 1176 2571 offi-

91 2607 211 2694 cinali,
248 2615 315 2682 aut
341 2606 599 2695 terebinthina.
624 2617 691 2682 aut
716 2617 869 2707 argento
898 2609 997 2693 vivo,
1027 2611 1091 2682 &e
1118 2632 1174 2683 res

92 2720 180 2793 satis
197 2729 295 2793 certa
311 2729 376 2806 est,
394 2719 530 2796 scilicet
554 2743 642 2817 quae
666 2729 797 2794 natura
814 2719 921 2794 valde
945 2719 1175 2794 stimulantis

89 2840 131 2905 et
147 2831 402 2918 calefacientia.
428 2833 481 2906 ita
507 2841 661 2930 possunt
685 2831 861 2917 adhiberi,
886 2842 931 2912 ut
959 2831 1173 2906 alterutram

90 2945 381 3019 exinanitionem
400 2944 585 3031 efficiant3
611 2968 734 3042 neque
745 2943 960 3020 incredibile
972 2955 1038 3031 est,
1056 2943 1175 3019 multa

90 3055 160 3131 alia
176 3079 224 3131 ex
241 3056 479 3131 validioribus
508 3057 715 3133 catharticis
742 3081 807 3154 per
835 3081 946 3132 suum
977 3056 1173 3130 stimulum

90 3168 280 3267 duplicem
315 3170 419 3266 quasi
457 3168 645 3256 effectum,
688 3168 932 3267 dejectionem
965 3192 1101 3266 nempe
1133 3179 1173 3244 et

89 3281 275 3366 sudorem,
300 3281 497 3377 aliquando
523 3307 601 3356 esse
625 3284 843 3380 praestitura,
870 3291 914 3355 ut
940 3305 1054 3378 sagax
1081 3278 1172 3353 olim

90 3392 245 3468 clinicus
262 3403 438 3491 expertus
461 3393 574 3469 fuisse
600 3395 772 3480 videtum
797 3393 889 3492 quin
915 3401 954 3465 ct
982 3391 1172 3465 interdum

88 3507 261 3580 sudorem
279 3504 399 3579 solum
416 3504 570 3593 efficere,
592 3505 793 3604 alvumque
810 3530 857 3579 ne
875 3504 1073 3578 minimum
1091 3502 1172 3602 qui-

88 3618 176 3693 dem
194 3641 343 3692 movere
368 3628 533 3714 possunt,
559 3618 736 3693 nimirum
766 3619 796 3692 si
826 3617 886 3691 vel
915 3617 1058 3716 parcius
1088 3616 1173 3691 data

87 3728 238 3817 fuerint,
255 3728 316 3803 vel
332 3753 418 3802 cum
435 3727 514 3802 aliis
532 3730 752 3826 quibusdam
778 3730 948 3805 remediis
965 3728 1171 3827 conjuncta,

87 3841 151 3915 vel
167 3841 320 3916 demum
339 3842 369 3914 si
386 3841 545 3939 corporis
571 3842 687 3940 ipsius
715 3839 879 3915 conditio
902 3843 1086 3936 variaeque
1115 3861 1170 3911 res

86 3964 254 4028 externae
270 3953 395 4028 sudori
407 3953 545 4040 favent,
563 3964 601 4027 et
611 3952 685 4029 alvi
698 3955 910 4052 purgationi
924 3954 1174 4028 adversantur.

89 4064 188 4139 Haec
216 4065 340 4152 etiam,
376 4065 665 4165 quibuscunque
692 4066 862 4140 remediis
892 4065 1004 4139 fuerit
1033 4061 1174 4148 effecta,

88 4177 264 4275 quamvis
280 4178 402 4274 primo
426 4178 552 4254 statim
575 4189 726 4277 aspectu
754 4178 940 4255 sudaturis
956 4173 1175 4252 alienissima
