2678 4794
129 259 201 337 366
409 329 416 347 Α,
534 270 785 328 consancrus
951 269 1040 324 mr.
1056 270 1207 328 xxvua

128 452 233 540 liant,
256 449 304 524 ad
331 449 489 548 corporis
516 447 628 521 robur
654 443 940 544 quodammodo,
964 445 1026 519 vel
1056 449 1207 548 egregie

129 564 289 651 fortasse,
314 561 525 646 conducere,
549 560 719 657 quamvis
737 559 928 656 pmximus
958 568 996 632 et
1024 561 1203 659 generalis

49 739 53 748 .
130 698 255 748 corum
273 673 423 747 effectus
434 671 497 756 sit,
522 670 560 743 id
578 669 677 743 haud
697 694 828 767 parum
845 669 1055 756 infirmare;
1081 671 1203 770 qualia

130 798 228 873 sunt,
254 784 412 858 remedia
428 781 598 879 quaedam
618 781 842 855 emollientia
858 791 897 854 et
912 780 1087 871 laxantia,
1112 807 1201 858 non·

130 897 241 973 nullae
257 893 533 980 exinanitiones,
559 903 598 967 et
614 892 767 966 demum
795 893 1067 968 medicamenta
1082 894 1203 994 aliqua

129 1034 215 1108 quae
231 1017 408 1082 vocantur
427 1004 627 1092 amrcoticu,
651 1002 771 1078 veluti
786 1005 929 1102 opium,
953 1015 994 1078 et
1010 1006 1156 1080 similia.

178 1142 345 1195 nexum.
372 1118 561 1215 Denique,
586 1141 634 1190 ex
661 1116 776 1189 animi
805 1115 997 1190 affectibus
1015 1119 1205 1213 (cccxiv)⁸

129 1230 297 1305 nonnulli
315 1241 419 1304 tanta
434 1230 473 1302 vi
490 1229 683 1303 roborante
699 1226 850 1326 pollent,
880 1238 924 1303 ut
951 1229 1086 1303 merito
1108 1229 1201 1305 inter

128 1343 425 1442 praestantissima
441 1340 553 1438 hujus
569 1340 712 1439 generis
737 1339 898 1413 remedia
925 1350 1198 1416 recenseantur:

126 1463 166 1526 et
182 1454 347 1527 maxime
364 1451 514 1550 quidem
533 1451 732 1524 dolendum
749 1460 816 1538 est,
840 1475 967 1524 eorum
985 1452 1154 1551 regimen
1165 1462 1200 1528 et

126 1565 482 1640 administrationem
500 1574 578 1638 tam
594 1586 725 1663 parum
738 1563 777 1637 in
790 1563 960 1638 manibus
971 1565 1109 1640 nostris
1117 1587 1199 1652 erae,

128 1689 174 1753 ut
190 1703 269 1752 raro
286 1701 406 1777 quum
423 1675 488 1750 tali
503 1674 643 1751 auxilio
660 1674 820 1749 maxime
844 1699 938 1774 opus
961 1686 1069 1765 esset,
1094 1677 1201 1751 ammi

26 1792 28 1796 '
128 1789 283 1866 affectus
298 1790 366 1889 qui
382 1789 631 1872 convenirent,
655 1810 723 1884 pro
739 1785 912 1860 remediis
934 1787 982 1861 ad
1008 1788 1201 1865 arbitrium

127 1913 298 1977 nostrum
314 1902 474 1975 excitare
488 1907 555 1972 aut
570 1896 743 1971 adhibere
759 1897 952 1995 possimus.

178 2033 362 2085 mcxxxn.
401 2009 543 2084 Omnes
571 2007 686 2081 animi
716 2008 870 2083 affectus
897 2010 1102 2087 excitantes
1128 2013 1201 2087 vim

121 2121 314 2219 quandam
330 2121 563 2196 roborantem
580 2120 689 2220 plane
705 2121 903 2219 possident,
921 2131 961 2195 et
976 2122 1131 2221 quidam
1147 2146 1201 2198 eo

125 2257 212 2308 rum
228 2232 308 2306 vim
324 2233 509 2307 insolitam
523 2243 562 2306 et
573 2233 640 2324 vix
650 2231 861 2307 credibilem
871 2233 1089 2310 hominibus
1102 2234 1201 2310 valde

126 2346 283 2420 infirmis
294 2356 332 2421 et
344 2370 429 2420 vere
439 2345 648 2446 paralyticis
661 2344 785 2421 subito
797 2345 995 2444 aliquando
1012 2347 1200 2424 dederunt.
1236 2341 1243 2352 '

128 2460 233 2534 Bene
261 2484 412 2558 quoque
441 2471 576 2535 notum
603 2468 670 2546 est,
694 2456 832 2532 multos
861 2458 1072 2535 istiusmodi
1101 2459 1201 2534 affec·

128 2581 251 2660 tuum,
276 2573 373 2647 vires
401 2573 569 2647 omnium
598 2570 863 2657 musculorum,
892 2594 977 2645 curn
1007 2571 1201 2649 voluntarii

129 2693 213 2758 tum
230 2708 381 2783 quoque
397 2683 506 2759 inviti
534 2694 670 2772 motus,
695 2692 866 2782 prompte
894 2693 933 2756 et
958 2683 1200 2760 efficacissime

128 2796 274 2867 reficere
290 2806 404 2892 atque
420 2820 565 2893 augere.

70 2934 72 2939 ·
178 2926 380 2991 nrcxxxrn.
415 2906 720 2981 Vehementiores
744 2917 870 2982 autem
896 2909 1097 2984 affectuum
1113 2929 1197 2981 vere

127 3015 382 3101 excitantium,
398 3016 516 3091 veluti
533 3019 586 3089 ira
608 3017 739 3115 gnavis,
756 3026 822 3090 aut
837 3020 1019 3116 gaudium
1035 3017 1199 3095 subitum
1236 3095 1238 3100 .

126 3135 165 3199 et
181 3125 423 3213 effiaenatum,
445 3128 617 3226 quamvis
632 3127 817 3226 insignem
834 3132 913 3204 vim
931 3130 1104 3209 musculis
1120 3154 1200 3205 nos·

126 3236 193 3311 tris
209 3239 332 3313 statim
351 3237 558 3327 concilient,
581 3252 706 3314 tamen
723 3265 855 3340 corpus
871 3268 947 3319 non
977 3247 1072 3320 bene
1099 3244 1200 3319 mbo

126 3361 232 3436 rant;
257 3349 432 3449 quoniam
459 3348 538 3425 haeo
561 3351 617 3426 vis
644 3350 735 3426 adeo
762 3355 885 3428 subito
911 3357 1076 3445 inducta,
1100 3355 1199 3431 brevi

127 3460 220 3534 solet
232 3461 415 3560 disperire,
432 3461 650 3538 succedente
662 3489 758 3564 saepc
774 3467 867 3540 mira
883 3467 1075 3544 debilitate
1090 3480 1199 3567 atque

125 3568 313 3668 languore,
330 3596 415 3670 quae
426 3575 567 3673 corpori
580 3576 701 3651 multo
711 3575 794 3675 plus
807 3590 962 3653 noceant
972 3603 1084 3678 quam
1098 3581 1198 3680 vigor

124 3681 217 3754 adeo
243 3680 359 3781 fugax
387 3709 622 3785 compensare
647 3690 839 3787 potuisset.
905 3691 1042 3790 Igitur,
1067 3694 1139 3766 nisi
1161 3692 1197 3765 in

123 3793 347 3891 quibusdam
377 3807 416 3871 et
444 3823 530 3874 sane
555 3801 745 3875 rarissimis
771 3802 949 3900 exemplis
976 3827 1137 3878 summoe
1163 3811 1196 3877 et

122 3905 311 3980 diutumae
327 3906 526 3999 debilitatis
542 3912 655 3987 nuliis
670 3913 749 3988 aliis
765 3914 933 3988 remediis
963 3937 1195 3991 summovea-

122 4015 190 4103 dae,
214 4041 338 4117 neque
354 4020 460 4095 decet
477 4047 599 4124 neque
616 4026 701 4100 licet
729 4027 932 4101 remedium
963 4026 1057 4101 adeo
1086 4026 1194 4102 ambi·

120 4153 238 4227 guum
256 4131 435 4230 experiri;
461 4147 656 4237 utcunque
671 4138 912 4216 decantentur
928 4139 1113 4240 exempla,
1135 4135 1193 4216 uhi
