2678 4794
225 291 297 360 318
619 307 870 365 eousracros
1103 310 1302 366 mcxxv.

222 482 477 572 infirmabitur,
489 506 681 583 nunquam
697 484 773 558 fere
786 491 835 556 ut
849 481 959 557 debet
975 495 1196 572 evacuatus,
1215 511 1299 561 nam

225 596 319 669 nihil
335 598 447 694 magis
471 594 518 668 ad
545 595 624 693 ejus
640 596 735 669 vires
751 594 1024 681 conservandas,
1049 609 1116 671 aut
1138 599 1301 673 reficien-

224 706 290 781 das
313 709 343 782 si
365 706 570 792 defecerint,
607 705 760 794 confert,
795 730 908 803 quam
933 709 1153 805 tempestiva
1176 711 1301 784 exina-

223 821 326 906 nitio,
349 829 388 892 et
411 818 600 892 interdum
616 820 729 893 etiarn
754 817 877 892 inedia
891 817 1023 916 aliqua,
1047 843 1112 917 per
1136 822 1301 917 spatium

221 932 347 1005 saltem
362 929 469 1004 solito
484 930 631 1029 longius
648 931 822 1023 (ocxvn,
841 937 995 1027 nextx).

269 1064 360 1116 nrx.
388 1042 474 1116 Non
501 1043 703 1116 minimum
729 1052 827 1116 certe
841 1042 1079 1117 commodum
1105 1042 1228 1116 diaetae
1253 1066 1297 1119 ex

218 1152 310 1227 lacte
324 1165 363 1226 et
378 1153 560 1253 'frugibus
590 1168 808 1252 comparatae
832 1154 872 1228 ‘ur
896 1155 966 1229 hoc
990 1154 1168 1240 consistit,
1197 1155 1293 1254 quod

217 1263 288 1337 eibi
306 1263 420 1339 forma
449 1266 535 1339 satis
562 1264 727 1364 simplice
751 1276 790 1341 et
814 1265 970 1340 naturali
995 1266 1069 1340 sere
1086 1279 1290 1356 sumuntur,

216 1397 340 1475 neque
356 1378 602 1453 condimentis
619 1378 780 1477 corrupti
797 1401 919 1476 neque
935 1386 1011 1452 arte
1027 1381 1136 1476 coqui
1154 1378 1292 1464 mutati,

216 1497 261 1563 ut
279 1489 325 1562 ad
342 1490 548 1589 ingluviem
565 1490 736 1565 invitent.
787 1490 874 1563 Pari
899 1490 1039 1565 ratione
1054 1513 1180 1565 carnes
1195 1514 1290 1590 aeque

216 1624 262 1674 ae
282 1601 416 1701 noges,
441 1626 572 1701 quum,
596 1611 746 1700 propter
768 1609 940 1676 naturam
964 1601 1051 1676 mali
1076 1611 1144 1677 aut
1159 1614 1287 1678 statum

215 1714 315 1814 aegri,
330 1716 370 1788 in
386 1714 507 1815 longia
522 1712 658 1788 morbis
672 1711 951 1812 permittuntur,
975 1738 1089 1812 quam
1105 1713 1285 1814 simplicis

218 1826 310 1900 sime
325 1836 447 1916 coctae,
462 1850 550 1903 am
564 1822 709 1912 adlicer,
738 1823 798 1898 vel
814 1823 932 1913 elixae,
961 1849 1039 1900 esse
1055 1825 1218 1902 debent:
1241 1849 1287 1901 cu

216 1938 457 2035 vendumque
471 1962 493 2011 a
507 1935 763 2023 condimentis,
779 1936 1063 2035 cavendumque
1084 1938 1290 2013 avarietate

214 2046 486 2137 alimentorum,
514 2073 600 2147 quae
615 2048 725 2123 ambo
741 2046 877 2123 famem
894 2049 1081 2146 quandam
1100 2048 1209 2125 aliter
1222 2072 1290 2125 nou

214 2159 389 2236 esurienti
413 2158 620 2246 conciliant,
656 2169 696 2235 et
724 2159 846 2234 sicud
870 2161 1110 2236 voracitatem
1135 2163 1294 2238 mvitaut

216 2272 479 2373 (ncxxxvnr).

267 2408 341 2462 nx.
367 2386 456 2461 Non
473 2397 596 2461 tamen
622 2394 678 2462 sat
694 2394 751 2462 est
765 2387 890 2462 eibum
907 2387 1013 2487 aegris
1029 2389 1190 2465 vetustis
1205 2411 1299 2464 mor-

206 2496 272 2573 -bis
297 2499 545 2577 laborantibus
561 2523 773 2576 concessum
797 2525 859 2575 eos
883 2502 969 2575 satis
996 2502 1151 2591 nutrire,
1174 2524 1293 2602 noque

215 2611 375 2687 nimium
392 2612 558 2689 alimenti
581 2613 765 2713 praebere3
790 2620 934 2713 oportet
950 2637 1102 2712 quoque
1118 2622 1294 2690 concoctu

214 2722 328 2798 facilis
344 2726 402 2812 sit,
427 2750 549 2824 neque
564 2726 813 2801 ventriculum
838 2735 977 2824 gravet,
1006 2734 1073 2799 aut
1096 2725 1195 2801 male
1217 2723 1292 2799 affi-

213 2832 305 2919 eiat;
347 2860 404 2909 res
428 2861 514 2912 sane
537 2861 582 2911 eo
607 2837 754 2934 majoris
780 2837 968 2925 momenti,
995 2836 1100 2936 quod
1121 2835 1294 2913 nonnulli

212 2944 331 3017 morbi
347 2950 487 3021 vetusti
513 2948 719 3021 amorboso
743 2947 939 3021 ventriculi
963 2957 1063 3025 statu
1087 2946 1194 3047 plone
1217 2947 1291 3022 ori·

212 3062 338 3143 untur,
375 3056 562 3156 multique
593 3056 656 3131 alii
688 3080 774 3132 eum
807 3059 1004 3135 ventriculi
1036 3059 1292 3137 affectionibus

64 3163 75 3181 ⁸
200 3166 411 3273 ⁸arctissimo
424 3178 528 3242 'nexu
545 3167 835 3266 conjunguntur,
851 3172 904 3245 ita
921 3182 965 3247 ut
982 3173 1147 3247 maxima
1161 3195 1289 3248 eorum

211 3280 405 3358 sanationis
420 3279 512 3379 'spes
540 3279 578 3353 in
596 3280 776 3356 restitutis
793 3283 989 3358 ventriculi
1006 3283 1148 3360 viribus
1173 3286 1289 3385 posita

209 3393 266 3465 sit.
316 3391 593 3469 Difficillimum
609 3416 698 3467 vero
714 3404 769 3469 est
793 3406 974 3495 praecepta
998 3395 1075 3472 ulla
1098 3406 1201 3473 certa
1221 3406 1286 3483 aut

206 3502 283 3576 fixa
297 3505 384 3579 dare
399 3506 447 3578 de
462 3529 501 3578 re
529 3504 621 3578 adeo
636 3505 774 3581 incerta
803 3518 847 3582 ut
864 3507 1016 3584 facilitas
1040 3508 1286 3585 concoctiouis

205 3612 476 3706 alimentomm,
501 3641 663 3717 quaeque
678 3643 701 3692 a
716 3627 774 3694 tot
790 3619 898 3694 variis
914 3620 1022 3695 rebus
1038 3620 1193 3719 pendet,
1219 3621 1286 3694 im·

204 3728 332 3827 primis
348 3740 474 3805 autem
489 3755 513 3806 a
527 3731 791 3808 constitutione
806 3732 905 3831 aegri,
922 3740 960 3806 et
976 3741 1076 3807 statu
1105 3739 1285 3832 prasente

203 3841 409 3930 ventriculi,
433 3852 472 3917 et
496 3855 627 3921 natura
651 3844 781 3930 morbi,
806 3854 845 3919 et
869 3843 907 3918 vi
931 3844 1224 3933 consuetudinis,
1246 3850 1284 3918 et

200 3951 289 4027 vitae
304 3977 438 4053 genere
453 3980 567 4054 quam
584 3956 646 4031 ille
674 3955 787 4053 degit,
817 3956 972 4054 ejusque
995 3955 1188 4032 interdum
1216 3955 1282 4031 fas-

201 4062 295 4139 tidio
311 4077 349 4141 et
365 4069 621 4167 repugnantia,
649 4065 709 4144 vel
724 4066 927 4166 cupiditate
943 4079 1008 4145 aut
1024 4092 1163 4159 amore,
1191 4091 1279 4169 quo
