2678 4794
685 281 752 357 xir

183 476 308 577 gentio
324 503 416 578 opus
433 476 500 551 erit
516 475 560 549 ad
580 498 714 550 novam
741 487 779 551 et
805 477 1055 577 perfectiorem
1074 480 1252 581 reperienss

184 590 293 676 dam;
318 592 455 688 quippe
472 589 550 660 sine
566 613 641 684 qua
656 615 712 663 ars
729 600 850 664 nostra
875 615 995 689 neque
1012 593 1161 691 pulchra
1179 621 1252 691 qua

184 701 288 776 decet
304 702 417 773 forma
434 700 513 785 erit,
539 722 659 798 neque
683 726 765 775 eam
795 727 907 800 quarn
936 706 1060 801 generi
1089 705 1250 779 humano

184 813 291 887 debet
309 808 508 882 utilitatem
526 835 689 909 unquam
716 815 910 911 praestabit.

170 928 212 973 ⁸·
230 921 421 1018 Plerisque
438 946 524 996 vero
547 924 715 999 Themiae
740 926 897 999 Medicae
923 928 1155 1027 scriptoribus
1182 929 1251 1001 hoe

181 1033 315 1106 vitium
332 1031 414 1117 fuit,
441 1044 485 1106 ut
513 1035 703 1109 scientiam
734 1049 894 1112 nostram
917 1063 1011 1137 pene
1028 1039 1087 1112 vel
1103 1042 1251 1137 penitus

179 1143 377 1242 perfectam
391 1149 750 1242 repraesentaverint;
775 1148 891 1247 qualis
909 1149 1042 1224 scilicet
1054 1173 1128 1222 non
1144 1151 1251 1224 modo

181 1256 258 1329 sani
275 1256 432 1353 corporis
458 1280 611 1331 munera
640 1259 733 1332 bene
762 1261 983 1358 explanaret,
1008 1261 1071 1334 sed
1100 1263 1145 1334 ad
1175 1287 1252 1335 om·

179 1367 287 1439 nium
304 1367 379 1440 fere
396 1368 607 1442 morborum
624 1372 802 1444 rationem
819 1373 1041 1446 reddendam
1060 1372 1162 1446 facile
1180 1373 1252 1446 suf-

181 1478 317 1565 ficeret,
342 1489 381 1551 ct
405 1479 574 1553 idoneam
600 1481 753 1578 singulis
783 1484 1006 1556 curationem
1035 1485 1252 1558 ostenderet.

181 1589 336 1666 Nemini
352 1615 439 1664 vero
468 1591 580 1665 latere
610 1594 743 1689 potuit,
769 1595 835 1693 qui
863 1592 923 1666 vel
957 1593 1137 1668 Thourios
1163 1619 1254 1691 quas

181 1703 273 1778 varii
306 1702 525 1801 protulerint
557 1713 722 1778 auctores
748 1704 875 1779 sedulo
901 1705 1160 1804 perpendisset,
1194 1705 1254 1779 vcl

183 1825 300 1889 artem
328 1816 507 1888 medicam
538 1814 671 1889 talibus
699 1816 886 1914 principiis
913 1817 1063 1889 innixus
1090 1841 1257 1889 exercere

183 1936 367 2014 tentasset,
393 1936 575 2024 quantum
605 1925 661 2000 his
686 1926 732 1999 de
762 1926 868 2000 rebus
898 1927 1108 2000 hallucinati
1135 1938 1254 2002 essent

184 2039 373 2137 scriptores
398 2037 550 2121 medici;
576 2062 736 2136 quorum
763 2039 1027 2135 unusquisque,
1053 2041 1154 2135 quod
1172 2065 1256 2113 vera

184 2149 333 2223 scientia
350 2148 500 2237 deesset,
523 2150 784 2248 imaginatione
800 2160 839 2223 et
854 2149 1070 2247 conjecturis
1088 2151 1257 2250 supplere

184 2262 344 2337 solebat:
380 2286 473 2360 opus
502 2260 663 2359 profecto
691 2261 832 2336 facilius
862 2262 982 2337 multo
1011 2288 1123 2360 quarn
1154 2263 1255 2336 utile.

184 2372 378 2461 Praeterea,
403 2373 472 2448 hoc
500 2374 612 2447 modo
628 2373 767 2448 factum
786 2382 852 2461 est,
877 2384 923 2449 ut
938 2373 1048 2449 multi
1066 2387 1104 2447 et
1120 2375 1258 2472 egregii

185 2496 350 2561 auctores
363 2497 512 2586 tempus
528 2499 567 2563 et
583 2512 730 2586 operam
747 2511 848 2562 suam
866 2488 1022 2586 pessime
1039 2487 1201 2574 luserint,
1218 2489 1257 2559 in

186 2600 357 2673 eruendis
388 2597 558 2674 Tlteoriis
582 2624 667 2695 quae
695 2601 859 2724 patribus
889 2599 1117 2695 placuissent,
1143 2601 1258 2686 novis,

183 2732 283 2804 saepe
312 2708 410 2779 haud
438 2707 660 2792 melioribus,
697 2708 737 2778 in
770 2708 892 2779 locum
927 2731 1052 2779 earum
1086 2707 1257 2786 suffectis.

187 2816 293 2890 Hinc
309 2815 584 2889 controversia
574 2838 788 2902 innumerae,
804 2839 1072 2939 nonnunquam
1089 2818 1136 2891 de
1153 2822 1282 2963 rebus!

187 2926 287 3001 scriis
303 2937 342 3000 et
358 2929 484 3025 magni
501 2926 691 3015 momenti,
708 2927 839 3027 saepius
852 2952 939 3003 vero
938 2899 995 3003 de
1007 2929 1088 3004 lana
1070 2914 1282 3033 caprina‘

189 3063 274 3137 quae
291 3037 515 3113 medicorum
534 3039 674 3113 animos
702 3065 726 3119 a
752 3041 859 3113 rebus
875 3041 1130 3140 gravioribus,
1138 3045 1261 3142 quales

189 3150 270 3224 sciri
288 3152 516 3239 meruissent,
541 3151 636 3225 male
651 3151 861 3227 avocabant.
913 3154 1017 3228 Hinc
1039 3180 1120 3229 suas
1145 3157 1261 3254 quod-

190 3286 265 3360 que
282 3265 447 3340 seculum
469 3263 649 3341 illeorios
665 3264 823 3341 medicas
840 3266 953 3353 vidit;
979 3268 1171 3366 superioris
1182 3268 1261 3365 jam

66 3477 71 3485 Ι
191 3373 302 3448 seculi
319 3378 508 3474 opiniones
525 3389 564 3451 et
580 3401 646 3451 nos
658 3377 758 3452 haud
770 3379 957 3452 immerito
973 3403 1074 3453 nunc
1089 3380 1262 3465 ridemus,

189 3488 361 3584 proximo
377 3488 525 3564 forsitan
542 3514 623 3563 aevo
636 3484 795 3563 vicissim
812 3488 1015 3563 ludibrium
1032 3490 1163 3564 daturi.

163 3612 188 3629 “
240 3597 365 3672 “Non
383 3609 507 3674 autem
526 3600 571 3692 (si
588 3600 707 3675 verbis
722 3600 911 3676 Ciceronis
922 3601 1039 3674 utifas
1052 3613 1121 3698 cst)
1135 3626 1262 3676 sumus

192 3707 256 3781 “ir
246 3708 409 3807 quibus
425 3710 518 3783 nihil
535 3735 663 3786 verum
682 3737 759 3786 esse
776 3712 955 3798 videatur,
980 3712 1083 3785 sed'‘
1060 3737 1086 3784 n
1103 3713 1170 3821 qui
1185 3736 1264 3785 om

192 3830 214 3862 “
230 3820 339 3894 nibus
356 3821 452 3895 veris
476 3820 562 3896 falsa
589 3823 758 3922 quaedam
786 3822 960 3931 adjuncta
986 3846 1062 3896 esse
1090 3823 1265 3909 dicamus,

192 3940 216 3974 ‘⁶
231 3940 334 4004 tanta
349 3929 602 4020 similitudine,
629 3944 672 4008 ut
687 3933 727 4007 in
743 3935 788 4006 iis
804 3933 906 4006 nulla
932 3920 1019 4005 insit
1045 3942 1143 4006 certa
1165 3931 1266 4027 judi

193 4041 337 4116 “candi
363 4052 402 4116 et
426 4044 644 4117 assentiendi
662 4049 779 4117 nota'’
829 4044 997 4117 Maxime
1027 4067 1114 4116 vero
1142 4042 1266 4118 dolen-

193 4152 285 4231 dum
298 4162 363 4245 est,
379 4177 688 4255 unumquemque
700 4156 775 4232 fere
784 4155 997 4255 scriptorem
1009 4156 1206 4247 medicum,
1219 4157 1266 4231 de
