2678 4794
199 297 271 372 356
607 312 856 372 coxsracrrrs
1025 310 1113 368 car.
1129 311 1284 370 xxsnr.

197 490 320 592 primo
336 489 552 590 nequidem
570 498 711 565 tentare
721 489 802 564 ausi
818 497 950 574 essent,
968 511 1139 588 quaeque,
1157 487 1192 564 si¹
1205 500 1286 566 ten-

201 613 380 692 taverant,
396 604 517 703 primo
532 601 606 676 fere
618 611 753 677 conatu
770 626 831 676 eos
848 603 1121 700 oppressissent.
1169 664 1172 669 ,

250 737 380 791 rucvn.
406 715 493 790 Hoc
518 714 839 789 vehementiorum
866 712 1024 812 corporis
1049 713 1281 790 exercitatio·

199 850 290 902 num
315 826 546 902 incommodo
570 827 664 900 bene
688 834 888 926 perspecto,
919 824 1051 899 medici
1074 825 1196 900 solent
1212 828 1279 901 rni-

199 941 309 1014 tiores
324 939 470 1038 aegrotis
487 938 648 1026 suadere,
672 946 711 1012 et
727 962 822 1036 saepe
838 962 906 1035 pro
922 937 1185 1012 exercitatione
1200 962 1277 1036 ges-

198 1051 375 1126 tationem
400 1050 650 1149 praescribere;
676 1073 767 1148 quas
783 1050 881 1122 inter
895 1047 965 1122 hoc
981 1049 1146 1135 interest,
1176 1049 1277 1148 quod

198 1160 277 1236 baec
291 1161 418 1236 alienis
435 1171 548 1261 atque
564 1161 737 1247 extemis,
753 1158 816 1234 illa
828 1182 914 1234 vero
926 1159 1080 1257 propriis
1093 1169 1209 1258 atque
1220 1162 1272 1236 in·

196 1271 309 1347 ternis
325 1273 483 1372 corporis
499 1273 651 1361 viribus,
667 1271 864 1372 perficitur.
902 1271 1027 1345 Facile
1042 1271 1161 1370 igitur
1178 1282 1273 1371 pate-

195 1380 260 1469 bit,
287 1394 471 1482 quantum
495 1385 627 1459 idonea
652 1386 809 1483 gestatio
833 1383 1086 1457 exercitationi
1120 1395 1274 1459 actuosa

85 1557 90 1565 .
195 1516 293 1594 saepe
316 1505 475 1595 praestet,
502 1498 542 1570 in
567 1497 611 1570 iis
636 1497 834 1594 pracsertim
859 1493 1049 1592 exemplis,
1075 1494 1116 1567 in
1141 1496 1274 1594 quibus

195 1607 359 1681 maxima
382 1608 576 1682 infirmitas
600 1609 782 1683 actionem
811 1605 1063 1680 musculorum
1088 1606 1272 1681 difficilem

195 1728 263 1794 aut
278 1720 388 1795 nimis
403 1719 617 1795 laboriosam
634 1718 805 1805 reddidit,
832 1717 892 1792 vel
908 1719 948 1791 in
966 1718 1102 1816 quibus
1124 1718 1272 1793 infirmi·

196 1838 252 1906 tas
268 1831 501 1931 pulmonum,
517 1841 584 1906 aut
599 1830 787 1927 respiratio
802 1829 981 1928 impedita
997 1842 1035 1904 et
1055 1830 1272 1929 imperfecta,

193 1941 413 2016 velociorem
430 1941 619 2039 sanguinis
636 1949 782 2016 motum
800 1941 1046 2041 periculosum
1063 1941 1163 2018 fecit

244 2051 642 2128 ncvr11.Differentia
670 2077 759 2127 vero
787 2054 1087 2128 exercitationem
1117 2055 1216 2129 inter
1235 2061 1271 2127 et

193 2165 440 2264 gestationem
466 2188 542 2238 non
579 2165 632 2239 ita
655 2166 895 2266 intelligenda
919 2177 984 2253 est,
1014 2168 1121 2265 quasi
1146 2168 1185 2241 in
1210 2166 1272 2240 bac

193 2274 297 2351 nulla
312 2301 459 2376 prorsus
475 2277 580 2351 fieret
596 2277 849 2354 musculorum
866 2287 1073 2353 nostrorum
1092 2279 1198 2353 actio.
1227 2279 1269 2352 In

191 2388 367 2464 omnibus
382 2389 483 2464 enim
493 2389 662 2489 quaedam
675 2391 926 2466 musculorum
939 2390 1035 2466 actio
1046 2391 1105 2481 fit,
1118 2402 1158 2467 et
1169 2390 1271 2490 plane

192 2503 390 2577 necessaria
418 2511 484 2590 est,
514 2503 578 2578 sed
603 2501 694 2578 levis
711 2504 872 2591 omnino,
896 2503 927 2577 si
949 2527 1036 2577 curn
1053 2502 1117 2578 illa
1133 2528 1269 2604 compa-

191 2621 296 2690 retur
310 2638 396 2713 quae
423 2615 462 2688 in
479 2638 566 2689 vera
582 2616 842 2691 exercitatione
871 2614 1068 2713 perficitur,
1095 2626 1136 2691 et
1151 2619 1270 2692 minus

191 2719 378 2812 laboriosa,
404 2736 443 2799 et
471 2727 589 2824 qualis
615 2727 732 2827 igitur
758 2728 898 2803 diutius
924 2723 1039 2826 possit
1067 2727 1270 2804 continuari

192 2830 284 2905 citra
299 2832 553 2910 lassitudinem
569 2836 628 2911 vel
648 2838 955 2938 defatigationem.
1198 2922 1209 2933 ,

242 2962 361 3018 ruclx.
387 2944 447 3019 Ut
463 2946 561 3020 inter
576 2950 853 3023 exercitationes
869 2950 1080 3041 ambulatio,
1107 2950 1158 3024 sic
1171 2949 1270 3023 inter

57 3091 61 3100 ·
190 3054 412 3149 gestationes
428 3057 619 3152 equitatio,
636 3061 775 3132 caeteris
791 3063 964 3139 omnibus
980 3062 1092 3165 longe
1101 3069 1268 3163 prantata

189 3163 285 3238 actio
301 3165 401 3240 enim
418 3166 671 3243 musculorum
682 3169 782 3245 hand
799 3174 937 3273 exigua
952 3176 992 3250 in
1002 3200 1046 3250 ea
1061 3174 1270 3276 requiritur,

49 3269 54 3278 ’
190 3275 254 3350 sed
270 3277 362 3352 adeo
377 3277 482 3367 levis,
499 3286 538 3352 et
553 3278 606 3352 ita
622 3280 771 3370 variata,
789 3293 834 3359 ut
850 3287 961 3361 etiam
980 3286 1089 3362 valde
1104 3286 1271 3375 infirmis,

188 3387 309 3486 iisque
324 3391 390 3488 qui
407 3389 515 3489 plane
530 3391 717 3468 ambulem
734 3419 810 3471 non
826 3411 984 3496 possent,
1002 3398 1213 3488 tolerabilis,
1235 3406 1270 3474 et

188 3509 303 3595 grata,
326 3511 367 3576 et
382 3501 489 3577 valde
505 3502 670 3580 salutaris
686 3507 761 3584 fiat
813 3508 947 3610 Neque
963 3511 1120 3587 minima
1137 3512 1276 3611 equita·

188 3607 300 3684 tionis
317 3614 533 3690 excellentia
548 3625 614 3705 est,
644 3621 747 3718 quod
763 3645 911 3697 cursum
936 3624 1128 3723 sanguinis
1144 3624 1274 3698 leniter

114 3810 117 3819 Ι
184 3721 339 3797 omnino
363 3728 526 3826 expedit,
551 3753 673 3830 neque
690 3733 818 3832 pulsus
843 3736 953 3809 nimis
968 3735 1132 3825 festinat,
1149 3757 1271 3836 neque

183 3839 330 3908 tantum
350 3842 539 3938 sanguinis
556 3843 595 3917 in
612 3844 808 3943 pulmones
824 3847 994 3946 conjiciat
1011 3858 1200 3946 quantum
1210 3870 1269 3922 eos

183 3945 391 4042 opprimere
414 3954 539 4050 possit,
569 3968 635 4029 aut
659 3959 933 4057 respirationem
959 3959 1175 4037 laboriosam
1207 3968 1269 4035 aut

180 4053 369 4135 difficilem
384 4060 512 4137 facere.
562 4065 634 4142 Est
650 4069 837 4167 quoddam
856 4071 977 4160 etiam,
993 4072 1093 4147 inter
1102 4075 1266 4173 equitan-

179 4166 283 4261 dum,
311 4194 388 4249 non
405 4197 537 4274 corpus
553 4178 666 4255 modo
682 4179 815 4258 leniter
831 4185 1002 4273 exerceri,
1019 4185 1086 4260 sed
1104 4195 1263 4262 mentem
