2678 4794
42 443 43 446 a
124 392 196 467 278
288 356 293 380 ’
527 399 778 457 consciscens
988 407 1076 464 cnr.
1093 409 1200 465 xxn.

114 585 228 662 cibus
245 577 481 660 abundaverit
497 573 555 651 vol
572 575 751 649 defecerit
803 575 931 649 Homo
944 603 1201 678 quoquenon.

125 697 220 772 nihil
237 691 446 795 hujusmodi
462 688 659 788 experitur,
688 688 858 787 quamvis
874 687 974 764 haud
990 702 1139 768 tantum
1158 722 1205 772 ao

125 809 265 885 beiluae.

176 941 336 997 nccccn
367 917 494 992 Primo
509 916 659 991 fortasse
674 926 825 1016 aspectu
843 915 996 991 absurda
1011 916 1204 991 videbitur

125 1033 259 1130 opinio,
281 1020 513 1105 'mutationes
528 1032 625 1118 istas,
651 1055 743 1130 quas
760 1030 868 1103 variis
884 1029 1053 1104 aetatibus
1068 1053 1204 1125 corpus

124 1142 233 1228 subit,
251 1143 464 1217 morborum
477 1168 600 1218 causas
611 1167 698 1229 esse,
714 1144 916 1241 prasertim
932 1166 1054 1240 quum
1065 1141 1206 1215 anima-

122 1252 172 1327 lia
188 1254 262 1327 fere
291 1259 427 1343 omnia,
452 1268 492 1330 et
518 1255 631 1346 ‘multi
654 1256 768 1330 etiam
794 1254 973 1341 homines,
998 1253 1074 1326 sani
1100 1252 1205 1327 omni

121 1375 290 1464 tempore
307 1371 447 1457 vivant,
473 1380 511 1442 et
527 1369 597 1443 alia
614 1368 746 1444 sanitas
761 1366 907 1454 infanti,
937 1389 1012 1439 non
1038 1388 1140 1439 secus
1165 1387 1206 1438 ac

123 1476 193 1553 alia
209 1480 327 1569 facies,
345 1482 413 1555 alia
430 1483 520 1567 viro,
539 1482 607 1554 alia
625 1482 713 1566 seni,
731 1503 808 1552 esse
825 1479 966 1554 debeat.

175 1615 360 1669 Dccccvr.
386 1594 530 1667 Verum
548 1592 737 1666 enimvero
763 1614 839 1664 non
856 1615 901 1663 eo
918 1591 1039 1667 minus
1064 1593 1204 1664 certum

125 1715 194 1792 est,
217 1706 397 1806 plurimos
413 1706 557 1781 morbos
574 1714 671 1778 certa
688 1703 834 1776 tantum
853 1703 941 1775 vita
957 1704 1126 1799 tempora
1152 1701 1205 1776 in·

125 1819 256 1893 festare
274 1824 358 1917 (nr),
385 1842 520 1914 eosque
533 1840 557 1888 a
574 1825 671 1889 statu
689 1815 859 1912 corporis,
890 1823 975 1888 tum
992 1812 1163 1888 nonnihil
1184 1836 1205 1888 s

125 1931 386 2028 perfectissima
424 1931 577 2002 sanitate
601 1924 841 2013 deflectentis,
877 1937 917 1999 et
955 1926 1002 1998 ad
1027 1925 1205 2025 quosdam

124 2042 272 2115 morbos
288 2041 459 2140 proclivis
474 2041 572 2127 facti,
588 2038 771 2139 pendere:
797 2038 849 2111 ita
866 2048 921 2124 ut,
943 2037 1038 2111 dum
1056 2039 1144 2111 unni
1160 2035 1205 2110 lu-

126 2153 278 2241 buntur,
304 2164 342 2229 et
367 2179 498 2254 corpus
522 2153 591 2226 aiia
626 2164 739 2250 atque
764 2148 833 2223 ulio
857 2150 997 2223 ratione
1031 2159 1206 2236 mutamur,

126 2257 357 2366 proclivitate
373 2267 419 2340 ad
436 2265 616 2366 quosdam
633 2261 780 2337 morbos
809 2270 968 2335 correcta
984 2259 1045 2334 vel
1061 2260 1206 2361 penitus

124 2379 258 2468 'deleta
276 2392 341 2457 aut
358 2403 444 2455 sane
460 2380 620 2466 vivatur,
643 2385 708 2452 aut
723 2375 813 2453 novi
828 2373 1011 2462 accedant,
1029 2383 1069 2449 et
1083 2372 1208 2475 priori-

128 2490 200 2567 bus
216 2496 399 2582 contrarii‚
417 2495 547 2571 morbi.

179 2628 379 2683 ncoccvn.
406 2608 682 2684 Difficillimum
709 2607 803 2683 foret
826 2605 985 2680 indicare
1001 2626 1059 2676 res
1084 2623 1209 2677 omnes

127 2741 217 2814 quae
232 2721 341 2793 variis
358 2721 445 2794 vitae
460 2721 688 2819 temporibus
717 2744 848 2817 corpus
865 2727 922 2790 tot
948 2715 1102 2789 diversis
1119 2738 1210 2789 mor·

130 2826 186 2900 bis
203 2828 454 2926 opportunum
469 2832 635 2906 reddant.
675 2831 739 2904 Sat
754 2830 866 2903 fuerit
882 2851 1113 2915 memorasse,
1128 2827 1211 2900 isus

129 2941 364 3028 mutationes,
390 2942 610 3039 morbosque
639 2942 755 3039 igitur
771 2942 837 3037 qui
867 2965 914 3014 ex
939 2940 984 3012 iis
1008 2938 1211 3038 profluunt,

129 3048 176 3121 ad
194 3060 290 3123 certa
307 3052 425 3148 capita
440 3074 514 3123 non
540 3053 666 3150 inepte
682 3051 830 3127 referri:
856 3053 993 3126 scilicet
1009 3051 1056 3125 ad
1074 3063 1210 3126 statum

128 3162 311 3237 universa
326 3163 511 3262 compagis
529 3164 663 3254 (cxxv,
680 3172 791 3261 xc1v)
816 3166 976 3263 partium
1000 3163 1211 3249 solidarum,

129 3274 317 3364 mollioris,
340 3290 405 3351 aut
421 3274 590 3351 firmioris
601 3276 715 3375 justo,
740 3277 787 3350 od
805 3287 943 3351 statum
956 3275 1116 3375 generis
1132 3297 1212 3351 ner-

128 3387 211 3462 uosi
227 3390 325 3479 (clx,
342 3400 380 3462 et
396 3396 511 3487 seqq.)
532 3389 651 3477 nimis,
669 3389 729 3464 vel
744 3391 856 3464 nimis
874 3414 1006 3489 parum
1023 3386 1213 3463 sentientis

131 3508 197 3573 aut
225 3501 375 3589 mobilis,
404 3500 532 3575 debilis
560 3513 627 3576 aut
651 3502 763 3577 validi
798 3505 984 3595 (cccnxx,
1027 3511 1067 3575 et
1099 3503 1214 3596 seqq.)

130 3609 179 3682 ad
212 3620 349 3687 statum
375 3612 549 3688 circuitus
578 3615 777 3714 sanguinis,
805 3613 910 3688 liberi
935 3622 1002 3687 aut
1033 3610 1216 3710 impediti,

132 3719 300 3820 languidi
333 3736 398 3799 aut
431 3727 672 3815 vehementis,
711 3726 899 3825 aequabilis
931 3738 997 3799 aut
1031 3723 1215 3800 abnormis

132 3834 364 3924 (ccecxnnr,
390 3850 429 3911 et
453 3846 568 3938 seqq.)
598 3838 645 3912 ad
662 3849 798 3912 statum
831 3838 1074 3911 secretionum
1099 3852 1139 3911 et
1154 3847 1215 3911 ex'·

130 3947 349 4035 motionum,
377 3950 616 4047 copiosarum,
646 3949 706 4022 vel
723 3949 971 4024 deficientium
1002 3959 1041 4024 et
1059 3948 1213 4049 impedi·

130 4060 439 4150 sarum-(nemu,
469 4073 507 4136 et
523 4069 638 4161 seqq.)
669 4073 707 4134 et
723 4061 884 4160 denique
900 4057 945 4135 ad
969 4072 1111 4137 statum
1130 4083 1213 4161 qua-

129 4172 288 4247 rundam
306 4175 467 4272 partium
486 4200 571 4273 quae
593 4185 693 4248 certo
719 4183 884 4273 tempore
913 4174 1153 4262 evolvuntur,
1179 4179 1214 4245 et

131 4298 252 4398 agunt
261 4285 500 4390 aliquamdiu,
512 4295 551 4362 et
563 4285 714 4363 tamem
727 4287 1212 4402 desinqntugereinccnvn,
