2678 4794
21 286 25 295 “
111 328 196 384 car.
213 328 328 381 xn111.
380 320 599 377 ammanus
618 320 905 376 anncnnmcra.
1108 310 1179 386 591

162 524 370 580 arncnxnn
397 501 500 575 Hinc
525 502 672 600 egregia
698 498 851 575 medicis
879 496 1018 573 occasio
1043 520 1184 572 novum

111 617 322 716 experiendi
355 613 568 698 remedium,
596 612 745 710 corpori
783 620 911 685 tntum
945 629 983 683 et
1015 609 1183 684 adhibitu

111 731 356 814 commodum,
374 726 474 825 quod
492 723 647 798 calculos
663 722 887 808 dissolveret,
904 722 1089 820 variisque
1106 747 1184 796 mc-

111 843 167 914 dis
184 841 353 916 facillime
368 837 486 934 ingeri
513 847 654 934 posset3
678 835 740 910 vel
768 835 885 909 forma
914 833 1050 908 scilicet
1077 858 1185 932 aquas

110 952 310 1052 arcplaiticae
327 950 489 1047 (qualem
505 947 623 1035 sontes
641 949 811 1046 quasdam
828 946 1061 1020 medicinales
1079 948 1183 1021 uber-

111 1068 201 1137 rime
219 1074 434 1161 suggerunt,
458 1084 627 1158 quaeque,
650 1062 680 1132 si
695 1060 784 1134 tales
801 1058 920 1133 fontes
936 1058 1107 1146 adeundi,
1126 1083 1186 1132 ea-

111 1199 271 1272 rumque
299 1199 409 1270 aquas
437 1171 639 1256 obtinendi,
665 1172 768 1268 copia
796 1197 870 1245 non
901 1181 966 1258 est,
992 1170 1185 1245 commode

111 1286 188 1359 fieri
206 1297 326 1384 potest
343 1310 390 1358 ex
407 1309 502 1383 aqua
513 1283 663 1358 fontana
676 1284 862 1357 communi
874 1283 977 1358 acida
994 1283 1185 1358 carbonaco

110 1400 257 1497 expleta
275 1408 313 1471 et
329 1405 524 1493 saturata);
549 1395 610 1469 vel
636 1397 674 1469 in
705 1395 838 1469 idoneo
864 1394 935 1468 sale
960 1394 1118 1470 alcaliac
1134 1393 1184 1467 la-

111 1521 203 1597 tens,
229 1511 329 1584 unde
354 1510 479 1583 statim
496 1520 540 1582 ut
556 1508 751 1581 devoratus
776 1507 887 1581 fuerit
915 1506 1061 1581 acidam
1091 1505 1185 1579 illud

110 1621 368 1720 expellendum
397 1632 451 1695 est
480 1620 612 1713 hausto
628 1619 748 1693 multo
777 1619 859 1692 citri
887 1619 1040 1692 medicae
1066 1642 1185 1705 succo,

111 1733 169 1806 vel
185 1734 256 1807 alio
269 1735 391 1832 quivis
408 1731 513 1808 acida
530 1733 631 1829 quod
648 1741 776 1830 aptum
795 1730 973 1804 videatur.
1024 1731 1105 1804 Nec
1121 1731 1184 1805 de-

110 1856 197 1920 sunt
214 1845 382 1942 exempla
400 1845 580 1940 quaedm,
602 1845 667 1917 ubi
685 1843 753 1917 hoc
769 1843 974 1917 remedium
993 1843 1185 1940 insigniter

110 1957 296 2053 profuisse,
313 1955 590 2049 plurimumque
606 1955 788 2041 sabulum,
806 1956 1005 2052 etquidem
1018 1953 1182 2041 calculos,

111 2078 149 2138 ct
165 2064 369 2162 fragmenta
385 2063 484 2134 haud
502 2064 592 2133 adeo
608 2065 764 2152 minuta,
782 2066 964 2161 expulisse
978 2068 1098 2139 visum
1118 2077 1183 2142 est.

112 2177 281 2250 Maxime
297 2185 422 2248 autem
440 2172 641 2246 dolendum
659 2184 714 2244 est
730 2175 940 2269 hujusmodi
962 2178 1183 2252 beneficium

111 2313 187 2363 non
202 2288 320 2387 magis
337 2312 413 2361 esse
430 2286 601 2384 frequens
617 2293 728 2382 atque
745 2294 907 2368 certum;
934 2285 997 2356 sed
1014 2288 1080 2358 vix
1098 2312 1184 2361 sane

110 2402 330 2487 mirandum,
356 2424 442 2474 eum
459 2398 559 2472 haud
575 2399 809 2496 perspicuum
827 2398 873 2470 sit
889 2422 966 2494 quo
982 2398 1093 2471 modo
1109 2399 1184 2474 aaa'·

110 2513 198 2587 dam
226 2512 460 2589 carbunicam
487 2513 538 2585 ita
566 2513 606 2584 in
635 2535 766 2608 corpus
790 2518 990 2608 receptum,
1015 2512 1184 2609 pristinas

110 2650 191 2700 suas
208 2626 312 2701 dotes
328 2625 449 2699 adhuc
466 2625 636 2710 retinens,
663 2648 727 2721 per
744 2631 800 2695 tot
816 2622 902 2708 vias,
928 2632 966 2696 et
982 2625 1183 2721 praesertim

110 2762 175 2835 per
190 2738 418 2836 pulmonem,
444 2739 492 2812 sit
509 2737 759 2823 transiturum,
785 2745 824 2808 et
848 2735 996 2808 tandem
1020 2737 1067 2808 ad
1093 2737 1183 2811 vesi·

110 2872 190 2923 cam
208 2851 470 2937 deferendum3
496 2860 534 2924 ct
551 2848 662 2923 simul
678 2874 743 2946 per
763 2848 1014 2946 experimenta
1030 2859 1183 2937 constet,

109 2985 230 3060 neque
262 2977 400 3060 purum
435 2961 582 3037 [acidam
614 2960 859 3047 carboniam,
894 2985 1014 3058 neque
1047 2986 1183 3058 aquam

109 3098 153 3146 eo
169 3084 377 3160 saturatam,
403 3073 557 3148 calculos
575 3073 764 3160 humanos,
790 3075 855 3172 qui
874 3097 993 3171 neque
1017 3098 1065 3147 ex
1086 3074 1182 3147 calce

109 3208 231 3281 neque
260 3210 308 3257 ex
336 3186 529 3284 rnagnesia
556 3197 735 3272 constant,
760 3197 866 3258 extra
892 3210 1021 3282 corpus
1039 3185 1098 3259 vel
1115 3186 1184 3259 mi·

109 3297 256 3369 nimum
274 3295 477 3371 dissolvere.
528 3299 643 3395 Aqua
659 3309 784 3373 autem
803 3295 902 3372 acidi
918 3296 1117 3382 sardonici,
1144 3306 1182 3371 et

109 3408 261 3480 haustus
290 3407 353 3479 isti
381 3407 666 3511 effervescentes,
692 3411 826 3508 largius
856 3422 1052 3507 assumpta,
1077 3408 1116 3481 hi
1133 3408 1182 3481 le-

111 3521 207 3592 niter
237 3518 471 3606 stimulando,
485 3518 557 3592 ‘illa
573 3522 714 3618 copiose
732 3521 917 3607 diluendo,
944 3521 1087 3594 urinam
1105 3546 1182 3594 mo-

108 3655 205 3717 vere,
230 3640 269 3703 et
285 3654 387 3704 renes
405 3640 443 3703 et
459 3631 617 3704 vesicam
635 3631 766 3719 eluere,
791 3643 829 3705 et
856 3634 1020 3707 arenulas
1050 3645 1087 3707 et
1112 3632 1182 3705 cal-

108 3743 208 3816 culos
226 3741 407 3840 expellere
420 3752 604 3840 poterunt.
655 3744 837 3816 Praeterea
853 3744 1000 3818 acidam
1016 3742 1182 3819 carboni·

109 3878 190 3926 eam
206 3855 435 3928 corroborato
452 3878 609 3952 corpore,
636 3866 674 3928 et
690 3855 871 3952 imprimis
889 3854 1101 3939 ventriculo,
1118 3854 1181 3928 ali-

109 3966 298 4062 mentique
315 3967 549 4041 concoctione
577 3968 627 4039 sic
653 3967 792 4040 saniore
808 3966 910 4056 facta,
936 3968 1012 4041 aliis
1030 3991 1181 4063 quoque

108 4076 227 4149 modis
257 4079 449 4174 (Mncmx)
480 4078 665 4152 calculosis
697 4079 786 4151 utile
816 4081 893 4154 erit.
944 4081 997 4152 Et
1026 4078 1180 4153 demum

107 4189 359 4285 experimenta
386 4191 554 4289 quaedam
586 4191 725 4289 prolata
751 4203 838 4268 sunt
867 4219 949 4292 quae
975 4191 1180 4281 ostendant,
