2678 4794
126 358 176 436 68
279 422 286 429 .
519 377 781 434 cousrncrus.
1012 380 1098 436 cnr.
1117 378 1207 436 vm.

178 578 349 634 ccxxm.
374 554 508 652 Neque
524 577 610 628 sune
638 554 840 652 quicquam
857 564 954 627 certa
971 554 1046 627 fide
1063 557 1111 628 de
1136 557 1208 630 sin-

131 668 303 770 gularum
320 666 416 741 auris
431 665 586 739 internae
598 666 760 764 partium
773 664 977 738 actionibus
989 676 1122 739 notum
1141 678 1215 754 est,

128 793 374 882 praeterquam
391 775 544 851 ossicula
559 777 636 876 ipsu
654 776 701 850 ud
717 785 892 850 tremores
909 776 1157 874 suscipiendos
1170 790 1211 851 et

130 888 334 966 reddendos
353 888 410 962 vel
426 888 681 989 propagandos
697 889 884 988 aptissima
900 912 988 974 esse,
1005 902 1043 962 et
1060 888 1144 963 ideo
1161 891 1211 962 ad

129 991 302 1078 auditum
318 1000 503 1076 conferre:
528 1002 581 1076 itu
598 1010 643 1076 ut
658 1025 723 1101 per
740 1001 868 1075 dentes
885 1009 923 1074 et
939 999 1142 1089 maxillam,
1170 1009 1211 1074 et

128 1122 318 1213 petrosum
334 1138 387 1203 os,
411 1115 490 1189 soni
507 1114 555 1187 ud
579 1112 749 1188 ultimam
767 1135 960 1186 nervosam
976 1112 1104 1214 organi
1129 1137 1211 1211 par·

128 1233 206 1300 tem
223 1226 451 1325 perveniant,
476 1235 514 1300 et
531 1225 582 1299 sic
604 1224 716 1298 homo
739 1222 814 1297 fere
830 1222 973 1309 surdus,
998 1246 1120 1320 neque
1145 1248 1212 1321 per

125 1343 208 1412 abra
223 1339 388 1425 audiens,
413 1339 553 1413 musica
569 1336 847 1438 quodammodo
871 1337 1024 1410 fruatur.
1075 1335 1210 1408 Potius

127 1449 382 1524 confitendum
398 1460 464 1537 est,
489 1449 653 1524 multum
671 1449 731 1522 hic
747 1449 892 1522 subesse
908 1447 1064 1533 obscuri,
1090 1457 1128 1519 et
1152 1471 1209 1520 ac·

127 1561 268 1636 tionem
286 1570 324 1636 et
336 1586 424 1636 usus
437 1561 638 1636 multarum
657 1561 829 1657 partium,
846 1583 932 1658 quae
948 1562 987 1631 in
1005 1583 1092 1632 aure
1109 1569 1209 1645 sunt,

128 1697 260 1771 parum
277 1673 397 1747 adhuc
413 1672 580 1771 intelligi.

178 1809 345 1862 ccxxw.
373 1786 462 1859 Soni
492 1794 579 1858 sunt
607 1785 717 1858 fortes
743 1783 804 1857 vel
831 1781 979 1873 debiles,
1003 1807 1132 1883 graves
1148 1781 1208 1855 vel

128 1898 239 1972 acuti.
271 1900 274 1905 ’
290 1899 379 1972 Soni
403 1895 625 1995 magnitudo
640 1895 701 1972 vel
730 1894 871 1971 claritas
886 1896 1026 1995 pendet
1042 1921 1064 1968 a
1079 1896 1118 1968 vi
1144 1920 1209 1970 seu

126 2008 387 2103 magnitudine
404 2017 620 2095 tremorum,
642 2033 736 2108 quos
753 2031 884 2106 corpus
902 2031 1033 2082 sonans
1050 2009 1123 2082 obri
1138 2008 1216 2082 im·-

126 2120 265 2218 pertin
289 2122 449 2220 gravitas
465 2146 486 2195 a
502 2144 658 2196 numero
685 2110 884 2195 tremorum
909 2121 979 2219 qui
1003 2120 1091 2211 dato
1114 2130 1208 2194 tem·

127 2253 217 2328 pore
232 2231 485 2309 absolvuntur.
536 2233 633 2308 Sunt
649 2242 774 2309 tumen
790 2233 880 2308 certi
896 2233 999 2321 fines,
1015 2257 1109 2333 quos
1118 2233 1211 2307 citra

126 2352 166 2418 et
183 2342 290 2434 ultru,
310 2345 371 2419 vel
396 2344 521 2420 nullus
538 2369 649 2422 sonus
665 2355 732 2435 est,
757 2345 818 2423 vel
833 2346 1040 2435 acerrimus,
1065 2355 1104 2418 et
1127 2344 1207 2420 auri

128 2456 405 2558 ingratissimus,
431 2459 572 2557 vixque
588 2457 794 2534 tolerabilis.

177 2593 321 2649 ccxxv.
346 2572 474 2658 Porm,
490 2571 547 2647 vis
564 2572 644 2646 soni
660 2571 868 2646 intenditur
883 2587 1095 2668 repercussu
1114 2567 1206 2643 mul-

127 2688 251 2754 torum
269 2706 474 2779 corporum,
500 2706 585 2779 quae
609 2694 783 2756 tremores
799 2706 823 2754 a
837 2690 1017 2754 tremente
1033 2687 1114 2751 aere
1130 2706 1206 2756 sus·

127 2789 271 2887 cipiunt
300 2799 338 2863 et
363 2791 536 2864 reddunt.
588 2791 676 2863 Soni
704 2792 832 2887 itaque
856 2788 993 2875 reflexi,
1019 2799 1208 2885 quotquot

128 2922 215 2976 cum
231 2900 403 2997 primario
419 2899 650 2986 concordant,
674 2922 749 2974 una
775 2923 858 2974 cum
875 2923 919 2973 eo
935 2921 1039 2973 aures
1056 2898 1206 2990 feriunt,

128 3033 291 3109 eumque
306 3008 491 3083 fortiorem
509 3009 671 3085 faciunt:
696 3011 783 3085 hinc
799 3035 876 3086 vox
897 3011 966 3085 sub
982 3012 1092 3111 pleno
1108 3014 1205 3090 Jove

127 3119 282 3196 debilior
297 3145 411 3221 quam
427 3120 467 3195 in
484 3120 663 3197 cubiculo.
714 3122 828 3210 Quod
852 3124 893 3211 si,
918 3135 1017 3199 certo
1041 3136 1125 3224 post
1149 3128 1204 3201 in.

127 3232 290 3323 tervallo,
315 3232 442 3309 reflexi
459 3234 538 3308 soni
554 3234 601 3309 ad
618 3259 722 3310 aures
738 3237 970 3334 perveniunt,
994 3263 1016 3312 a
1032 3239 1205 3337 primario

128 3344 291 3421 distincti
307 3346 521 3434 audiuntur,
547 3357 586 3421 et
603 3347 653 3423 sic
670 3348 761 3423 echo
776 3347 831 3424 fit.

177 3480 343 3533 ccxxvr.
372 3460 553 3533 Sonorum
579 3459 758 3537 immensa
774 3463 927 3537 varietus
952 3473 1026 3537 est:
1063 3464 1203 3566 qnippe

128 3593 285 3666 quorum
302 3570 361 3643 vel
391 3571 584 3648 levissimae
606 3574 833 3648 mutationes
854 3585 893 3649 et
916 3575 1203 3673 conjunctiones,

113 3674 174 3752 'ab
188 3690 294 3754 acuta
310 3693 349 3757 et
365 3682 472 3758 docta
493 3708 595 3772 aure,
617 3686 875 3784 percipiantur.
925 3683 1086 3785 Insignis
1111 3712 1202 3785 quo·

125 3815 344 3889 qne-eorum
356 3795 412 3867 vis
425 3805 481 3869 est
492 3797 712 3873 inanimum
729 3797 899 3884 hominis,
915 3808 953 3871 et
970 3798 1053 3872 ideo
1070 3800 1108 3872 in
1126 3796 1202 3874 e'or·

124 3927 204 4000 pus.
255 3904 385 3979 Varios
400 3907 516 3981 animi
532 3908 695 3997 affectus,
711 3911 832 3984 tristes
844 3911 1022 4008 imprimis
1032 3922 1071 3987 et
1087 3912 1204 4002 letos,

125 4013 304 4114 inspirant
316 4044 326 4101 ;
367 4016 553 4115 multique
576 4019 773 4095 hominnm
806 4045 854 4095 ex
883 4021 953 4097 hoc
980 4023 1203 4099 inexhausto

125 4127 228 4201 fonte
243 4151 353 4226 puras
368 4138 407 4204 et
419 4130 647 4227 suavissimas
656 4131 864 4233 voluptates
880 4133 1066 4209 hauriunt.
1119 4137 1202 4213 Au·

123 4241 172 4316 ris
188 4264 285 4330 vero,
311 4267 395 4341 quae
409 4250 563 4318 vocabu
591 4245 738 4332 musica,
763 4268 837 4320 non
867 4246 1039 4322 omnibus
1068 4246 1201 4335 datum
