2678 4794
125 387 222 448 car.
239 385 344 443 xxm
418 380 640 438 munierum
658 382 947 444 raaoaamcm.
1144 376 1214 447 281
1264 446 1265 449 r

188 583 378 642 nooccx1u
404 560 636 659 Hujusmodi
673 561 778 651 mala,
803 588 825 636 a
850 575 949 639 statu
975 589 1153 640 venarum
1180 576 1219 643 et

134 680 350 754 arteriarum
367 673 577 774 pendentia,
603 699 648 749 eo
663 674 892 775 frequentius
908 679 1091 767 accidunt,
1117 680 1220 778 quod

136 790 249 868 multi
274 811 380 864 senes
397 787 576 886 sanguine
591 786 675 885 plus
695 787 799 885 justo
816 789 915 887 pleni
944 790 1054 880 liunt,
1084 791 1220 866 scilicet

130 905 201 1004 qui
217 926 314 1002 saepe
330 902 428 975 bene
444 899 579 987 valent,
605 910 643 974 et
659 900 753 974 bene
770 912 1017 1000 concoquunt,
1046 916 1085 976 et
1101 903 1221 1002 epulis

132 1015 355 1092 lautioribus
371 1011 582 1112 indulgent,
599 1023 638 1087 et
655 1037 803 1112 corpora
820 1039 950 1114 parum
970 1028 1151 1099 exercent,
1181 1025 1220 1088 et

135 1151 283 1228 parcam
308 1151 375 1225 per
400 1135 524 1199 cutem
550 1125 817 1198 exhalationem
845 1126 1003 1213 habent;
1041 1129 1222 1201 nimirum

133 1240 241 1340 cujus
257 1238 418 1339 plurima
434 1261 519 1310 vasa
536 1247 574 1309 et
590 1237 768 1310 foramina
783 1237 858 1311 fere
875 1238 1157 1314 concluduntur.

187 1355 380 1426 occecxu
408 1348 510 1422 Citra
527 1373 614 1421 vero
637 1349 791 1422 nimiam
818 1351 1005 1450 sanguinis
1031 1351 1219 1425 abundan-

136 1465 242 1551 tiam,
256 1461 379 1560 ejusve
390 1461 643 1558 oongestiones
653 1471 719 1535 aut
729 1461 1004 1537 distributiones
1017 1464 1219 1551 abnormes,

136 1576 331 1650 deficiente
346 1575 385 1646 vi
409 1596 580 1660 neruosa,
606 1582 644 1645 et
669 1573 870 1673 languente
889 1576 1076 1674 sanguinis
1101 1587 1221 1664 motu,

128 1687 303 1788 paralysi,
320 1696 359 1760 et
375 1685 536 1784 hydropi
553 1686 643 1759 varii
660 1688 815 1785 generis,
843 1698 882 1760 et
899 1687 1221 1775 obstructionibus,

134 1811 173 1875 et
188 1799 424 1874 carcinomati
442 1799 590 1889 (occur,
608 1811 647 1872 et
663 1806 778 1897 seqq.)
808 1823 912 1872 senes
929 1799 1081 1872 obnoxii
1098 1799 1219 1874 fiunt:

133 1914 184 1988 ob
207 1912 354 1987 easdem
372 1936 523 2010 quoque
539 1936 673 1997 causas,
700 1913 800 1987 visus
817 1912 1048 1999 obtunditur,
1070 1912 1220 1987 auditus

108 2109 111 2115 ,
137 2025 311 2112 hebescit,
327 2035 366 2098 et
382 2048 510 2097 omnes
527 2024 678 2098 demum
697 2050 823 2099 sensus
839 2024 1024 2099 fatiscunt.

168 2160 359 2212 necocxm.
371 2138 498 2224 Porro,
508 2138 712 2210 innumeris
722 2137 822 2210 vitiis
833 2136 999 2235 plerique
1011 2160 1113 2211 senes
1124 2136 1220 2236 plec-

135 2259 269 2328 tuntur
284 2268 507 2349 organorum
525 2250 591 2349 qui
609 2250 726 2323 urinae
741 2249 949 2322 inserviunt
970 2249 1220 2339 (nccxxxvn,

135 2355 307 2463 etseqq.)
333 2363 399 2436 diu
424 2362 542 2436 forsan
570 2361 647 2435 sine
672 2360 775 2459 gravi
802 2358 964 2457 periculo
987 2370 1053 2434 aut
1081 2361 1221 2434 incom-

134 2477 269 2553 modo:
288 2476 401 2549 iidem
415 2500 502 2549 vero
515 2475 634 2549 morbi
646 2473 765 2546 indies
781 2473 1084 2569 ingravescentes,
1098 2481 1137 2545 et
1146 2472 1222 2546 fere

133 2587 431 2675 immedicabiles,
449 2613 517 2661 suo
533 2585 685 2660 tandem
701 2584 866 2684 periculo
881 2607 955 2657 non
974 2584 1160 2658 carebunt.

109 2699 112 2703 ’
181 2722 413 2778 nccccxvn.
426 2700 525 2774 Aliis
542 2699 700 2772 demum·
716 2697 850 2771 morbis
866 2720 969 2770 senes
981 2696 1095 2795 magis
1105 2720 1223 2795 quam

128 2812 287 2912 juvenes
303 2813 504 2912 opportuni
520 2822 620 2899 sunt,
650 2810 765 2886 veluti
782 2811 965 2909 podagrae,
989 2808 1138 2897 calculo,
1155 2811 1220 2886 &a

133 2951 297 3026 quorum
321 2927 415 3001 ratio
438 2927 558 3026 magis
582 2927 735 3001 obscura
771 2934 848 2998 est:
884 2924 1024 3022 quippe
1053 2924 1119 3021 qui
1144 2945 1222 2995 non

134 3040 284 3114 senibus
308 3040 447 3139 proprii
472 3040 557 3126 sint,
583 3039 650 3138 qui
679 3038 845 3112 multum
862 3036 1048 3135 pendeant
1064 3061 1084 3109 a
1102 3037 1221 3134 prima

136 3159 178 3225 et
200 3152 396 3252 congenita
420 3152 580 3252 corporis
608 3150 854 3237 fabricatione,
880 3160 918 3223 et
935 3151 1001 3249 qui
1018 3171 1114 3246 saepe
1133 3148 1221 3245 jun·¹

136 3272 276 3362 gantur
290 3278 374 3338 cu'm
392 3263 471 3337 aliis
488 3263 636 3350 morbis,
653 3243 1079 3362 praesertim'ventriculi.

188 3397 436 3451 mccccxvnr.
464 3376 653 3475 Denique,
680 3376 766 3450 satis
792 3372 990 3448 verisimile
1012 3381 1067 3444 est
1084 3370 1222 3444 vitium

134 3486 296 3587 quodvis
311 3488 379 3563 diu
396 3489 524 3576 latens,
542 3510 665 3586 neque
681 3487 830 3561 fortasse
854 3494 1066 3584 suspectum
1084 3484 1222 3584 (xum),

136 3610 217 3675 tum
236 3599 392 3675 demum
409 3625 449 3676 se
465 3599 658 3674 manifeste
675 3600 921 3698 proditurum,
934 3623 1065 3696 quum,
1083 3598 1223 3671 viribus

136 3712 310 3788 omnibus
339 3713 606 3800 deficientibus,
631 3736 761 3787 omnes
788 3710 1225 3809 functionesimpedian·

138 3831 209 3913 tur,
227 3836 268 3902 et
286 3825 425 3900 malum
443 3827 482 3900 in
500 3838 621 3924 partes
631 3824 711 3924 jam
730 3824 867 3900 debiles
883 3835 922 3899 et
934 3826 1118 3900 morbosos
1134 3834 1224 3921 praess

137 3935 245 4035 cipue
271 3938 465 4014 incumbat
482 3940 703 4037 (coenum).
754 3938 850 4013 Haec
866 3938 1015 4013 videtur
1038 3961 1116 4012 esse
1131 3935 1225 4009 ratio

141 4069 206 4125 cur
222 4050 334 4126 multi
351 4052 470 4125 morbi
500 4052 728 4137 haereditarii,
752 4052 871 4149 prima
887 4061 1005 4136 aetate,
1034 4048 1094 4123 vel
1112 4049 1225 4121 etiam

141 4163 374 4255 consistente,
385 4189 465 4242 raro
475 4164 721 4256 observandae,
735 4175 923 4241 senectute
937 4163 1091 4239 demum
1105 4179 1224 4234 erum·

137 4285 241 4370 pant.
