2678 4794
685 291 793 370 xxxi

202 495 369 584 inertem,
385 493 608 591 languidam,
624 492 778 565 omnino
786 491 964 590 imparem
981 492 1028 566 ad
1045 493 1272 593 repellendos

200 618 267 681 aut
279 605 509 683 debellandos
520 603 639 678 hostes
650 615 816 678 strenuos
827 615 866 677 et
874 617 1040 680 actuosos
1049 609 1273 704 quibuscum

200 719 305 796 nobis
321 743 376 791 res
392 726 457 790 est.

249 831 388 903 Verum
413 828 611 915 enimvero,
637 836 682 903 ut
711 853 793 903 suas
821 829 957 928 cuique
986 828 1111 905 laudes
1136 833 1274 906 tribua·

199 966 291 1027 mus,
317 939 431 1014 celare
461 965 535 1014 non
563 951 719 1040 oportet,
752 940 979 1029 Stobliouos,
1016 953 1206 1017 constante
1234 954 1273 1017 et

197 1064 375 1152 perpetua
385 1054 589 1127 attentione
601 1079 715 1153 quarn
726 1052 862 1127 dabant
874 1054 1033 1129 historiis
1051 1055 1272 1143 morborum,

197 1175 236 1239 et
252 1165 441 1240 conatibus
459 1166 612 1240 Naturae
628 1190 715 1240 cum
740 1166 784 1239 iis
808 1164 1062 1254 conflictantis,
1085 1167 1271 1241 scientiam

196 1286 359 1352 nostram
374 1277 543 1376 plurimis
570 1287 608 1350 st
632 1277 836 1352 utilissimis
853 1278 1165 1353 observationibus
1181 1303 1271 1353 aux-

196 1388 276 1476 isse,
310 1398 350 1463 et
377 1389 605 1463 medicorum
639 1390 779 1465 animos
808 1392 959 1464 vertisse
987 1391 1033 1464 ad
1063 1392 1158 1465 vires
1186 1392 1272 1465 istas

196 1499 351 1576 Naturae
367 1500 539 1576 salutares
564 1500 805 1575 observandas
822 1512 861 1575 ct
876 1501 1158 1599 investigandas,
1182 1526 1272 1598 qua-

195 1636 279 1687 rum
312 1614 445 1689 notitia
477 1621 575 1687 certe
600 1613 640 1686 in
674 1612 808 1688 morbis
846 1613 1042 1687 tractandis
1077 1612 1272 1687 utilissima

195 1723 316 1800 fiunt

245 1838 409 1936 Rejectis
426 1838 577 1913 tandem
593 1836 723 1911 multis
739 1860 788 1909 ex
804 1834 1038 1933 opinionibus
1048 1861 1139 1935 quas
1151 1839 1272 1913 Boer·

195 1945 356 2023 lraovius
371 1950 536 2036 docebat,
561 1947 697 2024 scilicet
714 1973 798 2047 quae
815 1947 912 2022 falsae
923 1949 1012 2021 visae
1028 1950 1112 2036 sint,
1129 1949 1189 2022 vel
1205 1949 1271 2023 sal-

196 2068 272 2131 tem
290 2059 448 2148 incertae,
474 2083 595 2158 neque
612 2059 658 2133 ad
676 2083 786 2134 usum
804 2059 990 2133 medicum
1021 2061 1271 2134 accommoda·

195 2180 262 2255 tae;
288 2174 443 2271 receptis
465 2171 651 2247 nonnullis
668 2196 718 2246 ex
733 2171 968 2271 opinionibus
984 2170 1218 2271 Hofflnanni
1234 2182 1273 2247 et

194 2280 335 2357 Strata·
367 2309 453 2382 quae
485 2286 571 2360 satis
603 2284 726 2360 valido
754 2284 998 2360 fundamento
1025 2284 1097 2358 niti
1126 2284 1274 2358 creditae

195 2394 289 2480 sint;
316 2395 467 2495 adjectis
483 2397 632 2471 interim
650 2395 779 2471 multis
803 2396 910 2471 novis
934 2405 973 2470 et
999 2395 1202 2469 utilissimis
1218 2397 1273 2469 in-

194 2508 316 2581 ventis
326 2509 365 2582 in
379 2510 485 2584 variis
502 2510 697 2584 medicine
713 2510 900 2608 partibus3
925 2524 1107 2606 auctaque
1123 2509 1273 2582 scientia

195 2631 319 2693 nostra
346 2618 517 2717 plurimis
545 2620 652 2692 novis
681 2619 995 2694 observationibus
1024 2619 1142 2690 dees
1171 2630 1274 2714 parte

193 2728 429 2827 Potlologr'ae
455 2753 569 2827 quam
598 2728 863 2802 Boerlraavius
891 2728 1014 2800 minus
1042 2726 1272 2817 excoluerst;

194 2838 329 2913 medici
357 2863 477 2937 nuper
504 2839 626 2912 conati
655 2849 753 2924 sunt,
790 2848 904 2935 atque
930 2837 1051 2912 adhuc
1081 2853 1271 2929 conantur,

193 2959 310 3023 artem
328 2949 549 3024 salutiferam
564 2972 789 3048 promovere.
840 2950 1037 3037 Quantum
1054 2952 1198 3026 veroin
1217 2954 1272 3028 his

193 3061 302 3148 rcbus
318 3073 385 3137 sut
402 3062 660 3162 profecerimus
689 3073 756 3136 aut
781 3062 1032 3150 erraverimus,
1057 3087 1132 3138 non
1159 3088 1271 3164 penes

193 3195 271 3261 nos,
297 3174 360 3248 sed
377 3185 519 3249 nostros
536 3182 698 3273 nepotes,
719 3172 904 3271 judicium
921 3174 1044 3249 fuerit.

243 3285 378 3387 Longa
388 3287 540 3362 demum
554 3286 781 3384 experientia
793 3288 927 3362 medici
937 3288 1157 3377 didicerunt,
1171 3312 1271 3387 mag-

193 3420 241 3471 na
257 3401 409 3473 nomina
424 3424 500 3473 non
517 3399 628 3473 nimis
645 3399 819 3488 venerari,
844 3411 884 3475 et
912 3401 1128 3497 opinionum
1147 3410 1270 3473 aucto·

193 3509 351 3597 ritatem,
377 3536 473 3585 verae
502 3510 661 3585 scientias
687 3533 832 3610 semper
856 3512 1055 3599 inimicam,
1081 3534 1272 3610 spernere;

193 3643 262 3697 nee
279 3624 476 3723 quisquam
492 3625 530 3697 in
550 3634 747 3722 posterum,
773 3634 965 3721 utcunque
993 3623 1145 3721 ingenio
1168 3621 1270 3708 felix,

194 3744 233 3807 et
260 3732 443 3810 laboribus
476 3735 688 3824 indefessus,
723 3746 762 3811 et
787 3736 887 3809 omni
916 3733 1081 3808 doctrina
1109 3744 1270 3818 omatus,

193 3852 336 3920 mittam
364 3847 501 3922 famam
530 3857 727 3948 tantosque
754 3847 909 3921 honores
945 3845 1165 3944 adipiscetur
1201 3866 1271 3915 un-

195 3982 317 4057 quam,
342 3977 482 4058 quanta
500 3962 640 4060 magnis
657 3959 866 4036 auctoribus
883 3982 973 4056 quos
998 3954 1117 4029 secula
1141 3963 1270 4052 prate-

193 4066 1267 4162 mfflfflfflmmmmmwmmm.

193 4180 311 4261 Fama
326 4186 427 4261 enim
444 4182 552 4259 rebus
573 4185 689 4272 novis,
713 4181 904 4283 praeclaris‚
928 4190 967 4256 et
985 4179 1095 4269 miris,
1120 4180 1198 4253 dari
1214 4201 1269 4251 so
