<?xml version="1.0" encoding="UTF-8"?>
<!DOCTYPE html PUBLIC "-//W3C//DTD XHTML 1.0 Transitional//EN"
    "http://www.w3.org/TR/xhtml1/DTD/xhtml1-transitional.dtd">
<html xmlns="http://www.w3.org/1999/xhtml" xml:lang="en" lang="en">
 <head>
  <title>
</title>
<meta http-equiv="Content-Type" content="text/html;charset=utf-8" />
  <meta name='ocr-system' content='tesseract 3.04.00' />
  <meta name='ocr-capabilities' content='ocr_page ocr_carea ocr_par ocr_line ocrx_word'/>
</head>
<body>
  <div class='ocr_page' id='page_1' title='image "./conspectusmedic01greggoog_0155.png"; bbox 0 0 2678 4794; ppageno 0'>
   <div class='ocr_carea' id='block_1_1' title="bbox 131 411 1204 495">
    <p class='ocr_par' dir='ltr' id='par_1_1' title="bbox 131 411 1204 495">
     <span class='ocr_line' id='line_1_1' title="bbox 131 411 1204 495; baseline 0 -1"><span class='ocrx_word' id='word_1_1' title='bbox 131 411 203 494; x_wconf 71' lang='lat' dir='ltr'>loa</span> <span class='ocrx_word' id='word_1_2' title='bbox 521 430 771 490; x_wconf 67' lang='lat' dir='ltr'>consertor-us</span> <span class='ocrx_word' id='word_1_3' title='bbox 1042 438 1126 492; x_wconf 67' lang='lat' dir='ltr'>ese.</span> <span class='ocrx_word' id='word_1_4' title='bbox 1145 438 1204 495; x_wconf 76' lang='lat' dir='ltr'>xu</span> 
     </span>
    </p>
   </div>
   <div class='ocr_carea' id='block_1_2' title="bbox 121 601 1212 4392">
    <p class='ocr_par' dir='ltr' id='par_1_2' title="bbox 127 601 1207 1605">
     <span class='ocr_line' id='line_1_2' title="bbox 180 601 1204 711; baseline -0.003 -21"><span class='ocrx_word' id='word_1_5' title='bbox 180 638 332 711; x_wconf 77' lang='lat' dir='ltr'>cccxm.</span> <span class='ocrx_word' id='word_1_6' title='bbox 368 612 505 685; x_wconf 80' lang='lat' dir='ltr'><strong>Contra</strong></span> <span class='ocrx_word' id='word_1_7' title='bbox 529 601 706 697; x_wconf 76' lang='lat' dir='ltr'>omnino,</span> <span class='ocrx_word' id='word_1_8' title='bbox 729 610 838 685; x_wconf 90' lang='lat' dir='ltr'>inviti</span> <span class='ocrx_word' id='word_1_9' title='bbox 872 620 996 685; x_wconf 89' lang='lat' dir='ltr'>motus</span> <span class='ocrx_word' id='word_1_10' title='bbox 1030 614 1204 701; x_wconf 88' lang='lat' dir='ltr'>musculi,</span> 
     </span>
     <span class='ocr_line' id='line_1_3' title="bbox 134 722 1207 829; baseline -0.007 -25"><span class='ocrx_word' id='word_1_11' title='bbox 134 753 257 829; x_wconf 91' lang='lat' dir='ltr'>neque</span> <span class='ocrx_word' id='word_1_12' title='bbox 280 751 349 802; x_wconf 93' lang='lat' dir='ltr'>usu</span> <span class='ocrx_word' id='word_1_13' title='bbox 371 722 530 796; x_wconf 86' lang='lat' dir='ltr'>roborari</span> <span class='ocrx_word' id='word_1_14' title='bbox 554 734 718 823; x_wconf 86' lang='lat' dir='ltr'><strong>possunt,</strong></span> <span class='ocrx_word' id='word_1_15' title='bbox 742 724 881 823; x_wconf 85' lang='lat' dir='ltr'><strong>quippe</strong></span> <span class='ocrx_word' id='word_1_16' title='bbox 908 747 1021 821; x_wconf 87' lang='lat' dir='ltr'>quem</span> <span class='ocrx_word' id='word_1_17' title='bbox 1045 723 1084 796; x_wconf 94' lang='lat' dir='ltr'>in</span> <span class='ocrx_word' id='word_1_18' title='bbox 1114 747 1207 797; x_wconf 85' lang='lat' dir='ltr'>sano</span> 
     </span>
     <span class='ocr_line' id='line_1_4' title="bbox 130 834 1205 940; baseline -0.007 -24"><span class='ocrx_word' id='word_1_19' title='bbox 130 863 280 940; x_wconf 89' lang='lat' dir='ltr'>corpore</span> <span class='ocrx_word' id='word_1_20' title='bbox 294 858 424 910; x_wconf 88' lang='lat' dir='ltr'>unum</span> <span class='ocrx_word' id='word_1_21' title='bbox 450 834 685 933; x_wconf 91' lang='lat' dir='ltr'>eundemque</span> <span class='ocrx_word' id='word_1_22' title='bbox 711 859 854 933; x_wconf 85' lang='lat' dir='ltr'>semper</span> <span class='ocrx_word' id='word_1_23' title='bbox 879 835 1045 920; x_wconf 84' lang='lat' dir='ltr'>habeant,</span> <span class='ocrx_word' id='word_1_24' title='bbox 1078 858 1205 933; x_wconf 89' lang='lat' dir='ltr'>neque</span> 
     </span>
     <span class='ocr_line' id='line_1_5' title="bbox 130 945 1202 1045; baseline -0.007 -19"><span class='ocrx_word' id='word_1_25' title='bbox 130 952 205 1026; x_wconf 87' lang='lat' dir='ltr'>ulla</span> <span class='ocrx_word' id='word_1_26' title='bbox 220 948 476 1024; x_wconf 78' lang='lat' dir='ltr'>exercitatione</span> <span class='ocrx_word' id='word_1_27' title='bbox 492 946 645 1045; x_wconf 84' lang='lat' dir='ltr'>fatigari.</span> <span class='ocrx_word' id='word_1_28' title='bbox 697 948 770 1021; x_wconf 89' lang='lat' dir='ltr'>Cor</span> <span class='ocrx_word' id='word_1_29' title='bbox 793 948 927 1045; x_wconf 89' lang='lat' dir='ltr'>ipsum,</span> <span class='ocrx_word' id='word_1_30' title='bbox 955 945 1202 1019; x_wconf 86' lang='lat' dir='ltr'>validissimus</span> 
     </span>
     <span class='ocr_line' id='line_1_6' title="bbox 128 1058 1202 1158; baseline -0.007 -21"><span class='ocrx_word' id='word_1_31' title='bbox 128 1059 324 1141; x_wconf 82' lang='lat' dir='ltr'>musculus.</span> <span class='ocrx_word' id='word_1_32' title='bbox 350 1060 486 1133; x_wconf 86' lang='lat' dir='ltr'>centies</span> <span class='ocrx_word' id='word_1_33' title='bbox 515 1059 646 1132; x_wconf 89' lang='lat' dir='ltr'>millies</span> <span class='ocrx_word' id='word_1_34' title='bbox 675 1058 842 1158; x_wconf 86' lang='lat' dir='ltr'>quotidie</span> <span class='ocrx_word' id='word_1_35' title='bbox 860 1059 978 1144; x_wconf 81' lang='lat' dir='ltr'>micat,</span> <span class='ocrx_word' id='word_1_36' title='bbox 995 1071 1078 1156; x_wconf 86' lang='lat' dir='ltr'>post</span> <span class='ocrx_word' id='word_1_37' title='bbox 1102 1065 1202 1130; x_wconf 88' lang='lat' dir='ltr'>octo-</span> 
     </span>
     <span class='ocr_line' id='line_1_7' title="bbox 128 1160 1202 1272; baseline -0.006 -25"><span class='ocrx_word' id='word_1_38' title='bbox 128 1172 230 1272; x_wconf 80' lang='lat' dir='ltr'>ginta</span> <span class='ocrx_word' id='word_1_39' title='bbox 246 1160 360 1245; x_wconf 65' lang='lat' dir='ltr'>an&#39;nos</span> <span class='ocrx_word' id='word_1_40' title='bbox 376 1171 493 1244; x_wconf 91' lang='lat' dir='ltr'>nihilo</span> <span class='ocrx_word' id='word_1_41' title='bbox 511 1172 624 1270; x_wconf 91' lang='lat' dir='ltr'>magis</span> <span class='ocrx_word' id='word_1_42' title='bbox 640 1169 847 1270; x_wconf 80' lang='lat' dir='ltr'>fatigatum.</span> <span class='ocrx_word' id='word_1_43' title='bbox 898 1170 990 1243; x_wconf 83' lang='lat' dir='ltr'>Post</span> <span class='ocrx_word' id='word_1_44' title='bbox 1005 1169 1202 1243; x_wconf 89' lang='lat' dir='ltr'>vehemen-</span> 
     </span>
     <span class='ocr_line' id='line_1_8' title="bbox 127 1270 1204 1370; baseline -0.006 -12"><span class='ocrx_word' id='word_1_45' title='bbox 127 1295 203 1358; x_wconf 90' lang='lat' dir='ltr'>tem</span> <span class='ocrx_word' id='word_1_46' title='bbox 220 1270 320 1370; x_wconf 75' lang='lat' dir='ltr'>vero,</span> <span class='ocrx_word' id='word_1_47' title='bbox 337 1291 404 1357; x_wconf 89' lang='lat' dir='ltr'>aut</span> <span class='ocrx_word' id='word_1_48' title='bbox 421 1282 622 1369; x_wconf 91' lang='lat' dir='ltr'>insolitum,</span> <span class='ocrx_word' id='word_1_49' title='bbox 650 1293 716 1356; x_wconf 90' lang='lat' dir='ltr'>aut</span> <span class='ocrx_word' id='word_1_50' title='bbox 732 1282 945 1356; x_wconf 86' lang='lat' dir='ltr'>abnormem</span> <span class='ocrx_word' id='word_1_51' title='bbox 962 1293 1118 1366; x_wconf 90' lang='lat' dir='ltr'>motum,</span> <span class='ocrx_word' id='word_1_52' title='bbox 1147 1280 1204 1352; x_wconf 88' lang='lat' dir='ltr'>in·</span> 
     </span>
     <span class='ocr_line' id='line_1_9' title="bbox 127 1392 1203 1492; baseline -0.001 -25"><span class='ocrx_word' id='word_1_53' title='bbox 127 1395 198 1469; x_wconf 87' lang='lat' dir='ltr'>viti</span> <span class='ocrx_word' id='word_1_54' title='bbox 216 1396 328 1469; x_wconf 90' lang='lat' dir='ltr'>etiam</span> <span class='ocrx_word' id='word_1_55' title='bbox 345 1406 469 1469; x_wconf 90' lang='lat' dir='ltr'>motus</span> <span class='ocrx_word' id='word_1_56' title='bbox 485 1393 642 1469; x_wconf 87' lang='lat' dir='ltr'>musculi</span> <span class='ocrx_word' id='word_1_57' title='bbox 659 1393 932 1492; x_wconf 87' lang='lat' dir='ltr'>quodammodo</span> <span class='ocrx_word' id='word_1_58' title='bbox 947 1392 1138 1466; x_wconf 87' lang='lat' dir='ltr'>debiliores</span> <span class='ocrx_word' id='word_1_59' title='bbox 1167 1416 1203 1466; x_wconf 91' lang='lat' dir='ltr'>e-</span> 
     </span>
     <span class='ocr_line' id='line_1_10' title="bbox 127 1504 1201 1605; baseline -0.001 -26"><span class='ocrx_word' id='word_1_60' title='bbox 127 1506 291 1582; x_wconf 84' lang='lat' dir='ltr'>vadunt:</span> <span class='ocrx_word' id='word_1_61' title='bbox 309 1530 501 1605; x_wconf 87' lang='lat' dir='ltr'>nunquam</span> <span class='ocrx_word' id='word_1_62' title='bbox 515 1530 603 1579; x_wconf 86' lang='lat' dir='ltr'>vero</span> <span class='ocrx_word' id='word_1_63' title='bbox 614 1528 759 1579; x_wconf 90' lang='lat' dir='ltr'>sensum</span> <span class='ocrx_word' id='word_1_64' title='bbox 772 1504 1042 1602; x_wconf 86' lang='lat' dir='ltr'>defatigationis</span> <span class='ocrx_word' id='word_1_65' title='bbox 1055 1505 1201 1581; x_wconf 80' lang='lat' dir='ltr'>habent.</span> 
     </span>
    </p>

    <p class='ocr_par' dir='ltr' id='par_1_3' title="bbox 125 1614 1203 2163">
     <span class='ocr_line' id='line_1_11' title="bbox 176 1614 1202 1714; baseline -0.003 -21"><span class='ocrx_word' id='word_1_66' title='bbox 176 1641 349 1694; x_wconf 75' lang='lat' dir='ltr'>cccxcn.</span> <span class='ocrx_word' id='word_1_67' title='bbox 365 1617 528 1691; x_wconf 90' lang='lat' dir='ltr'>Musculi</span> <span class='ocrx_word' id='word_1_68' title='bbox 539 1616 688 1692; x_wconf 89' lang='lat' dir='ltr'>demum</span> <span class='ocrx_word' id='word_1_69' title='bbox 700 1614 943 1714; x_wconf 86' lang='lat' dir='ltr'>respirationis</span> <span class='ocrx_word' id='word_1_70' title='bbox 955 1615 1024 1688; x_wconf 88' lang='lat' dir='ltr'>sibi</span> <span class='ocrx_word' id='word_1_71' title='bbox 1036 1616 1202 1714; x_wconf 88' lang='lat' dir='ltr'>permissi</span> 
     </span>
     <span class='ocr_line' id='line_1_12' title="bbox 126 1725 1201 1829; baseline -0.002 -25"><span class='ocrx_word' id='word_1_72' title='bbox 126 1754 200 1804; x_wconf 93' lang='lat' dir='ltr'>non</span> <span class='ocrx_word' id='word_1_73' title='bbox 228 1731 496 1829; x_wconf 82' lang='lat' dir='ltr'>defatigantur3</span> <span class='ocrx_word' id='word_1_74' title='bbox 531 1727 732 1802; x_wconf 85' lang='lat' dir='ltr'>voluntatis</span> <span class='ocrx_word' id='word_1_75' title='bbox 768 1725 923 1824; x_wconf 89' lang='lat' dir='ltr'>imperio</span> <span class='ocrx_word' id='word_1_76' title='bbox 951 1725 1051 1812; x_wconf 86' lang='lat' dir='ltr'>recti,</span> <span class='ocrx_word' id='word_1_77' title='bbox 1087 1728 1201 1815; x_wconf 82' lang='lat' dir='ltr'>facile,</span> 
     </span>
     <span class='ocr_line' id='line_1_13' title="bbox 126 1834 1202 1921; baseline -0.003 -4"><span class='ocrx_word' id='word_1_78' title='bbox 126 1866 201 1917; x_wconf 92' lang='lat' dir='ltr'>non</span> <span class='ocrx_word' id='word_1_79' title='bbox 228 1834 329 1917; x_wconf 88' lang='lat' dir='ltr'>secus</span> <span class='ocrx_word' id='word_1_80' title='bbox 353 1866 395 1916; x_wconf 92' lang='lat' dir='ltr'>ac</span> <span class='ocrx_word' id='word_1_81' title='bbox 423 1838 581 1914; x_wconf 91' lang='lat' dir='ltr'>musculi</span> <span class='ocrx_word' id='word_1_82' title='bbox 610 1837 808 1912; x_wconf 88' lang='lat' dir='ltr'>voluntarii</span> <span class='ocrx_word' id='word_1_83' title='bbox 836 1846 980 1921; x_wconf 79' lang='lat' dir='ltr'>motus3</span> <span class='ocrx_word' id='word_1_84' title='bbox 1010 1840 1061 1911; x_wconf 90' lang='lat' dir='ltr'>ita</span> <span class='ocrx_word' id='word_1_85' title='bbox 1087 1851 1131 1913; x_wconf 90' lang='lat' dir='ltr'>ut</span> <span class='ocrx_word' id='word_1_86' title='bbox 1154 1840 1202 1914; x_wconf 86' lang='lat' dir='ltr'>ad</span> 
     </span>
     <span class='ocr_line' id='line_1_14' title="bbox 126 1948 1203 2028; baseline -0.002 -1"><span class='ocrx_word' id='word_1_87' title='bbox 126 1954 310 2028; x_wconf 84' lang='lat' dir='ltr'>insolitam</span> <span class='ocrx_word' id='word_1_88' title='bbox 328 1954 509 2027; x_wconf 88' lang='lat' dir='ltr'>actionem</span> <span class='ocrx_word' id='word_1_89' title='bbox 523 1951 664 2026; x_wconf 91' lang='lat' dir='ltr'>diutius</span> <span class='ocrx_word' id='word_1_90' title='bbox 680 1973 755 2023; x_wconf 92' lang='lat' dir='ltr'>non</span> <span class='ocrx_word' id='word_1_91' title='bbox 772 1948 928 2023; x_wconf 87' lang='lat' dir='ltr'>valeant.</span> <span class='ocrx_word' id='word_1_92' title='bbox 968 1950 1101 2024; x_wconf 89' lang='lat' dir='ltr'>Sensus</span> <span class='ocrx_word' id='word_1_93' title='bbox 1114 1976 1203 2025; x_wconf 90' lang='lat' dir='ltr'>vero</span> 
     </span>
     <span class='ocr_line' id='line_1_15' title="bbox 125 2062 830 2163; baseline -0.003 -25"><span class='ocrx_word' id='word_1_94' title='bbox 125 2064 395 2163; x_wconf 83' lang='lat' dir='ltr'>defatigationis</span> <span class='ocrx_word' id='word_1_95' title='bbox 412 2065 477 2136; x_wconf 87' lang='lat' dir='ltr'>vix</span> <span class='ocrx_word' id='word_1_96' title='bbox 495 2087 543 2136; x_wconf 89' lang='lat' dir='ltr'>ex</span> <span class='ocrx_word' id='word_1_97' title='bbox 561 2064 604 2136; x_wconf 94' lang='lat' dir='ltr'>iis</span> <span class='ocrx_word' id='word_1_98' title='bbox 620 2062 830 2162; x_wconf 82' lang='lat' dir='ltr'>percipitur.</span> 
     </span>
    </p>

    <p class='ocr_par' dir='ltr' id='par_1_4' title="bbox 123 2171 1212 2942">
     <span class='ocr_line' id='line_1_16' title="bbox 177 2171 1201 2273; baseline 0 -23"><span class='ocrx_word' id='word_1_99' title='bbox 177 2199 367 2251; x_wconf 78' lang='lat' dir='ltr'>cccxmu.</span> <span class='ocrx_word' id='word_1_100' title='bbox 394 2175 535 2250; x_wconf 88' lang='lat' dir='ltr'>Verum</span> <span class='ocrx_word' id='word_1_101' title='bbox 552 2176 750 2261; x_wconf 84' lang='lat' dir='ltr'>enimvero,</span> <span class='ocrx_word' id='word_1_102' title='bbox 776 2173 846 2273; x_wconf 90' lang='lat' dir='ltr'>ipsi</span> <span class='ocrx_word' id='word_1_103' title='bbox 863 2171 987 2248; x_wconf 90' lang='lat' dir='ltr'>motus</span> <span class='ocrx_word' id='word_1_104' title='bbox 1003 2174 1201 2250; x_wconf 84' lang='lat' dir='ltr'>voluntarii</span> 
     </span>
     <span class='ocr_line' id='line_1_17' title="bbox 126 2285 1204 2388; baseline -0.001 -25"><span class='ocrx_word' id='word_1_105' title='bbox 126 2288 295 2376; x_wconf 90' lang='lat' dir='ltr'>musculi,</span> <span class='ocrx_word' id='word_1_106' title='bbox 334 2290 374 2362; x_wconf 93' lang='lat' dir='ltr'>in</span> <span class='ocrx_word' id='word_1_107' title='bbox 399 2289 585 2362; x_wconf 89' lang='lat' dir='ltr'>sanissimo</span> <span class='ocrx_word' id='word_1_108' title='bbox 613 2289 723 2362; x_wconf 85' lang='lat' dir='ltr'>etiam</span> <span class='ocrx_word' id='word_1_109' title='bbox 752 2285 912 2373; x_wconf 87' lang='lat' dir='ltr'>homine,</span> <span class='ocrx_word' id='word_1_110' title='bbox 949 2287 1027 2360; x_wconf 88' lang='lat' dir='ltr'>aliis</span> <span class='ocrx_word' id='word_1_111' title='bbox 1051 2311 1204 2388; x_wconf 91' lang='lat' dir='ltr'>quoque</span> 
     </span>
     <span class='ocr_line' id='line_1_18' title="bbox 127 2392 1202 2501; baseline 0 -26"><span class='ocrx_word' id='word_1_112' title='bbox 127 2392 285 2475; x_wconf 87' lang='lat' dir='ltr'>stimulis</span> <span class='ocrx_word' id='word_1_113' title='bbox 311 2400 508 2501; x_wconf 88' lang='lat' dir='ltr'>aliquando</span> <span class='ocrx_word' id='word_1_114' title='bbox 525 2411 679 2501; x_wconf 85' lang='lat' dir='ltr'>parent3</span> <span class='ocrx_word' id='word_1_115' title='bbox 706 2400 772 2500; x_wconf 92' lang='lat' dir='ltr'>qui</span> <span class='ocrx_word' id='word_1_116' title='bbox 786 2399 985 2486; x_wconf 88' lang='lat' dir='ltr'>hominem,</span> <span class='ocrx_word' id='word_1_117' title='bbox 1002 2423 1102 2474; x_wconf 88' lang='lat' dir='ltr'>nune</span> <span class='ocrx_word' id='word_1_118' title='bbox 1118 2424 1202 2475; x_wconf 88' lang='lat' dir='ltr'>con·</span> 
     </span>
     <span class='ocr_line' id='line_1_19' title="bbox 127 2509 1203 2612; baseline -0.001 -26"><span class='ocrx_word' id='word_1_119' title='bbox 127 2514 255 2600; x_wconf 88' lang='lat' dir='ltr'>scium,</span> <span class='ocrx_word' id='word_1_120' title='bbox 281 2538 382 2591; x_wconf 90' lang='lat' dir='ltr'>nunc</span> <span class='ocrx_word' id='word_1_121' title='bbox 398 2515 566 2603; x_wconf 89' lang='lat' dir='ltr'>inscium,</span> <span class='ocrx_word' id='word_1_122' title='bbox 591 2524 656 2589; x_wconf 89' lang='lat' dir='ltr'>aut</span> <span class='ocrx_word' id='word_1_123' title='bbox 672 2512 872 2598; x_wconf 86' lang='lat' dir='ltr'>nolentem,</span> <span class='ocrx_word' id='word_1_124' title='bbox 896 2509 955 2585; x_wconf 90' lang='lat' dir='ltr'>vel</span> <span class='ocrx_word' id='word_1_125' title='bbox 971 2512 1094 2585; x_wconf 89' lang='lat' dir='ltr'>subito</span> <span class='ocrx_word' id='word_1_126' title='bbox 1110 2513 1203 2612; x_wconf 88' lang='lat' dir='ltr'>rapi·</span> 
     </span>
     <span class='ocr_line' id='line_1_20' title="bbox 124 2618 1202 2721; baseline 0.001 -23"><span class='ocrx_word' id='word_1_127' title='bbox 124 2636 206 2713; x_wconf 92' lang='lat' dir='ltr'>unt,</span> <span class='ocrx_word' id='word_1_128' title='bbox 232 2628 386 2700; x_wconf 89' lang='lat' dir='ltr'>immani</span> <span class='ocrx_word' id='word_1_129' title='bbox 409 2618 461 2714; x_wconf 69' lang='lat' dir='ltr'>si,</span> <span class='ocrx_word' id='word_1_130' title='bbox 487 2627 548 2701; x_wconf 92' lang='lat' dir='ltr'>cui</span> <span class='ocrx_word' id='word_1_131' title='bbox 564 2627 728 2700; x_wconf 88' lang='lat' dir='ltr'>resistere</span> <span class='ocrx_word' id='word_1_132' title='bbox 744 2634 912 2721; x_wconf 89' lang='lat' dir='ltr'>nequeat,</span> <span class='ocrx_word' id='word_1_133' title='bbox 941 2621 1001 2694; x_wconf 89' lang='lat' dir='ltr'>vel</span> <span class='ocrx_word' id='word_1_134' title='bbox 1018 2623 1146 2697; x_wconf 90' lang='lat' dir='ltr'>mitius</span> <span class='ocrx_word' id='word_1_135' title='bbox 1163 2635 1202 2699; x_wconf 91' lang='lat' dir='ltr'>et</span> 
     </span>
     <span class='ocr_line' id='line_1_21' title="bbox 123 2721 1212 2832; baseline 0.003 -25"><span class='ocrx_word' id='word_1_136' title='bbox 123 2737 263 2832; x_wconf 88' lang='lat' dir='ltr'>gratius</span> <span class='ocrx_word' id='word_1_137' title='bbox 292 2737 484 2822; x_wconf 89' lang='lat' dir='ltr'>solicitant,</span> <span class='ocrx_word' id='word_1_138' title='bbox 510 2721 687 2822; x_wconf 78' lang='lat' dir='ltr'>invitant,¹</span> <span class='ocrx_word' id='word_1_139' title='bbox 706 2743 744 2807; x_wconf 93' lang='lat' dir='ltr'>et</span> <span class='ocrx_word' id='word_1_140' title='bbox 772 2732 835 2804; x_wconf 85' lang='lat' dir='ltr'>filo</span> <span class='ocrx_word' id='word_1_141' title='bbox 864 2732 977 2816; x_wconf 84' lang='lat' dir='ltr'>tenui,</span> <span class='ocrx_word' id='word_1_142' title='bbox 1007 2742 1044 2804; x_wconf 91' lang='lat' dir='ltr'>et</span> <span class='ocrx_word' id='word_1_143' title='bbox 1067 2732 1212 2829; x_wconf 74' lang='lat' dir='ltr'>parum¹</span> 
     </span>
     <span class='ocr_line' id='line_1_22' title="bbox 125 2844 609 2942; baseline 0.002 -26"><span class='ocrx_word' id='word_1_144' title='bbox 125 2866 220 2942; x_wconf 88' lang='lat' dir='ltr'>saepe</span> <span class='ocrx_word' id='word_1_145' title='bbox 236 2856 436 2942; x_wconf 90' lang='lat' dir='ltr'>perspecto,</span> <span class='ocrx_word' id='word_1_146' title='bbox 454 2844 609 2919; x_wconf 87' lang='lat' dir='ltr'>ducunt.</span> 
     </span>
    </p>

    <p class='ocr_par' dir='ltr' id='par_1_5' title="bbox 121 2950 1211 4392">
     <span class='ocr_line' id='line_1_23' title="bbox 175 2950 1201 3053; baseline 0.004 -26"><span class='ocrx_word' id='word_1_147' title='bbox 175 2977 352 3029; x_wconf 79' lang='lat' dir='ltr'>cccxmv.</span> <span class='ocrx_word' id='word_1_148' title='bbox 378 2955 510 3027; x_wconf 90' lang='lat' dir='ltr'>Animi</span> <span class='ocrx_word' id='word_1_149' title='bbox 527 2952 709 3053; x_wconf 86' lang='lat' dir='ltr'>imprimis</span> <span class='ocrx_word' id='word_1_150' title='bbox 724 2950 887 3040; x_wconf 85' lang='lat' dir='ltr'>affectus,</span> <span class='ocrx_word' id='word_1_151' title='bbox 914 2954 976 3040; x_wconf 88' lang='lat' dir='ltr'>ira,</span> <span class='ocrx_word' id='word_1_152' title='bbox 1005 2955 1201 3052; x_wconf 89' lang='lat' dir='ltr'>gaudium,</span> 
     </span>
     <span class='ocr_line' id='line_1_24' title="bbox 124 3062 1200 3153; baseline 0.007 -15"><span class='ocrx_word' id='word_1_153' title='bbox 124 3089 272 3151; x_wconf 86' lang='lat' dir='ltr'>moeror,</span> <span class='ocrx_word' id='word_1_154' title='bbox 288 3076 422 3152; x_wconf 89' lang='lat' dir='ltr'>metus,</span> <span class='ocrx_word' id='word_1_155' title='bbox 439 3088 551 3153; x_wconf 89' lang='lat' dir='ltr'>amor,</span> <span class='ocrx_word' id='word_1_156' title='bbox 568 3065 708 3152; x_wconf 88' lang='lat' dir='ltr'>odium,</span> <span class='ocrx_word' id='word_1_157' title='bbox 724 3062 839 3138; x_wconf 83' lang='lat' dir='ltr'>certos</span> <span class='ocrx_word' id='word_1_158' title='bbox 856 3076 979 3140; x_wconf 90' lang='lat' dir='ltr'>motus</span> <span class='ocrx_word' id='word_1_159' title='bbox 995 3064 1035 3140; x_wconf 93' lang='lat' dir='ltr'>in</span> <span class='ocrx_word' id='word_1_160' title='bbox 1052 3091 1200 3145; x_wconf 90' lang='lat' dir='ltr'>muscu-</span> 
     </span>
     <span class='ocr_line' id='line_1_25' title="bbox 124 3160 1201 3279; baseline 0.007 -30"><span class='ocrx_word' id='word_1_161' title='bbox 124 3176 169 3250; x_wconf 90' lang='lat' dir='ltr'>lis</span> <span class='ocrx_word' id='word_1_162' title='bbox 185 3177 359 3265; x_wconf 89' lang='lat' dir='ltr'>excitant,</span> <span class='ocrx_word' id='word_1_163' title='bbox 403 3160 740 3263; x_wconf 72' lang='lat' dir='ltr'>raesertimvultris3</span> <span class='ocrx_word' id='word_1_164' title='bbox 766 3201 842 3276; x_wconf 94' lang='lat' dir='ltr'>quo</span> <span class='ocrx_word' id='word_1_165' title='bbox 857 3177 901 3252; x_wconf 92' lang='lat' dir='ltr'>fit</span> <span class='ocrx_word' id='word_1_166' title='bbox 919 3189 962 3252; x_wconf 92' lang='lat' dir='ltr'>ut</span> <span class='ocrx_word' id='word_1_167' title='bbox 974 3180 1110 3279; x_wconf 88' lang='lat' dir='ltr'>singuli</span> <span class='ocrx_word' id='word_1_168' title='bbox 1124 3206 1201 3257; x_wconf 88' lang='lat' dir='ltr'>sese</span> 
     </span>
     <span class='ocr_line' id='line_1_26' title="bbox 123 3202 1200 3390; baseline 0.009 -30"><span class='ocrx_word' id='word_1_169' title='bbox 123 3289 163 3360; x_wconf 92' lang='lat' dir='ltr'>in</span> <span class='ocrx_word' id='word_1_170' title='bbox 189 3314 253 3364; x_wconf 87' lang='lat' dir='ltr'>ore</span> <span class='ocrx_word' id='word_1_171' title='bbox 276 3202 507 3390; x_wconf 73' lang='lat' dir='ltr'>explllnnt,</span> <span class='ocrx_word' id='word_1_172' title='bbox 521 3287 605 3388; x_wconf 90' lang='lat' dir='ltr'>plus</span> <span class='ocrx_word' id='word_1_173' title='bbox 634 3313 746 3388; x_wconf 88' lang='lat' dir='ltr'>quam</span> <span class='ocrx_word' id='word_1_174' title='bbox 765 3289 940 3365; x_wconf 87' lang='lat' dir='ltr'>Phidiaca</span> <span class='ocrx_word' id='word_1_175' title='bbox 964 3303 1050 3366; x_wconf 85' lang='lat' dir='ltr'>arte.</span> <span class='ocrx_word' id='word_1_176' title='bbox 1101 3293 1200 3370; x_wconf 91' lang='lat' dir='ltr'>Diu·</span> 
     </span>
     <span class='ocr_line' id='line_1_27' title="bbox 123 3402 1208 3502; baseline 0.009 -31"><span class='ocrx_word' id='word_1_177' title='bbox 123 3402 225 3473; x_wconf 90' lang='lat' dir='ltr'>turni</span> <span class='ocrx_word' id='word_1_178' title='bbox 243 3411 281 3475; x_wconf 91' lang='lat' dir='ltr'>et</span> <span class='ocrx_word' id='word_1_179' title='bbox 299 3426 438 3501; x_wconf 88' lang='lat' dir='ltr'>graves,</span> <span class='ocrx_word' id='word_1_180' title='bbox 466 3411 505 3476; x_wconf 93' lang='lat' dir='ltr'>et</span> <span class='ocrx_word' id='word_1_181' title='bbox 521 3427 616 3501; x_wconf 80' lang='lat' dir='ltr'>saepe</span> <span class='ocrx_word' id='word_1_182' title='bbox 632 3403 788 3502; x_wconf 88' lang='lat' dir='ltr'>repetiti,</span> <span class='ocrx_word' id='word_1_183' title='bbox 816 3402 945 3478; x_wconf 88' lang='lat' dir='ltr'>fortius</span> <span class='ocrx_word' id='word_1_184' title='bbox 971 3416 1009 3478; x_wconf 91' lang='lat' dir='ltr'>et</span> <span class='ocrx_word' id='word_1_185' title='bbox 1033 3406 1208 3481; x_wconf 86' lang='lat' dir='ltr'>constan-¹</span> 
     </span>
     <span class='ocr_line' id='line_1_28' title="bbox 125 3511 1211 3619; baseline 0.01 -36"><span class='ocrx_word' id='word_1_186' title='bbox 125 3511 199 3585; x_wconf 86' lang='lat' dir='ltr'>tius</span> <span class='ocrx_word' id='word_1_187' title='bbox 237 3511 503 3613; x_wconf 88' lang='lat' dir='ltr'>depinguntur,</span> <span class='ocrx_word' id='word_1_188' title='bbox 540 3511 756 3589; x_wconf 87' lang='lat' dir='ltr'>difficillime</span> <span class='ocrx_word' id='word_1_189' title='bbox 783 3514 952 3590; x_wconf 89' lang='lat' dir='ltr'>delendi:</span> <span class='ocrx_word' id='word_1_190' title='bbox 991 3517 1076 3591; x_wconf 90' lang='lat' dir='ltr'>hinc</span> <span class='ocrx_word' id='word_1_191' title='bbox 1104 3515 1211 3619; x_wconf 70' lang='lat' dir='ltr'>saepe&#39;</span> 
     </span>
     <span class='ocr_line' id='line_1_29' title="bbox 122 3622 1202 3725; baseline 0.011 -30"><span class='ocrx_word' id='word_1_192' title='bbox 122 3622 319 3697; x_wconf 87' lang='lat' dir='ltr'>iracundiae</span> <span class='ocrx_word' id='word_1_193' title='bbox 335 3625 459 3725; x_wconf 85' lang='lat' dir='ltr'>imago</span> <span class='ocrx_word' id='word_1_194' title='bbox 476 3625 542 3700; x_wconf 91' lang='lat' dir='ltr'>ubi</span> <span class='ocrx_word' id='word_1_195' title='bbox 570 3624 671 3700; x_wconf 84' lang='lat' dir='ltr'>nulla</span> <span class='ocrx_word' id='word_1_196' title='bbox 687 3625 740 3700; x_wconf 88' lang='lat' dir='ltr'>ira</span> <span class='ocrx_word' id='word_1_197' title='bbox 755 3626 832 3701; x_wconf 85' lang='lat' dir='ltr'>est:</span> <span class='ocrx_word' id='word_1_198' title='bbox 857 3627 928 3702; x_wconf 91' lang='lat' dir='ltr'>hoc</span> <span class='ocrx_word' id='word_1_199' title='bbox 956 3628 1202 3707; x_wconf 90' lang='lat' dir='ltr'>fundamento</span> 
     </span>
     <span class='ocr_line' id='line_1_30' title="bbox 122 3733 1200 3840; baseline 0.007 -32"><span class='ocrx_word' id='word_1_200' title='bbox 122 3733 257 3808; x_wconf 88' lang='lat' dir='ltr'>nititur</span> <span class='ocrx_word' id='word_1_201' title='bbox 279 3760 336 3809; x_wconf 91' lang='lat' dir='ltr'>ars</span> <span class='ocrx_word' id='word_1_202' title='bbox 362 3738 699 3836; x_wconf 86' lang='lat' dir='ltr'>physiognomonis.</span> <span class='ocrx_word' id='word_1_203' title='bbox 749 3737 830 3812; x_wconf 91' lang='lat' dir='ltr'>Alii</span> <span class='ocrx_word' id='word_1_204' title='bbox 854 3762 1005 3840; x_wconf 90' lang='lat' dir='ltr'>quoque</span> <span class='ocrx_word' id='word_1_205' title='bbox 1030 3742 1200 3833; x_wconf 91' lang='lat' dir='ltr'>musculi,</span> 
     </span>
     <span class='ocr_line' id='line_1_31' title="bbox 121 3848 1201 3945; baseline 0.008 -25"><span class='ocrx_word' id='word_1_206' title='bbox 121 3856 255 3945; x_wconf 76' lang='lat' dir='ltr'>praeter</span> <span class='ocrx_word' id='word_1_207' title='bbox 269 3848 408 3937; x_wconf 89' lang='lat' dir='ltr'>vultus,</span> <span class='ocrx_word' id='word_1_208' title='bbox 437 3850 565 3923; x_wconf 90' lang='lat' dir='ltr'>eadem</span> <span class='ocrx_word' id='word_1_209' title='bbox 594 3874 701 3924; x_wconf 88' lang='lat' dir='ltr'>causa</span> <span class='ocrx_word' id='word_1_210' title='bbox 729 3850 767 3923; x_wconf 90' lang='lat' dir='ltr'>in</span> <span class='ocrx_word' id='word_1_211' title='bbox 784 3863 931 3925; x_wconf 93' lang='lat' dir='ltr'>motum</span> <span class='ocrx_word' id='word_1_212' title='bbox 951 3853 1117 3926; x_wconf 88' lang='lat' dir='ltr'>cientur:</span> <span class='ocrx_word' id='word_1_213' title='bbox 1147 3853 1201 3929; x_wconf 88' lang='lat' dir='ltr'>ita</span> 
     </span>
     <span class='ocr_line' id='line_1_32' title="bbox 123 3958 1202 4059; baseline 0.008 -27"><span class='ocrx_word' id='word_1_214' title='bbox 123 3968 168 4032; x_wconf 93' lang='lat' dir='ltr'>ut</span> <span class='ocrx_word' id='word_1_215' title='bbox 182 3958 305 4046; x_wconf 86' lang='lat' dir='ltr'>homo,</span> <span class='ocrx_word' id='word_1_216' title='bbox 322 3984 481 4058; x_wconf 88' lang='lat' dir='ltr'>corpore,</span> <span class='ocrx_word' id='word_1_217' title='bbox 498 3970 617 4059; x_wconf 89' lang='lat' dir='ltr'>gestu,</span> <span class='ocrx_word' id='word_1_218' title='bbox 634 3985 733 4048; x_wconf 88' lang='lat' dir='ltr'>voce,</span> <span class='ocrx_word' id='word_1_219' title='bbox 749 3958 888 4036; x_wconf 89' lang='lat' dir='ltr'>multos</span> <span class='ocrx_word' id='word_1_220' title='bbox 903 3964 1017 4037; x_wconf 86' lang='lat' dir='ltr'>animi</span> <span class='ocrx_word' id='word_1_221' title='bbox 1046 3963 1202 4041; x_wconf 81' lang='lat' dir='ltr'>affectus</span> 
     </span>
     <span class='ocr_line' id='line_1_33' title="bbox 122 4070 1200 4177; baseline 0.007 -34"><span class='ocrx_word' id='word_1_222' title='bbox 122 4070 313 4170; x_wconf 86' lang='lat' dir='ltr'>exprimat.</span> <span class='ocrx_word' id='word_1_223' title='bbox 364 4072 468 4160; x_wconf 85' lang='lat' dir='ltr'>Quin</span> <span class='ocrx_word' id='word_1_224' title='bbox 485 4084 524 4146; x_wconf 91' lang='lat' dir='ltr'>et</span> <span class='ocrx_word' id='word_1_225' title='bbox 540 4073 578 4146; x_wconf 93' lang='lat' dir='ltr'>in</span> <span class='ocrx_word' id='word_1_226' title='bbox 596 4071 780 4147; x_wconf 88' lang='lat' dir='ltr'>musculos</span> <span class='ocrx_word' id='word_1_227' title='bbox 797 4073 906 4146; x_wconf 91' lang='lat' dir='ltr'>inviti</span> <span class='ocrx_word' id='word_1_228' title='bbox 923 4084 1057 4172; x_wconf 89' lang='lat' dir='ltr'>motus,</span> <span class='ocrx_word' id='word_1_229' title='bbox 1084 4077 1200 4177; x_wconf 82' lang='lat' dir='ltr'>animi</span> 
     </span>
     <span class='ocr_line' id='line_1_34' title="bbox 122 4182 1209 4284; baseline 0.008 -30"><span class='ocrx_word' id='word_1_230' title='bbox 122 4182 274 4258; x_wconf 87' lang='lat' dir='ltr'>affectus</span> <span class='ocrx_word' id='word_1_231' title='bbox 297 4182 414 4259; x_wconf 84' lang='lat' dir='ltr'>latum</span> <span class='ocrx_word' id='word_1_232' title='bbox 449 4185 646 4284; x_wconf 88' lang='lat' dir='ltr'>imperium</span> <span class='ocrx_word' id='word_1_233' title='bbox 673 4183 830 4271; x_wconf 90' lang='lat' dir='ltr'>habent;</span> <span class='ocrx_word' id='word_1_234' title='bbox 868 4185 907 4258; x_wconf 94' lang='lat' dir='ltr'>in</span> <span class='ocrx_word' id='word_1_235' title='bbox 933 4209 1003 4273; x_wconf 89' lang='lat' dir='ltr'>cor,</span> <span class='ocrx_word' id='word_1_236' title='bbox 1040 4189 1209 4276; x_wconf 52' lang='lat' dir='ltr'>arterias}</span> 
     </span>
     <span class='ocr_line' id='line_1_35' title="bbox 122 4296 1209 4392; baseline -0.006 -20"><span class='ocrx_word' id='word_1_237' title='bbox 122 4314 258 4392; x_wconf 81' lang='lat' dir='ltr'>organa</span> <span class='ocrx_word' id='word_1_238' title='bbox 282 4298 514 4387; x_wconf 84' lang='lat' dir='ltr'>secementia,</span> <span class='ocrx_word' id='word_1_239' title='bbox 540 4296 788 4374; x_wconf 82' lang='lat' dir='ltr'>ventriculum</span> <span class='ocrx_word' id='word_1_240' title='bbox 817 4306 856 4374; x_wconf 90' lang='lat' dir='ltr'>et</span> <span class='ocrx_word' id='word_1_241' title='bbox 872 4299 1055 4388; x_wconf 88' lang='lat' dir='ltr'>intestina,</span> <span class='ocrx_word' id='word_1_242' title='bbox 1082 4312 1121 4376; x_wconf 91' lang='lat' dir='ltr'>et</span> <span class='ocrx_word' id='word_1_243' title='bbox 1144 4302 1209 4380; x_wconf 85' lang='lat' dir='ltr'>re.&#39;</span> 
     </span>
    </p>
   </div>
   <div class='ocr_carea' id='block_1_3' title="bbox 0 0 1344 4794">
    <p class='ocr_par' dir='ltr' id='par_1_6' title="bbox 0 0 1344 4794">
     <span class='ocr_line' id='line_1_36' title="bbox 0 0 1344 4794; baseline 0 2"><span class='ocrx_word' id='word_1_244' title='bbox 0 0 1344 4794; x_wconf 95' lang='lat' dir='ltr'> </span> 
     </span>
    </p>
   </div>
  </div>
 </body>
</html>
