2678 4794
136 408 209 476 aaa
546 413 800 471 cousrncrua
998 413 1238 472 carana,

137 605 268 671 tutum
286 602 325 669 et
340 593 481 679 efficax,
497 591 560 666 sed
573 591 865 676 saluberrimum,
877 587 1028 665 forsitan
1041 592 1159 668 etiarn
1171 618 1236 694 pe-

139 708 243 783 nitus
260 707 513 792 necessarium,
530 703 626 779 clam
638 706 726 804 ipsis
741 703 926 777 adbibere.

193 832 351 895 Mcxxu.
371 817 488 894 Haud
505 842 586 892 raro
602 818 711 892 etiam
738 817 847 915 aegris
863 816 1068 916 plurimum
1086 821 1231 909 nocuit,

141 942 181 1005 et
197 957 264 1031 pro
280 955 409 1006 somno
437 930 566 1029 quieto
593 939 631 1004 et
660 929 820 1016 salutari,
845 930 962 1028 qualis
979 931 1074 1004 vires
1100 956 1228 1006 eorum

138 1046 287 1119 reficere
304 1045 492 1144 potuisset,
518 1067 690 1117 somnum
720 1042 816 1115 male
834 1066 963 1117 sanum
981 1053 1020 1115 et
1036 1043 1228 1142 imperfec

141 1167 237 1244 tum,
263 1156 491 1254 borridisque
515 1157 667 1231 somniis
689 1154 902 1242 terrificum,
928 1153 988 1228 vel
1005 1155 1162 1230 demum
1179 1156 1226 1230 ei·

140 1277 197 1343 tra
213 1268 332 1343 ullum
349 1293 531 1368 soporem,
547 1267 719 1341 delirium
738 1265 931 1365 (ccxcvii)
949 1291 1023 1343 non
1042 1268 1127 1343 leve
1142 1269 1226 1343 effe·

138 1380 201 1468 cit,
226 1382 266 1455 in
290 1382 379 1481 ipsis
407 1381 555 1481 egrotis
572 1381 639 1480 qui
656 1380 721 1455 tali
746 1380 909 1454 remedio
926 1381 1090 1454 maxime
1119 1405 1225 1481 egere

139 1494 210 1567 visi
226 1505 358 1581 essent,
383 1519 470 1570 cum
488 1495 599 1569 nimis
623 1518 730 1592 parce
746 1492 956 1566 adhibitum
982 1492 1136 1568 fuisset:
1164 1517 1226 1567 ne·

137 1631 214 1705 que
230 1608 390 1683 dubium
407 1617 474 1694 est,
499 1618 692 1706 utcunque
710 1606 932 1703 periculosus
951 1605 1123 1680 videatur
1139 1630 1224 1680 usur

138 1719 223 1794 talis
239 1721 499 1796 medicamenti
517 1721 584 1793 vix
612 1743 687 1793 non
705 1719 888 1804 venenati,
917 1743 1033 1817 aegros
1049 1718 1136 1818 plus
1152 1718 1224 1793 fere

137 1830 365 1908 incommodi
382 1846 420 1908 et
437 1832 564 1905 damni
581 1831 782 1928 percepisse
806 1857 828 1904 a
856 1833 966 1906 nimis
982 1857 1095 1932 parva
1112 1855 1221 1932 quam

134 1964 159 2012 a
174 1943 290 2016 nimia
315 1945 395 2040 ejus
411 1943 627 2039 quantitate.
667 1942 808 2017 Medici
838 1944 955 2042 igitur
971 1956 1037 2033 est,
1068 1947 1221 2021 medica·

133 2063 308 2127 mentum
326 2053 417 2127 adeo
435 2052 600 2128 validum
617 2064 657 2128 et
673 2079 769 2153 saepe
787 2057 1034 2153 perniciosum
1063 2070 1172 2133 caute
1185 2067 1221 2133 et

134 2162 339 2260 prudenter
355 2167 539 2255 adhibere,
566 2177 605 2242 et
629 2168 669 2240 in
687 2166 759 2240 illis
784 2178 932 2243 tantum
951 2170 1090 2246 morbis
1113 2171 1162 2245 ad
1184 2171 1220 2246 id

134 2276 337 2376 confugere
360 2279 428 2378 qui
452 2279 593 2378 aliquid
618 2280 828 2355 istiusmodi
865 2281 974 2378 plane
1008 2285 1218 2383 requirunt;

133 2388 201 2463 ubi
218 2413 308 2465 vero
323 2390 405 2465 talis
422 2393 615 2467 necessitas
633 2403 753 2491 urget,
779 2405 924 2492 oportet
949 2397 1158 2472 remedium
1180 2394 1219 2472 li·

133 2501 221 2576 bere
237 2512 277 2578 et
293 2528 380 2579 cum
397 2504 533 2580 fiducia
549 2506 778 2605 praescribere
792 2535 800 2591 ;
826 2516 917 2581 tunc
933 2508 1031 2581 enim
1051 2532 1127 2583 non
1145 2532 1218 2609 spe-

130 2634 211 2687 rare
240 2617 353 2690 modo
369 2617 501 2714 potest,
527 2619 591 2692 sed
616 2620 693 2694 fere
717 2619 889 2718 polliceri,
915 2645 954 2693 se
978 2621 1155 2697 effectum
1179 2621 1217 2697 il·

8 2775 10 2779 ψ
129 2721 209 2798 lum
228 2726 420 2802 salutarem
440 2755 552 2828 quem
569 2734 676 2830 cupit
693 2757 887 2831 persuum
906 2733 1215 2812 medicamentum

131 2839 490 2934 essepraestiturum.
553 2844 668 2931 Quod
705 2847 735 2917 si
761 2846 893 2919 timide
917 2856 956 2919 et
980 2849 1091 2924 nimis
1112 2869 1212 2948 parce

130 2946 262 3023 datum
282 2950 403 3038 fuerit,
419 2952 532 3052 longe
543 2953 658 3029 alium
670 2954 846 3030 effectum
860 2957 1019 3046 habebit,
1037 2971 1075 3035 et
1089 2959 1209 3034 iisdem

130 3060 280 3157 aegrotis
296 3060 397 3134 baud
426 3087 557 3161 parum
582 3066 741 3154 nocebit,
766 3071 903 3167 quibus
926 3071 1066 3172 largius
1089 3073 1213 3148 datum

128 3170 295 3247 multum
313 3172 518 3271 profuisset.

179 3305 390 3361 mccxxrn.
420 3286 502 3361 Alii
519 3297 644 3361 autem
672 3291 719 3366 ab
736 3292 815 3367 aliis
839 3296 1010 3372 remediis
1027 3322 1114 3372 vere
1129 3322 1214 3372 nor·

128 3396 264 3486 coticis,
289 3399 408 3474 veluti
437 3398 650 3498 hyosciamo
678 3406 796 3505 nigro,
822 3409 929 3482 conio
945 3409 1140 3498 maculato,
1165 3435 1215 3484 so·

125 3503 211 3578 lano
228 3508 450 3602 dulmmam,
480 3535 577 3610 soepe
606 3517 779 3593 oriuntur
794 3520 971 3607 effectus;
996 3546 1135 3622 magna
1149 3525 1213 3597 im·

125 3616 256 3715 primis
273 3623 429 3721 vertigo,
459 3633 499 3698 et
515 3624 630 3714 dolor,
657 3641 696 3703 et
711 3633 872 3730 gravitas
888 3636 1017 3734 eapitis
1039 3647 1079 3710 et
1095 3636 1213 3711 oculo·

123 3753 220 3818 rum,
250 3740 289 3805 et
318 3759 445 3811 sensus
474 3739 662 3816 interdum
691 3746 874 3842 angustie
903 3746 942 3820 in
959 3758 1127 3847 gutture,
1152 3751 1212 3822 &c

124 3841 211 3916 Imo
226 3854 316 3919 sunt
332 3870 380 3921 ex
397 3849 456 3938 iis,
485 3876 581 3950 quae,
612 3864 805 3954 uteunque
822 3858 986 3933 sedentia
1002 3862 1088 3948 sint,
1106 3862 1212 3934 intes·

123 3953 203 4028 tina
214 3958 493 4055 quodammodo
527 3967 735 4058 stimulant,
765 3981 803 4043 et
820 3972 881 4057 sic,
899 3995 974 4045 non
992 3997 1079 4046 sane
1097 3973 1212 4048 omni·

122 4065 192 4142 bus
207 4071 315 4170 aegris
331 4075 479 4172 pariter,
510 4080 574 4152 sed
592 4079 719 4155 multis
737 4082 873 4179 quibus
901 4084 1138 4174 adhibentur,
1165 4085 1212 4160 al·

121 4202 215 4255 vum
231 4185 529 4264 satis-efficaciter
545 4193 707 4272 solvunt.
758 4196 997 4296 Quapropter
1015 4198 1213 4274 verisimile

119 4291 279 4388 videtur,
309 4300 480 4400 quoedam
510 4327 560 4380 ex
588 4305 633 4380 iis
649 4306 826 4406 gravibus
854 4310 1139 4413 nonnullisopii
1155 4314 1209 4388 in·
