<?xml version="1.0" encoding="UTF-8"?>
<!DOCTYPE html PUBLIC "-//W3C//DTD XHTML 1.0 Transitional//EN"
    "http://www.w3.org/TR/xhtml1/DTD/xhtml1-transitional.dtd">
<html xmlns="http://www.w3.org/1999/xhtml" xml:lang="en" lang="en">
 <head>
  <title>
</title>
<meta http-equiv="Content-Type" content="text/html;charset=utf-8" />
  <meta name='ocr-system' content='tesseract 3.04.00' />
  <meta name='ocr-capabilities' content='ocr_page ocr_carea ocr_par ocr_line ocrx_word'/>
</head>
<body>
  <div class='ocr_page' id='page_1' title='image "./conspectusmedic01greggoog_0412.png"; bbox 0 0 2678 4794; ppageno 0'>
   <div class='ocr_carea' id='block_1_1' title="bbox 73 406 1152 484">
    <p class='ocr_par' dir='ltr' id='par_1_1' title="bbox 73 406 1152 484">
     <span class='ocr_line' id='line_1_1' title="bbox 73 406 1152 484; baseline -0.001 -1"><span class='ocrx_word' id='word_1_1' title='bbox 73 428 162 484; x_wconf 77' lang='lat' dir='ltr'><strong>car.</strong></span> <span class='ocrx_word' id='word_1_2' title='bbox 180 425 327 481; x_wconf 84' lang='lat' dir='ltr'><strong>xxvnr.</strong></span> <span class='ocrx_word' id='word_1_3' title='bbox 384 421 605 479; x_wconf 71' lang='lat' dir='ltr'><strong>munierum</strong></span> <span class='ocrx_word' id='word_1_4' title='bbox 624 423 913 480; x_wconf 66' lang='lat' dir='ltr'><strong>resonamus.</strong></span> <span class='ocrx_word' id='word_1_5' title='bbox 1081 406 1152 482; x_wconf 81' lang='grc'><strong>361</strong></span> 
     </span>
    </p>
   </div>
   <div class='ocr_carea' id='block_1_2' title="bbox 32 598 1155 704">
    <p class='ocr_par' dir='ltr' id='par_1_2' title="bbox 32 598 1155 704">
     <span class='ocr_line' id='line_1_2' title="bbox 32 598 1155 704; baseline -0.004 -24"><span class='ocrx_word' id='word_1_6' title='bbox 32 655 38 671; x_wconf 67' lang='lat'><em>.</em></span> <span class='ocrx_word' id='word_1_7' title='bbox 71 614 196 704; x_wconf 82' lang='lat' dir='ltr'><strong>arctos</strong></span> <span class='ocrx_word' id='word_1_8' title='bbox 206 602 349 690; x_wconf 90' lang='lat' dir='ltr'><strong>limites,</strong></span> <span class='ocrx_word' id='word_1_9' title='bbox 377 602 600 678; x_wconf 85' lang='lat' dir='ltr'><strong>contrarium</strong></span> <span class='ocrx_word' id='word_1_10' title='bbox 622 598 797 675; x_wconf 84' lang='lat' dir='ltr'><strong>effectum</strong></span> <span class='ocrx_word' id='word_1_11' title='bbox 814 600 947 674; x_wconf 86' lang='lat' dir='ltr'><strong>habet:¹</strong></span> <span class='ocrx_word' id='word_1_12' title='bbox 976 600 1155 676; x_wconf 91' lang='lat' dir='ltr'><strong>nimirum</strong></span> 
     </span>
    </p>
   </div>
   <div class='ocr_carea' id='block_1_3' title="bbox 71 726 1213 1604">
    <p class='ocr_par' dir='ltr' id='par_1_3' title="bbox 71 726 1213 1604">
     <span class='ocr_line' id='line_1_3' title="bbox 72 726 1157 832; baseline -0.006 -25"><span class='ocrx_word' id='word_1_13' title='bbox 72 732 177 832; x_wconf 90' lang='lat' dir='ltr'><strong>quod</strong></span> <span class='ocrx_word' id='word_1_14' title='bbox 194 754 342 805; x_wconf 87' lang='lat' dir='ltr'><strong>sensum</strong></span> <span class='ocrx_word' id='word_1_15' title='bbox 363 731 409 803; x_wconf 76' lang='lat' dir='ltr'><strong>&#39;et</strong></span> <span class='ocrx_word' id='word_1_16' title='bbox 424 727 668 804; x_wconf 80' lang='lat' dir='ltr'><strong>mobilitatem</strong></span> <span class='ocrx_word' id='word_1_17' title='bbox 696 726 928 826; x_wconf 85' lang='lat' dir='ltr'><strong>aliquatenus</strong></span> <span class='ocrx_word' id='word_1_18' title='bbox 944 727 1092 815; x_wconf 85' lang='lat' dir='ltr'><strong>minuit,</strong></span> <span class='ocrx_word' id='word_1_19' title='bbox 1117 732 1157 801; x_wconf 88' lang='lat' dir='ltr'><strong>et</strong></span> 
     </span>
     <span class='ocr_line' id='line_1_4' title="bbox 71 837 1157 943; baseline -0.009 -22"><span class='ocrx_word' id='word_1_20' title='bbox 71 843 184 921; x_wconf 88' lang='lat' dir='ltr'><strong>simul</strong></span> <span class='ocrx_word' id='word_1_21' title='bbox 200 845 368 943; x_wconf 88' lang='lat' dir='ltr'><strong>vigorem</strong></span> <span class='ocrx_word' id='word_1_22' title='bbox 385 851 509 941; x_wconf 90' lang='lat' dir='ltr'><strong>auget,</strong></span> <span class='ocrx_word' id='word_1_23' title='bbox 527 851 566 916; x_wconf 91' lang='lat' dir='ltr'><strong>et</strong></span> <span class='ocrx_word' id='word_1_24' title='bbox 583 840 770 916; x_wconf 86' lang='lat' dir='ltr'><strong>musculos</strong></span> <span class='ocrx_word' id='word_1_25' title='bbox 787 840 943 927; x_wconf 81' lang='lat' dir='ltr'><strong>roborat,</strong></span> <span class='ocrx_word' id='word_1_26' title='bbox 966 850 1005 914; x_wconf 91' lang='lat' dir='ltr'><strong>et</strong></span> <span class='ocrx_word' id='word_1_27' title='bbox 1020 837 1157 913; x_wconf 85' lang='lat' dir='ltr'><strong>exerci-</strong></span> 
     </span>
     <span class='ocr_line' id='line_1_5' title="bbox 71 950 1156 1042; baseline -0.006 -10"><span class='ocrx_word' id='word_1_28' title='bbox 71 958 253 1032; x_wconf 81' lang='lat' dir='ltr'><strong>tationem</strong></span> <span class='ocrx_word' id='word_1_29' title='bbox 271 959 422 1030; x_wconf 89' lang='lat' dir='ltr'><strong>omnem</strong></span> <span class='ocrx_word' id='word_1_30' title='bbox 434 954 576 1028; x_wconf 82' lang='lat' dir='ltr'><strong>facilem</strong></span> <span class='ocrx_word' id='word_1_31' title='bbox 589 955 721 1042; x_wconf 86' lang='lat' dir='ltr'><strong>reddit,</strong></span> <span class='ocrx_word' id='word_1_32' title='bbox 733 963 776 1028; x_wconf 84' lang='lat' dir='ltr'><strong>et</strong></span> <span class='ocrx_word' id='word_1_33' title='bbox 792 953 931 1026; x_wconf 88' lang='lat' dir='ltr'><strong>labores</strong></span> <span class='ocrx_word' id='word_1_34' title='bbox 944 950 1156 1026; x_wconf 81' lang='lat' dir='ltr'><strong>tolerabiles.</strong></span> 
     </span>
     <span class='ocr_line' id='line_1_6' title="bbox 74 1066 1157 1168; baseline -0.003 -25"><span class='ocrx_word' id='word_1_35' title='bbox 74 1070 209 1168; x_wconf 88' lang='lat' dir='ltr'><strong>Neque</strong></span> <span class='ocrx_word' id='word_1_36' title='bbox 225 1067 297 1141; x_wconf 87' lang='lat' dir='ltr'><strong>hoc</strong></span> <span class='ocrx_word' id='word_1_37' title='bbox 313 1068 352 1140; x_wconf 91' lang='lat' dir='ltr'><strong>in</strong></span> <span class='ocrx_word' id='word_1_38' title='bbox 372 1068 514 1166; x_wconf 89' lang='lat' dir='ltr'><strong>magnis</strong></span> <span class='ocrx_word' id='word_1_39' title='bbox 532 1077 680 1142; x_wconf 89' lang='lat' dir='ltr'><strong>tantum</strong></span> <span class='ocrx_word' id='word_1_40' title='bbox 698 1066 897 1142; x_wconf 89' lang='lat' dir='ltr'><strong>voluntarii</strong></span> <span class='ocrx_word' id='word_1_41' title='bbox 920 1077 1041 1140; x_wconf 86' lang='lat' dir='ltr'><strong>motus</strong></span> <span class='ocrx_word' id='word_1_42' title='bbox 1058 1090 1157 1140; x_wconf 90' lang='lat' dir='ltr'><strong>mus·</strong></span> 
     </span>
     <span class='ocr_line' id='line_1_7' title="bbox 73 1179 1018 1279; baseline -0.002 -23"><span class='ocrx_word' id='word_1_43' title='bbox 73 1181 166 1256; x_wconf 83' lang='lat' dir='ltr'><strong>culis</strong></span> <span class='ocrx_word' id='word_1_44' title='bbox 183 1182 238 1268; x_wconf 87' lang='lat' dir='ltr'><strong>fit,</strong></span> <span class='ocrx_word' id='word_1_45' title='bbox 256 1181 321 1254; x_wconf 92' lang='lat' dir='ltr'><strong>sed</strong></span> <span class='ocrx_word' id='word_1_46' title='bbox 338 1182 377 1253; x_wconf 91' lang='lat' dir='ltr'><strong>in</strong></span> <span class='ocrx_word' id='word_1_47' title='bbox 395 1180 568 1254; x_wconf 91' lang='lat' dir='ltr'><strong>omnibus</strong></span> <span class='ocrx_word' id='word_1_48' title='bbox 584 1180 860 1279; x_wconf 87' lang='lat' dir='ltr'><strong>quodammodo</strong></span> <span class='ocrx_word' id='word_1_49' title='bbox 876 1179 1018 1254; x_wconf 80' lang='lat' dir='ltr'><strong>accidit.</strong></span> 
     </span>
     <span class='ocr_line' id='line_1_8' title="bbox 127 1287 1157 1391; baseline -0.004 -23"><span class='ocrx_word' id='word_1_50' title='bbox 127 1316 286 1368; x_wconf 58' lang='lat' dir='ltr'><strong>ucxrx«</strong></span> <span class='ocrx_word' id='word_1_51' title='bbox 299 1292 404 1366; x_wconf 88' lang='lat' dir='ltr'><strong>Hinc</strong></span> <span class='ocrx_word' id='word_1_52' title='bbox 421 1291 524 1366; x_wconf 86' lang='lat' dir='ltr'><strong>facile</strong></span> <span class='ocrx_word' id='word_1_53' title='bbox 541 1292 778 1391; x_wconf 81' lang='lat' dir='ltr'><strong>intelligetur,</strong></span> <span class='ocrx_word' id='word_1_54' title='bbox 806 1291 921 1389; x_wconf 88' lang='lat' dir='ltr'><strong>frigus</strong></span> <span class='ocrx_word' id='word_1_55' title='bbox 938 1292 1023 1366; x_wconf 87' lang='lat' dir='ltr'><strong>satis</strong></span> <span class='ocrx_word' id='word_1_56' title='bbox 1040 1287 1157 1364; x_wconf 88' lang='lat' dir='ltr'><strong>modi·</strong></span> 
     </span>
     <span class='ocr_line' id='line_1_9' title="bbox 75 1401 1158 1503; baseline -0.006 -22"><span class='ocrx_word' id='word_1_57' title='bbox 75 1429 177 1492; x_wconf 88' lang='lat' dir='ltr'><strong>oum,</strong></span> <span class='ocrx_word' id='word_1_58' title='bbox 191 1415 283 1503; x_wconf 86' lang='lat' dir='ltr'><strong>puta</strong></span> <span class='ocrx_word' id='word_1_59' title='bbox 299 1403 518 1502; x_wconf 89' lang='lat' dir='ltr'><strong>frigidulum</strong></span> <span class='ocrx_word' id='word_1_60' title='bbox 535 1411 626 1492; x_wconf 67' lang='lat' dir='ltr'><strong>adra,</strong></span> <span class='ocrx_word' id='word_1_61' title='bbox 643 1404 848 1479; x_wconf 88' lang='lat' dir='ltr'><strong>remedium</strong></span> <span class='ocrx_word' id='word_1_62' title='bbox 868 1404 1041 1477; x_wconf 86' lang='lat' dir='ltr'><strong>mborans</strong></span> <span class='ocrx_word' id='word_1_63' title='bbox 1057 1401 1158 1477; x_wconf 92' lang='lat' dir='ltr'><strong>haud</strong></span> 
     </span>
     <span class='ocr_line' id='line_1_10' title="bbox 76 1514 1213 1604; baseline -0.003 -13"><span class='ocrx_word' id='word_1_64' title='bbox 76 1517 170 1592; x_wconf 89' lang='lat' dir='ltr'><strong>levis</strong></span> <span class='ocrx_word' id='word_1_65' title='bbox 195 1517 374 1590; x_wconf 87' lang='lat' dir='ltr'><strong>momenti</strong></span> <span class='ocrx_word' id='word_1_66' title='bbox 398 1516 586 1591; x_wconf 88' lang='lat' dir='ltr'><strong>interdum</strong></span> <span class='ocrx_word' id='word_1_67' title='bbox 613 1517 699 1604; x_wconf 91' lang='lat' dir='ltr'><strong>fore,</strong></span> <span class='ocrx_word' id='word_1_68' title='bbox 728 1519 767 1591; x_wconf 91' lang='lat' dir='ltr'><strong>in</strong></span> <span class='ocrx_word' id='word_1_69' title='bbox 785 1517 892 1590; x_wconf 90' lang='lat' dir='ltr'><strong>variis</strong></span> <span class='ocrx_word' id='word_1_70' title='bbox 909 1514 1056 1603; x_wconf 86' lang='lat' dir='ltr'><strong>morbis,</strong></span> <span class='ocrx_word' id='word_1_71' title='bbox 1073 1539 1159 1589; x_wconf 87' lang='lat' dir='ltr'><strong>curn</strong></span> <span class='ocrx_word' id='word_1_72' title='bbox 1205 1538 1213 1550; x_wconf 90' lang='lat'>·</span> 
     </span>
    </p>
   </div>
   <div class='ocr_carea' id='block_1_4' title="bbox 74 1629 1283 1728">
    <p class='ocr_par' dir='ltr' id='par_1_4' title="bbox 74 1629 1283 1728">
     <span class='ocr_line' id='line_1_11' title="bbox 74 1629 1283 1728; baseline -0.002 -24"><span class='ocrx_word' id='word_1_73' title='bbox 74 1630 233 1704; x_wconf 83' lang='lat' dir='ltr'><strong>vetustis</strong></span> <span class='ocrx_word' id='word_1_74' title='bbox 257 1642 341 1703; x_wconf 88' lang='lat' dir='ltr'><strong>tum</strong></span> <span class='ocrx_word' id='word_1_75' title='bbox 367 1630 494 1714; x_wconf 83' lang='lat' dir='ltr'><strong>acutis,</strong></span> <span class='ocrx_word' id='word_1_76' title='bbox 511 1722 514 1727; x_wconf 76' lang='lat'>.</span> <span class='ocrx_word' id='word_1_77' title='bbox 531 1632 734 1728; x_wconf 83' lang='lat' dir='ltr'><strong>praesertim</strong></span> <span class='ocrx_word' id='word_1_78' title='bbox 758 1630 798 1703; x_wconf 91' lang='lat' dir='ltr'><strong>in</strong></span> <span class='ocrx_word' id='word_1_79' title='bbox 827 1630 872 1703; x_wconf 88' lang='lat' dir='ltr'><strong>iis</strong></span> <span class='ocrx_word' id='word_1_80' title='bbox 902 1629 966 1702; x_wconf 91' lang='lat' dir='ltr'><strong>ubi</strong></span> <span class='ocrx_word' id='word_1_81' title='bbox 992 1631 1160 1702; x_wconf 90' lang='lat' dir='ltr'><strong>morbosa</strong></span> <span class='ocrx_word' id='word_1_82' title='bbox 1280 1634 1283 1639; x_wconf 73' lang='grc'>’</span> 
     </span>
    </p>
   </div>
   <div class='ocr_carea' id='block_1_5' title="bbox 73 1740 1253 4429">
    <p class='ocr_par' dir='ltr' id='par_1_5' title="bbox 73 1740 1160 1953">
     <span class='ocr_line' id='line_1_12' title="bbox 74 1740 1160 1847; baseline -0.002 -32"><span class='ocrx_word' id='word_1_83' title='bbox 74 1740 244 1816; x_wconf 81' lang='lat' dir='ltr'><strong>debilitas</strong></span> <span class='ocrx_word' id='word_1_84' title='bbox 271 1741 386 1847; x_wconf 90' lang='lat' dir='ltr'><strong>(quod</strong></span> <span class='ocrx_word' id='word_1_85' title='bbox 425 1741 579 1816; x_wconf 91' lang='lat' dir='ltr'><strong>minime</strong></span> <span class='ocrx_word' id='word_1_86' title='bbox 603 1766 728 1818; x_wconf 88' lang='lat' dir='ltr'><strong>rarum</strong></span> <span class='ocrx_word' id='word_1_87' title='bbox 753 1751 822 1840; x_wconf 87' lang='lat' dir='ltr'><strong>est)</strong></span> <span class='ocrx_word' id='word_1_88' title='bbox 847 1767 869 1816; x_wconf 91' lang='lat' dir='ltr'><strong>a</strong></span> <span class='ocrx_word' id='word_1_89' title='bbox 893 1743 1009 1816; x_wconf 91' lang='lat' dir='ltr'><strong>nimio</strong></span> <span class='ocrx_word' id='word_1_90' title='bbox 1043 1741 1160 1814; x_wconf 86' lang='lat' dir='ltr'><strong>calore</strong></span> 
     </span>
     <span class='ocr_line' id='line_1_13' title="bbox 73 1853 681 1953; baseline 0.002 -25"><span class='ocrx_word' id='word_1_91' title='bbox 73 1853 161 1928; x_wconf 87' lang='lat' dir='ltr'><strong>oriri</strong></span> <span class='ocrx_word' id='word_1_92' title='bbox 176 1853 239 1927; x_wconf 89' lang='lat' dir='ltr'><strong>vel</strong></span> <span class='ocrx_word' id='word_1_93' title='bbox 255 1854 506 1953; x_wconf 88' lang='lat' dir='ltr'><strong>ingravesoere</strong></span> <span class='ocrx_word' id='word_1_94' title='bbox 523 1856 599 1929; x_wconf 86' lang='lat' dir='ltr'><strong>visa</strong></span> <span class='ocrx_word' id='word_1_95' title='bbox 615 1865 681 1929; x_wconf 90' lang='lat' dir='ltr'><strong>est.</strong></span> 
     </span>
    </p>

    <p class='ocr_par' dir='ltr' id='par_1_6' title="bbox 75 1965 1253 2624">
     <span class='ocr_line' id='line_1_14' title="bbox 128 1965 1162 2066; baseline -0.002 -26"><span class='ocrx_word' id='word_1_96' title='bbox 128 1989 256 2041; x_wconf 80' lang='lat' dir='ltr'><strong>mcxx.</strong></span> <span class='ocrx_word' id='word_1_97' title='bbox 281 1965 417 2063; x_wconf 88' lang='lat' dir='ltr'><strong>Neque</strong></span> <span class='ocrx_word' id='word_1_98' title='bbox 442 1965 539 2040; x_wconf 89' lang='lat' dir='ltr'><strong>solus</strong></span> <span class='ocrx_word' id='word_1_99' title='bbox 563 1976 624 2040; x_wconf 70' lang='lat' dir='ltr'><strong>adr</strong></span> <span class='ocrx_word' id='word_1_100' title='bbox 647 1966 856 2066; x_wconf 85' lang='lat' dir='ltr'><strong>frigidnlus,</strong></span> <span class='ocrx_word' id='word_1_101' title='bbox 890 1974 956 2040; x_wconf 90' lang='lat' dir='ltr'><strong>aut</strong></span> <span class='ocrx_word' id='word_1_102' title='bbox 981 1967 1162 2040; x_wconf 86' lang='lat' dir='ltr'><strong>universae</strong></span> 
     </span>
     <span class='ocr_line' id='line_1_15' title="bbox 75 2077 1162 2178; baseline -0.001 -25"><span class='ocrx_word' id='word_1_103' title='bbox 75 2078 158 2153; x_wconf 84' lang='lat' dir='ltr'><strong>euti</strong></span> <span class='ocrx_word' id='word_1_104' title='bbox 170 2077 351 2166; x_wconf 86' lang='lat' dir='ltr'><strong>admotus,</strong></span> <span class='ocrx_word' id='word_1_105' title='bbox 368 2090 433 2151; x_wconf 89' lang='lat' dir='ltr'><strong>aut</strong></span> <span class='ocrx_word' id='word_1_106' title='bbox 449 2079 488 2151; x_wconf 91' lang='lat' dir='ltr'><strong>in</strong></span> <span class='ocrx_word' id='word_1_107' title='bbox 502 2078 696 2178; x_wconf 89' lang='lat' dir='ltr'><strong>pulmones</strong></span> <span class='ocrx_word' id='word_1_108' title='bbox 713 2103 780 2177; x_wconf 91' lang='lat' dir='ltr'><strong>per</strong></span> <span class='ocrx_word' id='word_1_109' title='bbox 796 2080 966 2178; x_wconf 88' lang='lat' dir='ltr'><strong>spiritum</strong></span> <span class='ocrx_word' id='word_1_110' title='bbox 982 2089 1162 2177; x_wconf 83' lang='lat' dir='ltr'><strong>receptus,</strong></span> 
     </span>
     <span class='ocr_line' id='line_1_16' title="bbox 76 2189 1163 2278; baseline -0.002 -12"><span class='ocrx_word' id='word_1_111' title='bbox 76 2189 192 2266; x_wconf 89' lang='lat' dir='ltr'><strong>talem</strong></span> <span class='ocrx_word' id='word_1_112' title='bbox 208 2191 286 2263; x_wconf 88' lang='lat' dir='ltr'><strong>vim</strong></span> <span class='ocrx_word' id='word_1_113' title='bbox 304 2190 537 2265; x_wconf 85' lang='lat' dir='ltr'><strong>roborantem</strong></span> <span class='ocrx_word' id='word_1_114' title='bbox 555 2191 676 2278; x_wconf 87' lang='lat' dir='ltr'><strong>babet,</strong></span> <span class='ocrx_word' id='word_1_115' title='bbox 701 2203 740 2265; x_wconf 88' lang='lat' dir='ltr'><strong>et</strong></span> <span class='ocrx_word' id='word_1_116' title='bbox 757 2191 826 2264; x_wconf 87' lang='lat' dir='ltr'><strong>boc</strong></span> <span class='ocrx_word' id='word_1_117' title='bbox 843 2190 994 2264; x_wconf 85' lang='lat' dir='ltr'><strong>oonsilio</strong></span> <span class='ocrx_word' id='word_1_118' title='bbox 1009 2214 1030 2263; x_wconf 93' lang='lat' dir='ltr'><strong>a</strong></span> <span class='ocrx_word' id='word_1_119' title='bbox 1047 2191 1163 2264; x_wconf 91' lang='lat' dir='ltr'><strong>medi·</strong></span> 
     </span>
     <span class='ocr_line' id='line_1_17' title="bbox 77 2300 1163 2402; baseline -0.002 -25"><span class='ocrx_word' id='word_1_120' title='bbox 77 2303 131 2377; x_wconf 87' lang='lat' dir='ltr'><strong>cis</strong></span> <span class='ocrx_word' id='word_1_121' title='bbox 146 2303 413 2402; x_wconf 81' lang='lat' dir='ltr'><strong>praeson&#39;bitur3</strong></span> <span class='ocrx_word' id='word_1_122' title='bbox 439 2328 535 2401; x_wconf 90' lang='lat' dir='ltr'><strong>aqua</strong></span> <span class='ocrx_word' id='word_1_123' title='bbox 559 2302 672 2376; x_wconf 84' lang='lat' dir='ltr'><strong>etiam</strong></span> <span class='ocrx_word' id='word_1_124' title='bbox 689 2301 822 2400; x_wconf 89' lang='lat' dir='ltr'><strong>frigida</strong></span> <span class='ocrx_word' id='word_1_125' title='bbox 839 2300 949 2374; x_wconf 84' lang='lat' dir='ltr'><strong>simili</strong></span> <span class='ocrx_word' id='word_1_126' title='bbox 979 2301 1163 2389; x_wconf 80' lang='lat' dir='ltr'><strong>facultate,</strong></span> 
     </span>
     <span class='ocr_line' id='line_1_18' title="bbox 78 2412 1253 2513; baseline 0.001 -23"><span class='ocrx_word' id='word_1_127' title='bbox 78 2415 147 2490; x_wconf 87' lang='lat' dir='ltr'><strong>sed</strong></span> <span class='ocrx_word' id='word_1_128' title='bbox 172 2439 268 2512; x_wconf 81' lang='lat' dir='ltr'><strong>saepe</strong></span> <span class='ocrx_word' id='word_1_129' title='bbox 290 2414 392 2488; x_wconf 90' lang='lat' dir='ltr'><strong>haud</strong></span> <span class='ocrx_word' id='word_1_130' title='bbox 409 2438 540 2513; x_wconf 90' lang='lat' dir='ltr'><strong>parum</strong></span> <span class='ocrx_word' id='word_1_131' title='bbox 558 2413 745 2502; x_wconf 84' lang='lat' dir='ltr'><strong>validiore,</strong></span> <span class='ocrx_word' id='word_1_132' title='bbox 771 2412 895 2513; x_wconf 89' lang='lat' dir='ltr'><strong>pollet,</strong></span> <span class='ocrx_word' id='word_1_133' title='bbox 920 2422 959 2485; x_wconf 92' lang='lat' dir='ltr'><strong>et</strong></span> <span class='ocrx_word' id='word_1_134' title='bbox 976 2413 1109 2484; x_wconf 90' lang='lat' dir='ltr'><strong>merito</strong></span> <span class='ocrx_word' id='word_1_135' title='bbox 1124 2413 1164 2485; x_wconf 92' lang='lat' dir='ltr'><strong>in</strong></span> <span class='ocrx_word' id='word_1_136' title='bbox 1251 2487 1253 2491; x_wconf 86' lang='grc'><em>,</em></span> 
     </span>
     <span class='ocr_line' id='line_1_19' title="bbox 80 2527 701 2624; baseline -0.002 -23"><span class='ocrx_word' id='word_1_137' title='bbox 80 2549 220 2624; x_wconf 88' lang='lat' dir='ltr'><strong>magno</strong></span> <span class='ocrx_word' id='word_1_138' title='bbox 236 2552 305 2601; x_wconf 89' lang='lat' dir='ltr'><strong>usu</strong></span> <span class='ocrx_word' id='word_1_139' title='bbox 322 2536 361 2601; x_wconf 90' lang='lat' dir='ltr'><strong>et</strong></span> <span class='ocrx_word' id='word_1_140' title='bbox 377 2527 620 2601; x_wconf 81' lang='lat' dir='ltr'><strong>aestimatione</strong></span> <span class='ocrx_word' id='word_1_141' title='bbox 637 2535 701 2600; x_wconf 89' lang='lat' dir='ltr'><strong>est.</strong></span> 
     </span>
    </p>

    <p class='ocr_par' dir='ltr' id='par_1_7' title="bbox 77 2633 1168 3414">
     <span class='ocr_line' id='line_1_20' title="bbox 133 2633 1163 2738; baseline -0.005 -24"><span class='ocrx_word' id='word_1_142' title='bbox 133 2661 280 2714; x_wconf 80' lang='lat' dir='ltr'><strong>mcxxr.</strong></span> <span class='ocrx_word' id='word_1_143' title='bbox 310 2640 427 2738; x_wconf 85' lang='lat' dir='ltr'><strong>Aqua</strong></span> <span class='ocrx_word' id='word_1_144' title='bbox 453 2639 635 2738; x_wconf 83' lang='lat' dir='ltr'><strong>imprimis</strong></span> <span class='ocrx_word' id='word_1_145' title='bbox 661 2637 794 2737; x_wconf 86' lang='lat' dir='ltr'><strong>frigida</strong></span> <span class='ocrx_word' id='word_1_146' title='bbox 822 2661 890 2736; x_wconf 91' lang='lat' dir='ltr'><strong>pro</strong></span> <span class='ocrx_word' id='word_1_147' title='bbox 906 2645 997 2735; x_wconf 91' lang='lat' dir='ltr'><strong>potu</strong></span> <span class='ocrx_word' id='word_1_148' title='bbox 1024 2633 1163 2721; x_wconf 88' lang='lat' dir='ltr'><strong>hausta,</strong></span> 
     </span>
     <span class='ocr_line' id='line_1_21' title="bbox 78 2747 1164 2850; baseline -0.006 -23"><span class='ocrx_word' id='word_1_149' title='bbox 78 2750 142 2827; x_wconf 83' lang='lat' dir='ltr'><strong>vel</strong></span> <span class='ocrx_word' id='word_1_150' title='bbox 159 2752 260 2850; x_wconf 90' lang='lat' dir='ltr'><strong>potio</strong></span> <span class='ocrx_word' id='word_1_151' title='bbox 275 2753 451 2850; x_wconf 87' lang='lat' dir='ltr'><strong>quaelibet</strong></span> <span class='ocrx_word' id='word_1_152' title='bbox 467 2752 590 2826; x_wconf 86' lang='lat' dir='ltr'><strong>tenuis</strong></span> <span class='ocrx_word' id='word_1_153' title='bbox 607 2760 646 2825; x_wconf 88' lang='lat' dir='ltr'><strong>et</strong></span> <span class='ocrx_word' id='word_1_154' title='bbox 661 2748 835 2849; x_wconf 88' lang='lat' dir='ltr'><strong>frigidula</strong></span> <span class='ocrx_word' id='word_1_155' title='bbox 858 2750 899 2822; x_wconf 92' lang='lat' dir='ltr'><strong>in</strong></span> <span class='ocrx_word' id='word_1_156' title='bbox 916 2747 1164 2823; x_wconf 81' lang='lat' dir='ltr'><strong>ventriculum</strong></span> 
     </span>
     <span class='ocr_line' id='line_1_22' title="bbox 77 2860 1164 2963; baseline -0.004 -25"><span class='ocrx_word' id='word_1_157' title='bbox 77 2873 236 2963; x_wconf 82' lang='lat' dir='ltr'><strong>recepta,</strong></span> <span class='ocrx_word' id='word_1_158' title='bbox 265 2866 304 2938; x_wconf 85' lang='lat' dir='ltr'><strong>vi</strong></span> <span class='ocrx_word' id='word_1_159' title='bbox 331 2889 397 2939; x_wconf 89' lang='lat' dir='ltr'><strong>sua</strong></span> <span class='ocrx_word' id='word_1_160' title='bbox 424 2865 618 2939; x_wconf 85' lang='lat' dir='ltr'><strong>roborante</strong></span> <span class='ocrx_word' id='word_1_161' title='bbox 642 2872 681 2937; x_wconf 83' lang='lat' dir='ltr'><strong>et</strong></span> <span class='ocrx_word' id='word_1_162' title='bbox 696 2863 933 2962; x_wconf 84' lang='lat' dir='ltr'><strong>refrigerante</strong></span> <span class='ocrx_word' id='word_1_163' title='bbox 958 2860 1066 2937; x_wconf 91' lang='lat' dir='ltr'><strong>simul</strong></span> <span class='ocrx_word' id='word_1_164' title='bbox 1084 2885 1164 2960; x_wconf 81' lang='lat' dir='ltr'><strong>pro</strong></span> 
     </span>
     <span class='ocr_line' id='line_1_23' title="bbox 78 2973 1166 3075; baseline 0 -25"><span class='ocrx_word' id='word_1_165' title='bbox 78 2975 184 3050; x_wconf 89' lang='lat' dir='ltr'><strong>desse</strong></span> <span class='ocrx_word' id='word_1_166' title='bbox 213 2986 358 3075; x_wconf 88' lang='lat' dir='ltr'><strong>potest;</strong></span> <span class='ocrx_word' id='word_1_167' title='bbox 383 2989 422 3052; x_wconf 92' lang='lat' dir='ltr'><strong>et</strong></span> <span class='ocrx_word' id='word_1_168' title='bbox 448 3002 575 3052; x_wconf 89' lang='lat' dir='ltr'><strong>revera</strong></span> <span class='ocrx_word' id='word_1_169' title='bbox 602 2976 703 3051; x_wconf 88' lang='lat' dir='ltr'><strong>haud</strong></span> <span class='ocrx_word' id='word_1_170' title='bbox 731 3000 813 3049; x_wconf 90' lang='lat' dir='ltr'><strong>raro</strong></span> <span class='ocrx_word' id='word_1_171' title='bbox 837 2973 976 3074; x_wconf 88' lang='lat' dir='ltr'><strong>profuit</strong></span> <span class='ocrx_word' id='word_1_172' title='bbox 1001 2976 1040 3049; x_wconf 92' lang='lat' dir='ltr'><strong>in</strong></span> <span class='ocrx_word' id='word_1_173' title='bbox 1057 2976 1166 3050; x_wconf 87' lang='lat' dir='ltr'><strong>variis</strong></span> 
     </span>
     <span class='ocr_line' id='line_1_24' title="bbox 79 3087 1167 3176; baseline -0.002 -13"><span class='ocrx_word' id='word_1_174' title='bbox 79 3087 231 3176; x_wconf 90' lang='lat' dir='ltr'><strong>morbis,</strong></span> <span class='ocrx_word' id='word_1_175' title='bbox 262 3112 349 3163; x_wconf 83' lang='lat' dir='ltr'><strong>cum</strong></span> <span class='ocrx_word' id='word_1_176' title='bbox 375 3092 493 3164; x_wconf 83' lang='lat' dir='ltr'><strong>acutis</strong></span> <span class='ocrx_word' id='word_1_177' title='bbox 510 3101 593 3165; x_wconf 88' lang='lat' dir='ltr'><strong>turn</strong></span> <span class='ocrx_word' id='word_1_178' title='bbox 609 3090 775 3165; x_wconf 89' lang='lat' dir='ltr'><strong>vetustis.</strong></span> <span class='ocrx_word' id='word_1_179' title='bbox 831 3087 1037 3163; x_wconf 89' lang='lat' dir='ltr'><strong>Verisimile</strong></span> <span class='ocrx_word' id='word_1_180' title='bbox 1053 3089 1167 3161; x_wconf 89' lang='lat' dir='ltr'><strong>etiam</strong></span> 
     </span>
     <span class='ocr_line' id='line_1_25' title="bbox 82 3200 1168 3302; baseline -0.001 -29"><span class='ocrx_word' id='word_1_181' title='bbox 82 3200 244 3286; x_wconf 84' lang='lat' dir='ltr'><strong>videtur,</strong></span> <span class='ocrx_word' id='word_1_182' title='bbox 274 3202 369 3275; x_wconf 88' lang='lat' dir='ltr'><strong>vires</strong></span> <span class='ocrx_word' id='word_1_183' title='bbox 398 3211 436 3275; x_wconf 91' lang='lat' dir='ltr'><strong>et</strong></span> <span class='ocrx_word' id='word_1_184' title='bbox 467 3227 576 3277; x_wconf 90' lang='lat' dir='ltr'><strong>usum</strong></span> <span class='ocrx_word' id='word_1_185' title='bbox 606 3202 750 3302; x_wconf 87' lang='lat' dir='ltr'><strong>frigoris</strong></span> <span class='ocrx_word' id='word_1_186' title='bbox 776 3200 846 3276; x_wconf 88' lang='lat' dir='ltr'><strong>boo</strong></span> <span class='ocrx_word' id='word_1_187' title='bbox 862 3201 976 3274; x_wconf 91' lang='lat' dir='ltr'><strong>modo</strong></span> <span class='ocrx_word' id='word_1_188' title='bbox 999 3200 1168 3285; x_wconf 89' lang='lat' dir='ltr'><strong>adhibiti,</strong></span> 
     </span>
     <span class='ocr_line' id='line_1_26' title="bbox 82 3312 883 3414; baseline 0.002 -29"><span class='ocrx_word' id='word_1_189' title='bbox 82 3312 254 3386; x_wconf 89' lang='lat' dir='ltr'><strong>nondum</strong></span> <span class='ocrx_word' id='word_1_190' title='bbox 273 3315 359 3388; x_wconf 92' lang='lat' dir='ltr'><strong>satis</strong></span> <span class='ocrx_word' id='word_1_191' title='bbox 375 3315 524 3410; x_wconf 84' lang='lat' dir='ltr'><strong>cognita</strong></span> <span class='ocrx_word' id='word_1_192' title='bbox 540 3324 579 3387; x_wconf 89' lang='lat' dir='ltr'><strong>et</strong></span> <span class='ocrx_word' id='word_1_193' title='bbox 594 3315 783 3414; x_wconf 85' lang='lat' dir='ltr'><strong>explorata</strong></span> <span class='ocrx_word' id='word_1_194' title='bbox 798 3337 883 3388; x_wconf 85' lang='lat' dir='ltr'><strong>esse.</strong></span> 
     </span>
    </p>

    <p class='ocr_par' dir='ltr' id='par_1_8' title="bbox 82 3421 1170 3972">
     <span class='ocr_line' id='line_1_27' title="bbox 132 3421 1168 3524; baseline 0.001 -27"><span class='ocrx_word' id='word_1_195' title='bbox 132 3446 302 3500; x_wconf 84' lang='lat' dir='ltr'><strong>mcxxu.</strong></span> <span class='ocrx_word' id='word_1_196' title='bbox 335 3426 476 3524; x_wconf 85' lang='lat' dir='ltr'><strong>Saepius</strong></span> <span class='ocrx_word' id='word_1_197' title='bbox 505 3447 604 3512; x_wconf 89' lang='lat' dir='ltr'><strong>vero,</strong></span> <span class='ocrx_word' id='word_1_198' title='bbox 630 3437 669 3501; x_wconf 94' lang='lat' dir='ltr'><strong>et</strong></span> <span class='ocrx_word' id='word_1_199' title='bbox 695 3427 830 3524; x_wconf 88' lang='lat' dir='ltr'><strong>majore</strong></span> <span class='ocrx_word' id='word_1_200' title='bbox 859 3449 946 3500; x_wconf 88' lang='lat' dir='ltr'><strong>cum</strong></span> <span class='ocrx_word' id='word_1_201' title='bbox 980 3421 1168 3513; x_wconf 84' lang='lat' dir='ltr'><strong>beneficio,</strong></span> 
     </span>
     <span class='ocr_line' id='line_1_28' title="bbox 82 3535 1170 3636; baseline 0.003 -27"><span class='ocrx_word' id='word_1_202' title='bbox 82 3559 171 3610; x_wconf 88' lang='lat' dir='ltr'><strong>usus</strong></span> <span class='ocrx_word' id='word_1_203' title='bbox 189 3535 310 3610; x_wconf 90' lang='lat' dir='ltr'><strong>balnei</strong></span> <span class='ocrx_word' id='word_1_204' title='bbox 327 3537 453 3636; x_wconf 87' lang='lat' dir='ltr'><strong>frigidi</strong></span> <span class='ocrx_word' id='word_1_205' title='bbox 470 3560 539 3635; x_wconf 91' lang='lat' dir='ltr'><strong>pro</strong></span> <span class='ocrx_word' id='word_1_206' title='bbox 553 3538 747 3612; x_wconf 88' lang='lat' dir='ltr'><strong>roborante</strong></span> <span class='ocrx_word' id='word_1_207' title='bbox 763 3538 926 3612; x_wconf 81' lang='lat' dir='ltr'><strong>remedio</strong></span> <span class='ocrx_word' id='word_1_208' title='bbox 939 3539 1170 3636; x_wconf 76' lang='lat' dir='ltr'><strong>praescriptus</strong></span> 
     </span>
     <span class='ocr_line' id='line_1_29' title="bbox 84 3646 1170 3748; baseline 0.001 -26"><span class='ocrx_word' id='word_1_209' title='bbox 84 3659 137 3722; x_wconf 88' lang='lat' dir='ltr'><strong>est</strong></span> <span class='ocrx_word' id='word_1_210' title='bbox 154 3676 164 3732; x_wconf 92' lang='lat'>;</span> <span class='ocrx_word' id='word_1_211' title='bbox 191 3646 346 3748; x_wconf 87' lang='lat' dir='ltr'><strong>ejusque</strong></span> <span class='ocrx_word' id='word_1_212' title='bbox 364 3648 592 3723; x_wconf 88' lang='lat' dir='ltr'><strong>saluberrimi</strong></span> <span class='ocrx_word' id='word_1_213' title='bbox 608 3648 761 3724; x_wconf 85' lang='lat' dir='ltr'><strong>effectus</strong></span> <span class='ocrx_word' id='word_1_214' title='bbox 790 3650 830 3722; x_wconf 92' lang='lat' dir='ltr'><strong>in</strong></span> <span class='ocrx_word' id='word_1_215' title='bbox 847 3650 1015 3748; x_wconf 89' lang='lat' dir='ltr'><strong>plurimis</strong></span> <span class='ocrx_word' id='word_1_216' title='bbox 1032 3650 1170 3724; x_wconf 89' lang='lat' dir='ltr'><strong>morbis</strong></span> 
     </span>
     <span class='ocr_line' id='line_1_30' title="bbox 85 3757 1170 3859; baseline 0.002 -27"><span class='ocrx_word' id='word_1_217' title='bbox 85 3770 158 3833; x_wconf 85' lang='lat' dir='ltr'><strong>tam</strong></span> <span class='ocrx_word' id='word_1_218' title='bbox 179 3757 275 3833; x_wconf 90' lang='lat' dir='ltr'><strong>bene</strong></span> <span class='ocrx_word' id='word_1_219' title='bbox 299 3762 379 3859; x_wconf 88' lang='lat' dir='ltr'><strong>jam</strong></span> <span class='ocrx_word' id='word_1_220' title='bbox 397 3772 486 3836; x_wconf 88' lang='lat' dir='ltr'><strong>sunt</strong></span> <span class='ocrx_word' id='word_1_221' title='bbox 500 3761 593 3847; x_wconf 85' lang='lat' dir='ltr'><strong>noti,</strong></span> <span class='ocrx_word' id='word_1_222' title='bbox 617 3771 662 3835; x_wconf 92' lang='lat' dir='ltr'><strong>ut</strong></span> <span class='ocrx_word' id='word_1_223' title='bbox 679 3785 791 3835; x_wconf 91' lang='lat' dir='ltr'><strong>nemo</strong></span> <span class='ocrx_word' id='word_1_224' title='bbox 807 3762 1035 3854; x_wconf 74' lang='lat' dir='ltr'><strong>medicorum</strong></span> <span class='ocrx_word' id='word_1_225' title='bbox 1053 3761 1101 3837; x_wconf 80' lang='lat' dir='ltr'><strong>de</strong></span> <span class='ocrx_word' id='word_1_226' title='bbox 1124 3762 1170 3835; x_wconf 91' lang='lat' dir='ltr'><strong>iis</strong></span> 
     </span>
     <span class='ocr_line' id='line_1_31' title="bbox 82 3870 389 3972; baseline 0.013 -28"><span class='ocrx_word' id='word_1_227' title='bbox 82 3870 250 3946; x_wconf 85' lang='lat' dir='ltr'><strong>dubitare</strong></span> <span class='ocrx_word' id='word_1_228' title='bbox 261 3876 389 3972; x_wconf 89' lang='lat' dir='ltr'><strong>possit.</strong></span> 
     </span>
    </p>

    <p class='ocr_par' dir='ltr' id='par_1_9' title="bbox 86 3985 1173 4429">
     <span class='ocr_line' id='line_1_32' title="bbox 131 3985 1173 4087; baseline 0.001 -28"><span class='ocrx_word' id='word_1_229' title='bbox 131 4005 310 4061; x_wconf 79' lang='lat' dir='ltr'><strong>mcxxnr.</strong></span> <span class='ocrx_word' id='word_1_230' title='bbox 337 3987 475 4087; x_wconf 88' lang='lat' dir='ltr'><strong>Frigus</strong></span> <span class='ocrx_word' id='word_1_231' title='bbox 499 3997 626 4063; x_wconf 89' lang='lat' dir='ltr'><strong>autem</strong></span> <span class='ocrx_word' id='word_1_232' title='bbox 643 4010 709 4086; x_wconf 88' lang='lat' dir='ltr'><strong>per</strong></span> <span class='ocrx_word' id='word_1_233' title='bbox 737 4009 872 4084; x_wconf 88' lang='lat' dir='ltr'><strong>aquam</strong></span> <span class='ocrx_word' id='word_1_234' title='bbox 890 3985 1030 4087; x_wconf 82' lang='lat' dir='ltr'><strong>oorpori</strong></span> <span class='ocrx_word' id='word_1_235' title='bbox 1047 3985 1173 4061; x_wconf 65' lang='lat' dir='ltr'><strong>admoss</strong></span> 
     </span>
     <span class='ocr_line' id='line_1_33' title="bbox 86 4098 1171 4198; baseline 0.003 -28"><span class='ocrx_word' id='word_1_236' title='bbox 86 4103 179 4183; x_wconf 89' lang='lat' dir='ltr'><strong>tum,</strong></span> <span class='ocrx_word' id='word_1_237' title='bbox 200 4107 267 4172; x_wconf 89' lang='lat' dir='ltr'><strong>aut</strong></span> <span class='ocrx_word' id='word_1_238' title='bbox 283 4098 322 4172; x_wconf 91' lang='lat' dir='ltr'><strong>in</strong></span> <span class='ocrx_word' id='word_1_239' title='bbox 340 4099 585 4175; x_wconf 87' lang='lat' dir='ltr'><strong>ventriculum</strong></span> <span class='ocrx_word' id='word_1_240' title='bbox 604 4109 808 4198; x_wconf 85' lang='lat' dir='ltr'><strong>receptum,</strong></span> <span class='ocrx_word' id='word_1_241' title='bbox 824 4124 867 4173; x_wconf 89' lang='lat' dir='ltr'><strong>eo</strong></span> <span class='ocrx_word' id='word_1_242' title='bbox 884 4100 1021 4197; x_wconf 88' lang='lat' dir='ltr'><strong>majore</strong></span> <span class='ocrx_word' id='word_1_243' title='bbox 1036 4100 1076 4172; x_wconf 84' lang='lat' dir='ltr'><strong>vi</strong></span> <span class='ocrx_word' id='word_1_244' title='bbox 1093 4100 1171 4197; x_wconf 91' lang='lat' dir='ltr'><strong>pol·</strong></span> 
     </span>
     <span class='ocr_line' id='line_1_34' title="bbox 87 4203 1172 4313; baseline 0.006 -36"><span class='ocrx_word' id='word_1_245' title='bbox 87 4203 135 4281; x_wconf 87' lang='lat' dir='ltr'><strong>let</strong></span> <span class='ocrx_word' id='word_1_246' title='bbox 151 4233 267 4309; x_wconf 90' lang='lat' dir='ltr'><strong>quam</strong></span> <span class='ocrx_word' id='word_1_247' title='bbox 284 4219 344 4284; x_wconf 74' lang='lat' dir='ltr'><strong>aer</strong></span> <span class='ocrx_word' id='word_1_248' title='bbox 359 4236 466 4310; x_wconf 87' lang='lat' dir='ltr'><strong>aeque</strong></span> <span class='ocrx_word' id='word_1_249' title='bbox 482 4213 649 4312; x_wconf 88' lang='lat' dir='ltr'><strong>frigidus,</strong></span> <span class='ocrx_word' id='word_1_250' title='bbox 665 4213 766 4312; x_wconf 91' lang='lat' dir='ltr'><strong>quod</strong></span> <span class='ocrx_word' id='word_1_251' title='bbox 779 4237 845 4313; x_wconf 90' lang='lat' dir='ltr'><strong>per</strong></span> <span class='ocrx_word' id='word_1_252' title='bbox 861 4213 1047 4286; x_wconf 88' lang='lat' dir='ltr'><strong>materiam</strong></span> <span class='ocrx_word' id='word_1_253' title='bbox 1065 4221 1172 4284; x_wconf 86' lang='lat' dir='ltr'><strong>tanto</strong></span> 
     </span>
     <span class='ocr_line' id='line_1_35' title="bbox 90 4315 1170 4429; baseline 0.006 -35"><span class='ocrx_word' id='word_1_254' title='bbox 90 4315 290 4399; x_wconf 81' lang='lat' dir='ltr'><strong>densiorem</strong></span> <span class='ocrx_word' id='word_1_255' title='bbox 316 4323 413 4401; x_wconf 82' lang='lat' dir='ltr'><strong>calor</strong></span> <span class='ocrx_word' id='word_1_256' title='bbox 437 4325 596 4425; x_wconf 86' lang='lat' dir='ltr'><strong>eorporis</strong></span> <span class='ocrx_word' id='word_1_257' title='bbox 623 4326 747 4406; x_wconf 88' lang='lat' dir='ltr'><strong>multo</strong></span> <span class='ocrx_word' id='word_1_258' title='bbox 769 4322 979 4429; x_wconf 77' lang='lat' dir='ltr'><strong>promptius</strong></span> <span class='ocrx_word' id='word_1_259' title='bbox 994 4322 1170 4418; x_wconf 88' lang='lat' dir='ltr'><strong>aufertur,</strong></span> 
     </span>
    </p>
   </div>
   <div class='ocr_carea' id='block_1_6' title="bbox 0 0 1364 4794">
    <p class='ocr_par' dir='ltr' id='par_1_10' title="bbox 0 0 1364 4794">
     <span class='ocr_line' id='line_1_36' title="bbox 0 0 1364 4794; baseline 0 0"><span class='ocrx_word' id='word_1_260' title='bbox 0 0 1364 4794; x_wconf 95' lang='lat' dir='ltr'><strong> </strong></span> 
     </span>
    </p>
   </div>
  </div>
 </body>
</html>
