2678 4794
184 283 259 350 82⁰
602 296 853 354 eonsrncrus
1052 298 1138 354 cnr.
1155 297 1257 354 xxv.

183 471 272 549 istit.
322 474 459 551 Carnes
467 473 661 572 juniorum
675 496 788 570 quum
803 471 1028 560 adultorum,
1058 498 1260 573 carnesque

62 587 64 590 ’
183 587 313 663 avium
329 611 439 686 quam
466 584 757 683 quadrupedum,
783 593 909 657 contra
925 584 1116 682 vulgarem
1140 588 1262 660 notio·

181 720 283 789 nem,
311 697 476 774 nonnihil
503 695 722 770 difficiliores
749 695 926 770 videntur
958 719 1034 769 esse
1065 708 1261 772 concoctu.

184 809 300 900 Ferae,
316 832 428 911 quam
443 810 590 895 cicuoes,
607 809 723 909 magis
740 808 913 882 salutares
928 819 966 881 et
981 807 1154 882 faciliores
1171 832 1262 880 con-

180 937 290 999 coctu
315 922 505 1008 habentur,
529 920 666 995 scilicet
689 945 774 1021 quae
800 920 928 993 minus
942 942 1054 1015 quum
1083 919 1140 993 hae
1164 920 1260 1015 sagi-

183 1048 326 1121 nantur,
342 1043 381 1107 et
394 1032 518 1107 eunius
544 1043 585 1108 et
600 1034 717 1131 magis
746 1032 961 1106 naturditer
976 1032 1120 1106 vivunt.
1170 1031 1261 1103 Car·

180 1169 245 1220 nes
261 1169 348 1218 vero
371 1146 498 1220 avium
527 1146 761 1245 quarundam
778 1143 1008 1243 aquatilium,
1032 1142 1151 1217 veluti
1175 1164 1261 1214 anu.

180 1269 274 1343 tum,
291 1278 473 1344 anserum,
489 1267 530 1331 et
539 1255 728 1344 similium,
741 1256 955 1331 validiorem
971 1266 1010 1330 et
1026 1254 1102 1328 sere
1117 1254 1260 1354 gravio-

177 1390 256 1441 rem
274 1367 399 1443 cibum
416 1393 532 1468 quam
549 1392 674 1444 carnes
689 1369 844 1444 aliorum
861 1367 993 1446 clitum
1010 1368 1186 1466 praebent.

227 1502 343 1556 nxvr.
382 1481 509 1580 Mujus
544 1491 671 1556 cutem
710 1481 905 1555 discrimen
942 1480 1137 1554 intercedit
1165 1479 1260 1553 iuter

178 1616 302 1668 carnes
327 1595 495 1693 piscium.
545 1593 686 1668 Omnes
710 1617 797 1668 sune
813 1592 1018 1692 plurimum
1040 1590 1269 1666 nutrimenti·

177 1718 405 1806 suggerunt;
429 1705 600 1805 quoedcm
615 1728 714 1791 vero,
742 1702 902 1779 simodo
918 1703 1133 1802 simpliciter
1148 1712 1258 1778 coctae

178 1815 329 1906 fuerint,
358 1816 529 1893 facillime
543 1816 775 1917 digerrmtur,
785 1815 867 1890 clioe
881 1824 1010 1890 contra
1025 1814 1259 1899 difficillime;

178 1952 309 2004 omnes
333 1952 420 2002 vero
443 1928 570 2014 tiictae,
594 1935 660 2002 aut
683 1950 772 2002 cum
796 1926 918 2002 multo
940 1925 1022 2000 oleo
1038 1927 1100 2002 vel
1123 1926 1260 2025 butyro

178 2048 388 2137 assumptae,
402 2041 593 2139 aegerrime
608 2049 901 2139 concoquuntur.
939 2040 1064 2114 Pisces
1079 2038 1258 2138 imprimis

178 2150 366 2239 maritimi,
390 2176 552 2251 quorum
569 2176 693 2227 carnes
717 2153 809 2228 clbae
825 2162 924 2240 sunt,
952 2153 1079 2228 cibum
1095 2151 1261 2252 praebent

178 2260 322 2338 bonurn
346 2272 385 2338 et
408 2264 539 2339 levem.
590 2265 699 2339 Idem
715 2266 790 2338 dici
817 2273 938 2364 potest
954 2265 1001 2338 de
1016 2265 1157 2351 ostreis,
1179 2286 1259 2340 cun·

178 2374 333 2464 ceribus,
358 2376 497 2466 ustacis,
526 2380 739 2477 caeterisque
764 2376 839 2452 fere
866 2377 1078 2476 conchyliis.
1135 2378 1257 2453 Pisooe

181 2511 268 2562 vero
286 2512 444 2589 quorum
461 2513 586 2564 carnes
609 2490 798 2565 subrubrae
814 2500 913 2577 sunt,
938 2512 1026 2564 cum
1051 2488 1257 2577 fluviatiles,

179 2610 265 2674 tum
281 2626 434 2701 quoque
448 2602 636 2690 maritimi,
664 2601 783 2677 veluti
798 2601 924 2690 salmo,
945 2600 1057 2688 halec,
1083 2603 1258 2690 scomber,

181 2715 244 2786 &c
261 2715 532 2789 nutrimentum
546 2714 813 2789 validissimum
825 2713 1000 2812 praebent,
1017 2713 1081 2787 sed
1094 2712 1258 2789 difficiles

178 2819 402 2920 plerumque
417 2835 596 2902 concoctu
612 2826 790 2912 existunt,
807 2829 940 2924 purtim
952 2825 1101 2901 fortasse
1112 2836 1257 2926 propter

179 2938 350 3005 naturam
367 2936 544 3023 carnium,
561 2937 696 3034 partim
712 2959 865 3033 quoque
891 2947 1043 3036 propter
1057 2937 1256 3038 plmimum

178 3038 304 3115 oleum
321 3045 423 3141 quod
439 3045 586 3119 hubent.

228 3173 361 3228 mvn.
387 3154 466 3230 Lac
481 3157 606 3254 ipsum
622 3157 827 3247 vaccinum,
854 3163 1026 3257 quamvis
1041 3162 1260 3262 plerumque

179 3265 345 3364 optimus
360 3275 474 3367 utque
497 3266 704 3343 levissimus
729 3269 842 3361 cibus,
866 3295 1140 3374 nonnunquam
1165 3295 1261 3376 oegre

178 3380 430 3478 concoquitur,
443 3379 769 3482 ventriculumque
780 3383 944 3460 multum
956 3398 1108 3486 gravat3
1125 3388 1260 3464 scilicet

178 3499 376 3587 postquam
391 3493 503 3568 semel
518 3501 684 3569 mactum
700 3505 758 3572 est
775 3497 1002 3597 (ncxxxrv),
1031 3499 1134 3576 hund
1158 3499 1260 3576 facile

178 3600 315 3675 iterum
327 3602 493 3693 solvitur,
503 3609 837 3705 propterduritiem
850 3619 891 3685 et
902 3612 1136 3687 tenacitatem
1146 3632 1258 3712 quum

179 3710 400 3810 adipiscitur.
453 3717 502 3791 In
518 3717 588 3794 hoc
603 3729 714 3808 statu,
739 3720 794 3796 lac
809 3733 940 3799 nutura
956 3724 1117 3813 tenuius,
1142 3720 1259 3799 veluti

179 3824 376 3913 asininum,
388 3827 521 3905 melius
532 3833 775 3931 respondebit,
788 3835 848 3910 vel
864 3837 976 3909 etiam
992 3835 1049 3912 luc
1064 3837 1259 3912 vaccinum

178 3960 275 4035 aqua
297 3937 463 4014 dilutum
487 3939 527 4016 et
551 3946 717 4020 saccharo
732 3948 978 4049 commistum.
1029 3948 1119 4024 Flos
1145 3947 1258 4033 luctis,

178 4047 283 4147 cujus
308 4074 441 4150 magna
476 4076 558 4152 pars
594 4062 735 4131 me'rum
760 4056 884 4132 oleum
909 4068 975 4147 est,
1011 4058 1088 4134 fere
1117 4080 1260 4161 semper

123 4179 126 4186 ·
179 4159 336 4237 difficilis
361 4175 537 4240 concoctu
575 4170 776 4267 reperitur:
818 4156 984 4272 pressum
1008 4196 1099 4248 veru
1132 4171 1190 4249 luc
1213 4192 1258 4248 ex
1306 4268 1310 4275 ⁵
