2678 4794
568 328 662 400 xxxi

76 526 246 601 deducere
261 523 448 611 tentabat,
474 533 512 598 et
528 524 696 600 credebat
721 525 872 625 insuper
897 530 1036 606 multos
1063 535 1148 614 alios

76 640 210 713 morbos
225 638 273 710 ab
290 636 425 710 eodem
444 635 545 709 fonte
573 636 748 722 derivari3
774 639 954 714 nimirum
972 667 1059 717 cum
1077 647 1148 721 Na-

76 761 159 825 turae
173 759 330 823 conatus
348 771 426 820 non
443 747 537 821 bene
553 747 742 836 cedebant,
768 750 844 823 sive
869 760 1007 827 temere
1038 763 1076 828 et
1104 758 1151 832 de

73 863 245 937 industria
261 887 284 934 a
300 861 448 934 medico
464 860 617 958 repressi
639 859 794 947 fuerant,
819 862 896 935 sive
913 865 981 962 ipsi
1000 880 1150 966 propter

74 998 189 1048 musas
205 973 379 1059 internas,
398 972 538 1070 corpori
555 972 728 1070 proprias,
745 973 870 1046 inanes
887 989 1085 1053 evaserant.

119 1086 222 1159 Hinc
233 1084 467 1182 sequebatur,
472 1082 691 1184 plastorum,
705 1094 877 1182 tanquam
891 1088 1029 1162 vitium
1042 1090 1148 1165 bonae

74 1198 273 1272 valetudini
290 1195 582 1283 infestissimum,
610 1196 713 1269 omni
729 1221 816 1270 cura
832 1207 871 1271 et
888 1197 1032 1273 solertia
1048 1226 1147 1276 surn-

74 1310 294 1383 movendam
316 1333 414 1394 esse;
441 1308 649 1406 medicique
673 1308 838 1382 officium
866 1308 937 1383 hoc
964 1315 1146 1412 praecipue

76 1421 220 1494 cardine
236 1420 373 1508 uersari,
400 1431 446 1494 ut
463 1421 618 1519 vestigia
635 1420 670 1494 N
674 1432 788 1495 aturae
804 1421 843 1493 in
861 1423 994 1497 morbis
1018 1450 1145 1525 regen-

77 1531 129 1606 dis
143 1543 182 1606 et
197 1531 434 1606 discutiendis
450 1556 563 1630 quarn
591 1533 758 1630 proxime
774 1544 966 1630 premeret,
991 1536 1145 1636 ejusque

73 1654 218 1718 conatus
247 1667 344 1742 saepe
374 1652 533 1717 tentaret
560 1644 707 1731 imitari,
734 1645 903 1732 excitare,
928 1646 1143 1745 gubernare,

72 1756 255 1830 interdum
279 1754 470 1842 moderari,
495 1755 630 1828 scibcet
647 1754 677 1827 si
693 1755 804 1829 nimis
821 1755 1057 1833 vehementes
1073 1762 1145 1835 visi

71 1877 195 1955 essent,
212 1868 280 1941 vix
296 1890 462 1965 unquam
479 1890 566 1941 vero
585 1867 782 1964 reprimere
798 1878 863 1942 aut
880 1869 1029 1966 penitus
1045 1894 1142 1945 com-

70 2004 217 2079 pestere.

113 2092 242 2167 Talem
259 2092 480 2182 doctrinam,
505 2093 655 2193 ingenio
682 2102 780 2168 certe
808 2103 847 2168 et
876 2096 1026 2171 scientia
1042 2097 1142 2174 haud

69 2205 248 2293 mediocri,
275 2204 425 2280 celebris
442 2206 503 2281 hic
518 2207 664 2307 Apctor
680 2209 755 2282 suis
772 2206 958 2306 discipulis
975 2217 1014 2282 et
1029 2207 1140 2284 lecto·

69 2315 163 2391 ribus
186 2316 368 2416 explicuit
393 2329 432 2393 et
460 2320 742 2394 commendavit.
793 2318 955 2395 Minime
984 2344 1071 2396 vero
1099 2324 1139 2397 in
1187 2310 1192 2321 ’

70 2450 183 2502 crasso
198 2428 335 2504 Scottis·
358 2429 463 2519 libro,
487 2432 553 2529 qui
583 2431 793 2506 inscribitur
814 2431 974 2506 Tbcorm
992 2432 1142 2506 Medica

70 2536 178 2627 Vera,
202 2551 339 2617 tantam
361 2544 650 2617 concinnitatem
675 2549 891 2636 tantamque
919 2540 1140 2639 elegantiam

70 2660 106 2724 et
119 2653 414 2752 perspicuitatem
431 2655 643 2753 reperimus,
669 2660 820 2750 quantae
837 2663 914 2725 tam
931 2650 1084 2750 pulchre
1100 2654 1140 2727 in

69 2764 203 2862 scriptis
212 2764 447 2842 Boerlraooii
456 2766 608 2840 enitent.
660 2761 913 2839 Nihilominus
926 2774 1050 2838 tamen
1064 2789 1140 2840 non

69 2872 259 2952 defuerunt
282 2876 427 2953 Stoblio
455 2878 494 2950 in
523 2879 631 2952 variis
648 2876 811 2975 Europae
827 2877 1049 2978 regionibus,
1075 2878 1140 2953 sed

69 2990 260 3082 praesertim
278 2990 318 3062 in
335 2989 545 3077 Germania,
570 2997 801 3062 assectatores
824 2989 951 3075 multi;
977 3014 1138 3088 quorum

70 3100 238 3189 nonnulli,
265 3100 487 3181 Juuclcerus
514 3101 697 3200 imprimis
721 3110 760 3173 et
779 3099 881 3189 Carl,
906 3104 1138 3201 praeceptoris

71 3210 263 3323 doctrinam
280 3222 319 3288 et
336 3213 466 3288 clarius
483 3223 522 3288 ct
537 3213 742 3313 elegantius
759 3238 872 3311 quam
888 3213 966 3312 ipse
981 3213 1141 3288 illustra·

69 3332 160 3397 runt
205 3323 379 3401 Stablius
404 3351 491 3400 vero
515 3326 669 3425 ejusque
686 3324 866 3422 discipuli,
891 3326 982 3397 dum
1000 3325 1137 3401 vitium

70 3435 278 3532 scriptorum
289 3437 457 3512 vitabant
467 3438 532 3536 qui
544 3436 638 3511 fictis
648 3435 847 3509 humorum
861 3444 927 3509 aut
939 3432 1138 3514 solidarum

69 3547 219 3639 partium
239 3549 388 3637 morbis,
413 3548 539 3648 quales
556 3549 706 3622 scientia
734 3546 891 3623 obernicu
908 3548 967 3620 vel
998 3550 1137 3624 mathe-

70 3658 189 3732 matica
205 3658 380 3760 detegere
395 3672 434 3734 et
450 3659 645 3759 explanare
672 3670 804 3758 posset,
828 3660 939 3733 nimis
968 3660 1138 3735 credidis·

69 3778 150 3857 sent,
174 3771 212 3845 in
230 3770 334 3845 aliud
364 3782 403 3845 et
428 3772 503 3844 sere
528 3772 632 3869 pejus
660 3772 794 3844 vitium
823 3782 1072 3858 cucurrerunt,
1098 3782 1138 3845 et

71 3881 249 3976 opiniones
265 3883 472 3957 docuerunt
495 3905 653 3981 quarum
680 3881 759 3955 aliae
785 3884 906 3957 sensui
935 3881 1137 3967 communi,

69 3988 137 4066 alie
150 3994 381 4093 quotidianae
398 3997 637 4095 experientiae
666 3994 953 4081 adversarentur,
979 4004 1136 4067 cunctoe-

69 4123 142 4197 que,
168 4107 199 4180 si
216 4104 309 4181 fides
326 4106 370 4181 iis
387 4107 472 4181 data
489 4117 593 4193 esset,
610 4106 656 4179 ad
674 4105 846 4180 medendi
861 4106 1038 4179 rationem
1056 4122 1136 4198 per·
1164 4175 1166 4179 a

68 4210 251 4292 duxissent
270 4242 365 4318 saepe
386 4220 590 4317 pessimam,
615 4212 843 4317 semperque
862 4215 938 4293 fere
965 4210 1135 4289 debilem,
