2694 4792
133 385 207 460 492
539 386 789 445 concineres
992 385 1090 442 cAP.
1108 385 1238 440 XXXV.

132 570 241 648 riculi
256 572 297 646 in
314 567 490 655 sehabet,
514 575 553 641 et
569 568 754 641 actionem
780 563 1157 641 medicamentomm
1174 575 1232 641 tu·

132 686 267 762 tiorem
283 694 324 758 et
338 679 533 757 faciliorem
551 678 683 756 reddit

185 817 449 873 mccccxxvn.
474 793 571 869 Cum
589 815 725 868 nausea
741 789 801 865 vel
817 791 986 867 vomitus
1002 800 1126 890 urget,
1145 815 1224 865 non

134 911 247 986 modo
263 931 328 1009 per
344 907 496 1005 exiguas
512 906 699 1006 portiones
723 903 995 979 medicamenta
1019 903 1224 977 cathartico

134 1024 221 1097 dare
236 1028 392 1121 oportet,
418 1018 482 1092 sed
499 1018 621 1105 simul,
639 1017 697 1091 vel
714 1018 817 1092 brevi
833 1026 953 1104 antea,
971 1014 1114 1115 aliquid
1130 1039 1219 1091 ano·

134 1136 228 1235 dyni
244 1142 397 1221 tentare,
414 1130 475 1205 vel
492 1130 608 1229 <quod
624 1128 700 1205 fere
716 1130 859 1228 optime
875 1127 1099 1227 respondere
1112 1127 1217 1226 solet)

133 1247 207 1323 tale
217 1245 528 1320 medicamentum
545 1266 610 1343 per
626 1240 820 1342 clysterem
836 1241 876 1314 in
894 1240 1075 1315 intestina
1092 1238 1213 1315 infun-

133 1360 230 1446 dere,
267 1357 316 1432 ad
342 1355 655 1455 compescendum
684 1352 881 1428 ventriculi
910 1350 1142 1441 tumultum,
1177 1363 1218 1428 ut

133 1469 388 1558 catharticum,
412 1467 575 1568 alioquin
593 1492 683 1542 mox
708 1463 961 1565 rejiciendum,
987 1465 1030 1537 in
1060 1489 1110 1538 eo
1138 1467 1215 1540 reti·

134 1591 275 1658 nentur.

185 1717 463 1772 nrccccxxvru.
478 1695 582 1793 Saepe
594 1692 707 1766 etiam
720 1688 879 1789 prodest,
896 1685 1019 1763 veluti
1031 1687 1073 1763 in
1085 1712 1214 1789 magno

135 1806 270 1894 dolore,
308 1817 374 1882 aut
398 1807 575 1882 diuturna
603 1802 741 1901 vigilia,
779 1803 995 1900 anodynum
1027 1826 1107 1876 una
1134 1826 1213 1878 eum

133 1919 332 1994 cathartico
361 1918 457 2005 dare,
494 1916 631 1991 scilicet
657 1915 760 2014 quod
784 1913 896 2013 hujus
926 1916 1117 1991 actionem
1146 1939 1211 1990 non

133 2038 283 2104 tantum
299 2028 479 2126 impedit*
492 2051 605 2127 quam
622 2028 820 2107 tardiorem
836 2027 969 2101 reddit.

182 2160 430 2217 Mccccxxlx.
448 2141 497 2216 In
514 2140 622 2215 valde
639 2141 821 2216 debilibus
832 2150 872 2214 et
882 2140 1101 2230 mobilibus,
1112 2142 1212 2241 juvat

133 2276 230 2352 saepe
245 2263 329 2353 post
345 2252 419 2328 alvi
436 2255 707 2356 purgationem,
724 2277 801 2328 non
817 2277 920 2327 secus
937 2277 981 2326 ac
998 2266 1087 2352 post
1103 2254 1211 2329 vomi·

121 2370 228 2453 tum,
253 2376 291 2440 et
307 2366 436 2439 iisdem
454 2365 501 2439 de
519 2367 646 2452 causis,
671 2365 886 2463 anodynum
904 2364 1003 2438 dare.

183 2499 411 2556 mccccxxx.
438 2479 543 2552 Inter
570 2477 645 2551 alvi
673 2479 933 2577 purgationem
960 2479 1055 2577 aegri
1086 2478 1211 2579 frigore

131 2588 303 2664 facillime
319 2590 517 2679 laeduntur,
542 2610 617 2665 non
637 2592 753 2690 magis
779 2590 929 2665 forsitan
959 2602 1117 2690 propter
1143 2617 1211 2666 ccr-

131 2725 202 2800 pus
219 2714 310 2778 tunc
325 2702 565 2790 infirmatum,
583 2714 621 2777 et
638 2703 813 2789 solutum,
830 2716 869 2777 et
885 2703 1085 2801 languens,
1104 2727 1208 2803 quam

131 2823 283 2911 propter
297 2839 447 2889 cursum
464 2815 664 2890 humorum
683 2825 815 2913 praeter
831 2815 986 2890 solitum
997 2816 1047 2890 ab
1057 2815 1204 2890 extemis

130 2924 351 3010 derivatum,
369 2940 407 3002 et
424 2927 471 3001 ad
487 2928 648 3001 internas
661 2940 781 3026 partes
793 2952 965 3012 versum·
992 2952 1112 3026 neque
1124 2926 1206 2999 ideo

130 3036 264 3110 inutile
280 3049 335 3112 est
352 3039 468 3136 frigus
485 3049 577 3112 tunc
593 3039 770 3138 temporis
786 3039 989 3139 diligenter
1004 3041 1147 3114 evitare

180 3171 436 3223 mccccxxxr.
455 3149 573 3225 Haud
586 3177 716 3250 parum
729 3177 824 3251 saepe
834 3161 986 3267 praestat
1001 3153 1131 3227 alvum
1147 3175 1211 3251 per

129 3259 286 3336 lotiones
303 3286 368 3337 seu
385 3262 559 3369 clysteres
575 3265 721 3381 ducere,
738 3288 852 3363 quam
866 3289 933 3364 per
944 3265 1216 3341 medicamenta

127 3396 192 3446 ore
207 3373 415 3448 devoranda
431 3400 599 3474 purgare

178 3507 444 3560 mccccxxxrn
470 3485 566 3561 Alvi
581 3487 710 3562 ductio
724 3489 825 3563 enirn
844 3488 1070 3588 promptius,
1087 3498 1127 3562 et
1143 3512 1213 3563 cer·

128 3596 213 3682 tius,
239 3607 278 3669 et
293 3596 445 3686 facilius,
470 3611 508 3674 et
525 3599 654 3675 mitius
670 3601 853 3698 reperitur
880 3601 1071 3676 auxilium
1101 3624 1213 3699 quam

127 3706 199 3780 alvi
218 3709 400 3807 purgatio,
425 3720 464 3784 et
480 3711 565 3785 ideo
589 3711 698 3785 valde
722 3712 878 3787 infirmis
905 3723 944 3787 et
972 3712 1215 3789 irrinhilibus

126 3821 245 3919 magis
262 3823 445 3908 convenit,
471 3824 672 3922 praesertim
690 3848 778 3899 cum
795 3825 922 3900 alvum
951 3848 1030 3898 non
1063 3835 1212 3900 tantum

126 3955 294 4029 purgare,
311 3957 424 4031 quam
442 3935 556 4009 semel
572 3935 713 4011 solvere
721 3939 905 4036 cupimus,
922 3936 1028 4035 quod
1043 3962 1144 4036 saepe
1154 3961 1214 4011 ne

124 4045 319 4119 cessarium
337 4057 392 4121 est
408 4070 495 4121 cum
518 4049 698 4147 copiosior
713 4050 887 4149 purgatio
903 4049 1215 4147 perniciosissima

125 4156 228 4232 foret
278 4158 446 4239 Effectus
457 4184 548 4237 vero
557 4163 819 4239 medicamenti
830 4185 948 4263 peros
961 4163 1112 4262 sumpti
1125 4161 1216 4238 adeo
