2678 4794
55 382 140 440 err.
161 380 210 437 vr.
347 375 567 436 amarorum
584 377 870 438 rauouuvreru.
1074 371 1118 445 61
1163 467 1165 471 γ

48 569 84 634 et
99 560 182 634 ideo
196 556 345 632 nomina
356 556 551 656 peculiaria
566 559 681 633 etiam
693 558 732 632 in
746 560 938 635 communi
955 584 1121 640 sermone

50 672 188 747 sibimet
202 680 309 745 nacta
325 677 434 744 sunt:
459 668 578 745 veluti
595 694 701 770 sapor
716 670 853 761 acidus,
871 671 1000 761 duleis,
1025 699 1122 751 ama-

51 808 113 872 rus,
130 783 251 871 salsus,
267 804 362 869 acer,
378 781 606 870 aromaticus,
623 784 818 882 putridum
843 785 904 858 hic
922 810 1009 861 vero
1033 811 1122 862 eum

53 895 148 970 odore
180 919 335 994 quoque
362 892 546 993 jungitur.
613 894 797 970 Omnium
831 921 1001 995 saporum
1028 901 1120 974 varii

56 1017 127 1083 rut
142 1008 290 1107 gradus,
315 1029 518 1104 omnesque
539 1007 638 1082 varie
662 1008 813 1082 interae
836 1010 1013 1110 conjungi
1037 1036 1118 1111 pos·

36 1129 139 1194 suut.

98 1253 196 1306 cerv.
223 1231 375 1329 Sapores
404 1228 465 1304 alii
493 1229 699 1305 suavissimi
723 1239 762 1305 et
786 1232 981 1330 gratissimi
1007 1245 1117 1323 sunt;

59 1338 112 1414 elii
126 1343 268 1439 ingrati,
280 1344 422 1439 vixque
438 1340 626 1416 tolerandi.
678 1341 777 1416 Mira
792 1353 916 1419 tamen
933 1346 981 1419 de
998 1346 1064 1421 hae
1078 1372 1119 1422 re

60 1448 243 1527 hominum
259 1453 464 1528 diversitas:
503 1454 554 1527 ita
582 1463 626 1528 ut
647 1454 748 1552 quod
772 1453 851 1530 aliis
867 1457 1041 1533 maximae
1057 1483 1119 1533 vo·

60 1560 182 1663 luptati
198 1578 261 1654 est,
280 1566 341 1641 alii
356 1590 432 1640 non
449 1567 527 1641 sine
543 1588 678 1641 nausea
693 1576 731 1639 et
747 1566 895 1643 horrore
909 1580 1094 1669 respuant

19 1692 22 1696 '
98 1700 178 1753 ccv.
206 1679 309 1767 Quin
339 1689 378 1754 et
411 1679 641 1754 suavissimos
666 1703 818 1777 sapores,
854 1680 920 1778 qui
945 1704 1120 1779 magnam

60 1788 161 1886 primo
177 1790 409 1889 voluptatem
436 1789 623 1878 dederalrt,
649 1791 817 1865 homines
840 1791 943 1867 brevi
958 1791 1120 1867 fastidire

60 1899 179 1977 valent:
204 1903 300 1977 dum
317 1902 497 2001 pessimos
519 1915 558 1977 et
582 1904 856 2003 ingratissimos,
880 1890 1006 2003 quales
1032 1915 1120 1979 sunt

60 2013 237 2089 aeneam
269 2011 403 2101 tubraci,
423 2012 569 2115 serulae
599 2015 838 2116 asaoesoetidoe,
867 2027 906 2091 et
930 2016 1118 2106 similium,

59 2127 308 2203 mmemdine
324 2150 447 2200 amare
462 2127 610 2202 discunt
626 2139 665 2203 et
680 2140 861 2227 appetere.
918 2168 924 2175 -

95 2260 193 2314 ccvi.
218 2238 325 2314 Usus
341 2249 473 2339 gustus
499 2240 705 2338 praecipuus
721 2239 870 2315 videtur
886 2264 972 2328 esse,
999 2240 1046 2314 ad
1071 2241 1119 2315 ci-

57 2344 136 2424 bum
148 2348 289 2425 boum
306 2359 346 2424 et
362 2348 544 2425 salubrem
561 2350 729 2437 invitare,
745 2374 767 2423 a
783 2350 897 2424 noxio
912 2361 979 2427 aut
994 2351 1119 2424 minus

56 2456 179 2535 idoneo
206 2461 394 2535 divertere.
456 2461 632 2560 Plerique
660 2471 700 2536 et
725 2461 857 2560 optimi
887 2461 959 2534 cibi
991 2462 1120 2558 gustui

55 2571 143 2671 grati
157 2583 253 2648 sunt
301 2574 382 2662 Qui
397 2596 487 2649 vero
508 2572 637 2672 gustui
654 2573 866 2671 ineonupto
882 2570 970 2644 mali
987 2571 1121 2670 saporis

55 2694 144 2772 unt,
166 2684 283 2760 iifere
298 2686 442 2760 noee'nt
492 2683 724 2782 Hujusmodi
748 2682 937 2770 instinctu,
962 2705 1042 2756 raro
1057 2681 1122 2756 fal-

55 2789 129 2885 lere,
143 2822 257 2898 quem
276 2796 432 2891 elfactus
448 2821 599 2896 quoque
610 2797 731 2895 juvat,
756 2792 865 2871 bruta
881 2793 1051 2868 animalia
1075 2795 1138 2868 ad.

56 2903 218 2986 idoneum
234 2910 362 2987 eibum
378 2910 642 3010 perducuntur,
667 2919 706 2983 et
722 2934 744 2982 a
759 2907 872 2982 noxio
888 2918 1066 2983 arcentur.
1170 2933 1173 2938 ·

94 3044 224 3099 ccvu..
239 3023 319 3098 Hic
338 3046 427 3097 vero
450 3023 657 3108 instinctus,
682 3044 758 3096 non
783 3044 886 3095 secus
910 3044 953 3094 ac
977 3017 1121 3117 reliqui,

54 3132 167 3208 minus
181 3135 366 3234 perfectus
383 3135 525 3210 homini
541 3157 655 3233 quam
672 3132 802 3207 belluis
820 3133 949 3216 datum
981 3132 1122 3229 quippe

53 3244 113 3340 qui
128 3245 192 3322 uli
216 3245 361 3349 quxilio
386 3247 511 3321 minus
527 3258 644 3345 egeat,
669 3245 747 3318 aliis
771 3242 1007 3319 facultatibus
1032 3266 1122 3340 prae-

54 3352 155 3434 (litus
204 3358 291 3458 Ipse
308 3383 395 3433 vero
418 3357 485 3458 qui
510 3359 620 3433 datur
643 3356 850 3442 instinctus,
875 3356 964 3428 vitae
988 3354 1122 3451 gene're

55 3485 174 3563 prum
189 3470 351 3547 naturali
368 3496 464 3569 saepe
479 3471 738 3568 corrumpitur.

94 3602 230 3658 cevnr.
256 3583 400 3657 Statuit
415 3606 524 3682 porro
539 3582 636 3656 alma
650 3604 776 3655 rerum
793 3579 941 3665 Parens,
967 3575 1124 3651 utactio

57 3687 95 3763 tl
107 3692 221 3768 vitam
237 3694 409 3770 alendam
425 3695 517 3770 adeo
532 3693 740 3778 necessaria,
756 3702 796 3765 et
812 3715 877 3766 sua
889 3699 1020 3763 natura
1033 3712 1124 3786 quo·

58 3796 241 3880 mammo
264 3805 483 3894 voluntaria,
507 3805 700 3904 voluptate
728 3801 851 3900 aliqua
874 3825 950 3874 non
976 3812 1121 3874 (areret.

58 3906 160 3990 Grato
174 3917 250 3992 eibi
276 3942 412 4016 sapore,
442 3929 617 4016 tanquam
645 3914 808 4014 praemio,
836 3914 884 3987 ad
912 3912 1038 3987 cibum
1065 3934 1125 3984 su·

57 4026 223 4103 mendum
240 4039 280 4103 et
292 4029 563 4104 conficiendum
579 4026 770 4102 allicimur.
811 4025 960 4100 Revera
975 4025 1045 4097 ista
1062 4047 1124 4094 vu

59 4127 167 4233 luptas
181 4138 322 4238 pendet
346 4140 510 4216 multum
527 4164 549 4214 a
565 4149 664 4216 statu
681 4135 887 4223 ventriculi,
912 4148 951 4208 et
967 4159 989 4207 a
1004 4156 1125 4207 neces·

59 4242 152 4322 fliete
166 4251 257 4327 novi
273 4251 346 4327 cibi
362 4253 542 4328 sumendi.
592 4251 805 4328 Vilissimus
830 4249 932 4325 enim
949 4245 1061 4328 cibus,
1085 4250 1124 4311 et
