2678 4794
136 344 227 407 cnr.
245 345 337 406 xxv.
421 350 642 408 nnmerum
661 338 949 408 rnnonnrrcm.
1145 338 1218 405 828

135 526 210 601 olei
236 537 275 603 et
298 530 400 628 quasi
423 525 549 605 farinae
571 530 774 618 continens,
799 529 907 603 vaide
930 523 1097 601 nutriens
1133 534 1214 611 est;

135 650 322 738 potusque
338 665 386 716 ex
403 664 447 716 eo
462 642 659 732 consectus,
682 641 888 717 dnmmodo
903 641 997 715 bene
1013 644 1138 711 coctus
1155 637 1214 723 sit,

136 760 175 825 et
189 772 267 825 non
283 753 395 827 nimis
411 779 547 829 crassus
563 755 691 843 sactus,
717 764 756 829 et
770 753 864 828 fabae
879 752 919 826 in
935 748 1057 850 poilen
1074 747 1212 824 tenuis·

130 861 269 939 simum
289 867 387 941 tritae
402 867 565 954 fuissent,
591 891 712 967 neque
738 891 823 941 cum
841 863 1011 939 aromatis
1024 860 1161 945 mixtae,
1188 881 1214 930 a

131 974 262 1050 multis
280 977 492 1054 hominibus
508 979 602 1052 bene
618 979 869 1078 concoquitur,
887 986 925 1051 et
941 975 984 1049 iis
1000 973 1116 1072 igitur
1128 969 1213 1044 satis

131 1098 242 1186 aptus
259 1088 364 1164 cibus
381 1100 445 1165 est.

181 1218 337 1276 mxxrrr.
365 1200 448 1277 Ora
482 1204 634 1280 demum
668 1206 827 1280 recentia
854 1215 967 1302 atque
991 1196 1145 1282 sorbilia,
1171 1202 1209 1267 et

132 1306 299 1385 unitum
316 1316 536 1390 nutrimenti
552 1312 727 1415 praebent,
744 1326 782 1391 et
792 1324 968 1392 concoctu
980 1310 1097 1387 facilia
1113 1315 1212 1391 sunt,

136 1429 176 1496 et
192 1422 275 1496 ideo
290 1424 408 1500 bonus
433 1436 472 1501 et
496 1427 660 1503 salutaris
684 1429 787 1504 cibus
811 1428 1030 1526 plerumque
1046 1421 1155 1514 fiunt,
1174 1426 1212 1489 et

128 1556 232 1632 ‘saepe
254 1558 340 1616 cum
364 1537 500 1639 insigni
526 1538 702 1614 beneflcio
723 1541 763 1614 in
779 1539 903 1615 iocum
919 1537 1070 1613 aliarum
1087 1553 1211 1605 rerum

131 1669 201 1746 pro
210 1644 400 1744 jentaculo
416 1662 482 1724 aut
499 1675 605 1725 coens
620 1651 864 1727 sufficiuntur.

182 1779 331 1834 uxxrv.
350 1761 528 1837 Deiectus
544 1764 705 1864 denique
721 1765 794 1839 cibi
810 1764 910 1839 haud
925 1761 1016 1837 levis
1030 1751 1208 1833 momenti

125 1869 170 1944 in
190 1864 323 1946 morbis
339 1876 494 1949 vetustis
511 1876 590 1950 fieri
607 1876 727 1965 debet,
756 1879 896 1950 ratione
920 1872 1044 1948 habita
1065 1877 1208 1943 naturae

129 1982 262 2071 morbi,
287 1986 347 2059 cui
364 1986 466 2060 cibus
482 1989 534 2061 ita
549 1989 813 2065 accommodari
830 1987 953 2072 debet,
983 1995 1027 2060 ut
1042 1983 1078 2056 ei
1093 1999 1209 2078 quam

131 2094 295 2170 maxime
319 2097 541 2187 adversetur,
575 2110 613 2174 et
639 2102 851 2176 morbosum
875 2099 1033 2198 corporis
1068 2103 1209 2170 statum

130 2200 363 2305 aliquatenus
379 2213 554 2311 corrigat:
581 2215 641 2299 sic,
670 2212 709 2285 in
726 2214 862 2286 morbis
878 2209 1099 2309 hydropicis,
1116 2204 1208 2279 sicca

125 2327 169 2392 ‘et
185 2318 300 2393 solida
315 2320 425 2396 diaeta
448 2347 496 2397 ex
514 2324 681 2400 carnibus
704 2325 790 2399 assis
814 2335 852 2399 et
877 2321 1056 2399 similibus
1074 2316 1209 2396 rebusr
1257 2344 1277 2432 ,⁵

125 2427 169 2504 in
193 2431 330 2507 morbis
354 2435 512 2533 putridis
538 2459 625 2509 vero
662 2437 771 2512 diaeta
794 2436 921 2511 tenuis
951 2457 1001 2508 ex
1028 2425 1208 2526 frugibus,

130 2542 262 2640 pomis,
287 2548 348 2619 &c
374 2549 538 2621 maxime
562 2549 693 2622 idoneo
716 2548 796 2623 erit
848 2542 1076 2621 seridonis
1101 2537 1209 2662 rebus

130 2650 250 2729 fusius
260 2667 383 2755 postea
400 2660 588 2758 agendum
605 2661 684 2747 erit,
697 2660 767 2736 sub
777 2659 886 2733 variis
902 2654 1021 2733 titulis
1033 2647 1208 2727 remedio·

128 2787 214 2840 rum
231 2791 315 2867 quae
330 2770 503 2844 adversus
524 2756 687 2872 singulos
702 2771 888 2855 morbosos
905 2765 1062 2868 corporis
1091 2768 1207 2837 status

128 2877 265 2955 valent.
1197 2920 1200 2927 ·

176 3014 308 3070 mxxv.
339 2997 453 3074 Potui
470 3025 622 3100 quoque
637 3001 896 3103 aegrotantium
915 2992 1094 3094 iniungis
1110 3010 1205 3064 mor·

127 3101 182 3178 bis
199 3128 287 3180 cura
302 3130 377 3182 non
407 3110 497 3186 levis
515 3113 636 3189 dantia
663 3125 729 3202 est,
755 3114 891 3190 scilicet
917 3111 986 3211 'qui
1001 3107 1060 3185 vei
1086 3102 1205 3180 scium

127 3218 375 3294 ventriculum
393 3222 452 3295 vel
482 3235 605 3300 totum
634 3251 765 3326 corpus
791 3216 869 3326 pori
885 3225 1026 3299 ratione
1045 3241 1086 3295 uc
1102 3215 1205 3289 cibus

127 3324 268 3403 sfflocre
300 3343 431 3430 potest.
504 3337 624 3411 Pctus
657 3340 786 3426 omnis,
819 3339 973 3438 origine,
1005 3339 1046 3407 et
1076 3336 1208 3415 natu.m

127 3440 237 3514 etiam
254 3466 323 3541 pro
340 3447 503 3520 maxima
512 3458 625 3546 parte,
643 3475 738 3550 aqua
750 3462 825 3538 est;
842 3472 928 3549 quae
939 3443 1090 3546 quidem
1104 3460 1207 3538 puri,

123 3549 201 3625 sive
216 3553 367 3629 fontana
384 3557 461 3633 sive
478 3558 678 3651 fluviatilis,
698 3563 792 3638 nihil
808 3560 904 3637 male
920 3562 959 3633 in
976 3581 1015 3633 se
1031 3553 1152 3640 habet,
1168 3557 1207 3623 et

123 3662 296 3740 omnibus
311 3670 417 3767 aegris
434 3682 472 3743 et
488 3671 661 3747 omnibus
674 3674 897 3762 ventriculis,
913 3682 1106 3767 utcunque
1117 3661 1207 3743 deii·

124 3775 211 3850 catis
228 3787 341 3877 atque
358 3781 513 3855 infirmis
540 3783 624 3876 (nisi
641 3804 753 3883 prava
777 3782 1044 3860 consuetudine
1066 3771 1208 3875 aliquid

123 3890 256 3963 meraci
281 3895 526 3970 necessarium
551 3894 693 3971 facturn
717 3896 854 3994 fuerit),
890 3905 977 3996 opto
1001 3903 1040 3969 et
1065 3908 1206 3965 ccccm·

124 4001 273 4076 modste
298 4014 363 4081 est.
433 4007 530 4083 Sunt
554 4009 720 4108 profecto
744 4010 875 4085 multis
897 4030 1015 4108 squae·
1030 4027 1124 4103 quoe=
1139 3996 1209 4070 alit

124 4119 234 4211 atque
250 4113 321 4191 niis
338 4122 478 4194 ratione
494 4124 636 4223 corpori
652 4146 783 4207 nocere
798 4132 976 4224 possunt;
1002 4124 1090 4195 sunt
1116 4128 1206 4210 11⁰⁰·

526 4256 528 4261 .
632 4245 700 4309 xe
1184 4258 1188 4265 .
