2678 4794
128 397 220 456 ω’»
237 394 289 451 Π.
403 388 619 449 MEDICINAE
636 388 920 452 THEORE'I'ICAE.
1155 388 1201 457 41

126 600 153 650 a
166 573 360 675 posteriore
384 593 493 647 eausa
507 572 617 662 fiunt,
630 595 652 646 a
667 574 899 663 eonscientia,
916 571 1017 673 apud
1033 574 1203 666 medians,

126 690 299 764 diurntur
316 708 407 761 esse.
1025 722 1030 733 ·

169 820 347 876 cxxxiv.
372 797 511 897 Neque
533 798 581 873 ab
596 799 700 873 omni
724 823 810 874 sane
831 800 997 901 impulsu
1022 801 1061 875 in
1082 826 1209 903 genos

122 936 321 991 nervosum
337 912 383 986 fit
399 935 535 987 sensus.
585 912 645 988 Ut
663 913 874 1001 sentiemus,
891 924 1038 1014 oportet
1054 925 1153 989 oerta
1168 915 1209 988 vi

124 1040 186 1103 aut
200 1029 352 1126 impetu
368 1026 409 1099 in
425 1033 570 1125 partem
587 1048 696 1099 sensu
714 1026 907 1124 praeditam
932 1027 1114 1127 impulsus
1139 1026 1210 1103 fae

125 1149 184 1216 tus
199 1142 258 1215 sit.
310 1139 353 1212 A
375 1136 513 1212 leviore
541 1138 643 1215 enim
672 1138 849 1237 impulsu,
878 1163 1005 1216 sensus
1033 1141 1210 1215 obscurus

128 1264 192 1329 aut
206 1253 318 1352 plane
344 1251 473 1326 nullus
488 1262 566 1337 est3
596 1250 643 1325 ab
671 1251 838 1350 impulsu
867 1264 993 1328 autem
1009 1254 1132 1327 multo
1147 1277 1210 1327 ve·

130 1365 367 1452 dementiore,
381 1362 487 1439 dolor
502 1365 557 1453 fit,
575 1366 654 1439 sine
667 1363 744 1438 ullo
760 1363 935 1439 distincto
951 1389 1082 1451 sensu;
1107 1365 1209 1464 quod

134 1478 163 1552 si
190 1475 369 1577 impulsus
397 1478 553 1551 demum
570 1477 917 1553 vehementissimus
946 1478 1068 1567 fuerit,
1093 1488 1211 1553 tanta·

132 1613 205 1689 que
222 1590 278 1663 vis
293 1591 388 1689 parti
405 1591 578 1665 sentienti
607 1590 709 1664 illata
723 1588 846 1678 fuerit,
875 1600 921 1664 ut
939 1592 1068 1691 organi
1096 1592 1212 1692 ipsius

127 1702 260 1778 labdon
276 1702 444 1791 laedatur‚
461 1712 545 1778 tum
563 1713 692 1803 stupor
708 1704 783 1777 fere
799 1704 927 1778 oritur.

146 1864 152 1876 ·
173 1838 331 1892 cxxxv,
356 1815 494 1915 Neque
510 1816 695 1917 perbrevis
710 1815 894 1916 impulsus
917 1819 996 1892 sive
1011 1819 1213 1916 impressio,

73 1932 77 1939 '
129 1928 297 2028 quainvis
314 1928 481 2026 alioquin
495 1930 581 2004 satis
596 1929 808 2018 vehemens,
825 1930 1044 2006 distinctum
1062 1953 1212 2006 sensum

130 2040 261 2129 effleit3
286 2042 469 2116 nimirum
498 2043 546 2116 ad
561 2067 676 2142 quern
693 2044 871 2142 temporis
887 2042 1049 2143 aliquod,
1077 2053 1115 2118 et
1132 2043 1213 2118 diu·

130 2156 283 2229 turnitas
299 2155 474 2254 quaedam
490 2155 747 2254 impressionis,
763 2156 1213 2255 requirantur—Doceat

131 2290 284 2368 oorpora,
310 2283 350 2341 et
367 2268 521 2366 quidem
539 2269 625 2342 satis
653 2292 800 2366 magnae
817 2269 935 2356 molis,
960 2279 1064 2344 tanta
1081 2267 1216 2343 veloci·

133 2388 207 2454 tate
232 2391 345 2469 moto,
375 2391 421 2455 ut
436 2382 597 2479 conspici
613 2380 938 2477 nequeant—Par
954 2403 1106 2478 quoque
1122 2381 1216 2452 ratio

136 2501 190 2565 est
216 2490 420 2567 multorum
449 2491 632 2577 dolorum,
665 2515 759 2589 quos
775 2491 1069 2593 praestigiatores
1098 2489 1216 2564 solent

137 2603 325 2691 exhibere;
349 2606 488 2705 quibus
505 2604 733 2691 hominibus,
749 2601 928 2689 Auianio,
953 2613 991 2676 et
1009 2601 1114 2698 quasi
1131 2601 1218 2675 artis

137 2719 247 2792 totius
274 2718 575 2805 fundamentum,
603 2740 681 2792 esse
697 2714 800 2803 solet,
830 2729 978 2791 motum
996 2715 1079 2790 visu
1096 2712 1218 2788 multo

136 2831 456 2907 esseveloeiorem.
928 2818 930 2823 ¹

178 2966 356 3019 cxxxvl.
382 2943 558 3017 Cessante
574 2966 663 3017 vero
688 2942 864 3042 impulsu,
892 2929 1110 3042 subldta'tque
1135 2941 1219 3016 ideo

138 3066 289 3130 extenta
306 3079 436 3131 sensus
453 3080 570 3144 eausa,
599 3056 678 3154 ipse
694 3057 761 3154 qui
777 3056 963 3131 excitatur
991 3074 1129 3150 sensus,
1154 3078 1220 3152 per

141 3165 295 3266 aliquod,
312 3169 486 3267 quamvis
498 3170 694 3268 exiguum,
711 3169 889 3269 temporis
903 3168 1075 3269 spatium,
1089 3168 1220 3241 durare

141 3277 412 3355 solet-Dooet
428 3279 586 3356 circulus
601 3280 808 3369 flammeus,
833 3306 949 3380 quem
960 3278 1220 3377 oonspicimus

140 3393 297 3492 stupida
313 3394 499 3468 rotatione
514 3393 635 3468 baculi
652 3394 823 3468 ardentis.

183 3528 374 3581 cxxxvn.
406 3505 541 3583 Sensus
570 3516 697 3582 autem
725 3530 803 3581 non
830 3504 923 3583 adeo
948 3514 1005 3579 est
1028 3528 1222 3604 corporeus

141 3619 227 3714 quin
253 3618 422 3693 multum
452 3620 613 3718 pendeat
641 3644 664 3692 a
692 3630 790 3693 statu
808 3617 955 3692 mentis.
1007 3616 1093 3691 Hac
1121 3618 1222 3691 enim

141 3727 213 3804 aliis
230 3731 341 3805 rebus
369 3743 558 3832 occupata,
588 3731 771 3830 impulsus
789 3731 874 3804 satis
890 3730 1005 3804 validi
1031 3731 1070 3803 in
1088 3728 1224 3827 orgfina

143 3862 313 3916 sensuum
331 3842 429 3932 faeti,
446 3847 523 3929 vix,
541 3853 608 3918 aut
623 3868 673 3919 ne
688 3845 755 3918 vix
772 3843 937 3942 quidem,
947 3843 1222 3941 'percipiuntur

140 3951 287 4042 Contra,
305 3957 336 4028 si
352 3957 468 4054 probe
483 3959 652 4031 animum
683 3956 923 4043 attendimus,
949 3953 1126 4054 neglectis
1143 3953 1224 4024 vix-

146 4087 215 4162 que
230 4069 413 4167 perueptis
428 4069 668 4169 gravioribus,
693 4070 897 4146 levissimos
922 4092 1018 4167 saepe
1041 4063 1225 4163 impulsus

145 4172 243 4252 facile
257 4182 444 4279 percipere
459 4206 665 4281 possumus.

191 4313 397 4370 cxxxvul.
416 4294 503 4370 Hoc
515 4305 561 4370 ut
578 4296 728 4374 videtur
742 4296 997 4380 fundamento,
1014 4283 1224 4385 magnati]-
