2678 4794
127 253 215 313 cna.
232 252 331 307 xxx.
439 248 660 305 nnmerum
686 250 975 308 annonariam.
1135 241 1206 310 383

127 440 219 517 tam,
243 427 403 514 effeetus,
430 451 525 526 saepe
552 428 706 503 aoausis
723 429 831 504 valde
847 430 1011 518 diversis
1038 450 1211 505 nonnun-

129 566 246 642 quam
269 539 376 638 plane
400 540 597 627 contrariis,
623 540 731 626 oriri;
769 551 996 640 tantumque
1022 543 1147 617 abesse
1168 552 1215 616 ut

130 654 284 729 effectus
309 675 451 750 semper
467 675 534 749 pm
560 661 637 725 rata
666 661 769 750 parte
791 654 1010 753 respoudeat
1025 654 1216 754 magnitu-

127 765 207 841 dini
223 787 350 850 oausae,
377 775 420 839 ut
450 787 546 862 saepe
574 763 751 861 amajore
773 790 882 841 musa
905 765 1058 842 effectus
1083 768 1217 855 minor,

128 877 319 953 interdum
336 901 468 963 novus,
492 878 936 976 nonnunquamuemum
952 879 1060 954 solito
1076 891 1216 954 oontra-

127 991 216 1078 rius,
234 990 312 1064 fiat.
433 1056 435 1059 ,

176 1123 336 1177 ircnxn.
359 1101 484 1176 Missis
501 1101 620 1202 igitur
635 1102 851 1201 hujusmodi
868 1103 1094 1202 ambagibus,
1111 1103 1215 1178 dere

128 1214 221 1289 adeo
237 1213 391 1288 obscura
407 1224 521 1313 atque
537 1215 663 1289 inutili
679 1239 721 1288 ae
737 1216 868 1290 modus
890 1228 946 1291 est
962 1240 1038 1314 quo
1055 1215 1219 1289 remedia

74 1395 77 1397 ,
128 1324 356 1409 stimulantis
373 1349 507 1424 corpus
521 1327 698 1413 excitent,
717 1328 834 1426 magis
851 1352 873 1400 a
889 1351 928 1401 re
944 1338 1068 1402 nostra
1083 1328 1153 1401 erit
1169 1325 1217 1401 ad

128 1435 280 1512 effeetus
296 1463 389 1536 quos
407 1436 598 1513 manifeste
611 1450 791 1537 praestant
808 1440 951 1513 animos
967 1439 1167 1514 attendere.
1272 1444 1279 1459 ‘

179 1572 353 1626 nciam.
370 1550 561 1648 Principio
576 1551 693 1651 igitur
708 1550 982 1626 observandum
995 1551 1216 1638 essmultas

128 1685 196 1751 res,
221 1687 309 1738 cum
334 1662 603 1736 medicamenta
627 1672 711 1737 tum
728 1687 880 1762 quoque
902 1674 942 1738 et
958 1662 1027 1737 alia
1042 1663 1215 1750 remedia,

127 1776 262 1850 vitam
289 1773 482 1848 manifeste
506 1773 720 1849 stimulante
743 1775 889 1874 pollere,
915 1786 960 1850 ut
976 1774 1036 1848 vel
1061 1798 1150 1848 sano
1173 1784 1213 1847 et

126 1887 273 1986 integro
289 1887 440 1984 eorpori,
457 1885 518 1959 vel
536 1887 701 1962 musculo
718 1889 835 1963 cuivis
846 1889 927 1986 jam
944 1897 1120 1988 separato,
1149 1885 1214 1960 sed

128 2001 247 2075 vitam
264 2012 303 2073 et
320 2000 397 2073 vim
416 2024 519 2074 suam
537 2000 776 2075 contrahendi
792 2001 926 2102 adhuc!
937 2000 1123 2086 retinenti,
1150 1997 1214 2071 ad·

128 2121 240 2199 mota,
269 2111 558 2187 contractionem
589 2111 752 2209 aliquam
777 2113 817 2185 in
834 2113 999 2211 partibus
1016 2136 1108 2212 quas
1131 2133 1216 2184 eon-

128 2225 284 2324 tingunt
310 2225 434 2298 statim
464 2224 640 2297 excitent.
691 2225 796 2309 Quin
824 2234 862 2297 et
891 2225 1019 2299 eadem
1053 2223 1216 2297 remedia

127 2359 243 2411 nervo
259 2336 326 2434 qui
343 2334 554 2409 musculum
571 2335 742 2431 quemvis
759 2334 840 2408 adit
856 2335 1015 2420 admota,
1042 2334 1142 2431 huno
1168 2333 1216 2405 ad

126 2460 274 2525 motum
291 2449 389 2522 cient
407 2451 522 2540 (exn,
539 2457 578 2520 et
595 2453 710 2544 seqq.)
725 2475 733 2530 ;
759 2456 798 2518 et
814 2445 992 2519 nonnulla
1006 2467 1135 2518 eorum
1152 2466 1216 2515 ne·

128 2584 205 2660 que
222 2561 386 2636 musculo
412 2583 536 2657 neque
552 2581 667 2631 nervo
686 2557 775 2654 ¹ejus
792 2555 951 2642 admota,
978 2555 1042 2628 sed
1053 2617 1054 2620 ,
1066 2563 1215 2628 tantum

129 2674 171 2747 in
187 2672 332 2748 cerebro
347 2672 506 2771 agentia,
536 2670 741 2770 plerosque,
758 2669 819 2742 vel
835 2691 963 2743 omnes
980 2667 1110 2753 forsan,
1129 2689 1216 2739 ⁴cor·

129 2785 228 2886 poris
244 2784 429 2861 musculos
456 2783 625 2859 similiter
650 2780 826 2855 afficiunt
890 2778 1122 2878 Hujusmodi
1148 2801 1215 2865 res,

126 2920 175 2972 ex
191 2897 309 2995 prima
325 2923 400 2983 sua,
427 2908 472 2970 ut
488 2896 648 2982 videtur,
677 2895 831 2980 actione,
861 2893 1023 2967 remedia
1038 2915 1125 2967 vere
1152 2891 1215 2965 sti·

126 3008 309 3084 mulantia
338 3033 413 3082 non
447 3009 634 3082 immerito
663 3006 788 3081 haberi
822 3016 1002 3105 possunt;
1045 3004 1215 3104 quamvis

128 3121 241 3194 etiam
260 3120 398 3218 majore
415 3145 527 3219 quam
545 3145 611 3219 par
635 3139 730 3195 esset
745 3121 849 3218 eopia
865 3120 961 3206 data,
990 3129 1056 3193 aut
1072 3116 1215 3216 corpori

127 3243 260 3332 praeter
276 3233 428 3307 solitum
446 3233 720 3331 quodammodo
738 3257 776 3306 se
790 3232 940 3306 habenti
953 3230 1111 3314 admota,
1129 3252 1214 3302 oon·

126 3345 275 3419 trariam
304 3345 381 3418 vim
409 3344 593 3442 possidere
611 3345 820 3432 videantur,
846 3355 1047 3439 motusque
1074 3364 1213 3414 sensus-

127 3480 202 3554 que
218 3457 416 3554 reprimere
433 3467 546 3554 atque
562 3456 691 3554 sopire.
988 3467 989 3470 ’

176 3588 344 3642 ncnxrv.
362 3567 462 3641 Aliae
479 3593 566 3641 vero
583 3591 649 3655 res,
667 3593 826 3668 quarum
844 3579 975 3643 natura
992 3575 1030 3641 et
1047 3590 1211 3643 eommu-

126 3679 184 3754 nis
209 3679 363 3754 effectus
391 3690 446 3754 est
464 3678 523 3752 vel
549 3703 696 3755 sensum
727 3683 846 3780 sopire
863 3690 1085 3778 motumque
1102 3680 1211 3777 repri-

125 3813 236 3878 mere,
249 3791 310 3864 vel
321 3818 406 3890 quae
419 3790 548 3864 saltem
563 3792 730 3869 musculo
744 3793 862 3869 cuivis
874 3793 1043 3877 admota,
1057 3790 1210 3874 blanda,
1248 3839 1250 3844 -

126 3911 164 3976 et
180 3903 285 3977 omni
303 3901 454 3977 stimulo
467 3914 505 3977 et
522 3904 717 3976 acrimonia
731 3927 869 3990 vacua,
887 3904 1070 3986 videntur,
1085 3913 1209 3975 tamen

125 4009 224 4094 haud
240 4039 322 4089 raro
352 4017 557 4113 (utcunque
569 4015 719 4088 obscura
736 4015 829 4089 ratio
846 4013 928 4090 talia
953 4015 1005 4089 rei
1023 4014 1208 4104 videatur)

125 4137 248 4202 motus
265 4150 380 4201 novos
397 4137 435 4201 et
453 4128 538 4204 satis
556 4125 700 4202 vividos
716 4127 892 4201 excitant.
