2678 4794
133 321 215 377 oar.
231 319 285 375 rr.
416 313 638 375 aramenus
657 320 945 378 rusonsrrcm.
1157 314 1206 391 47

132 523 214 575 cum
230 498 268 574 in
284 498 391 574 variis
408 499 630 588 hominibus,
651 496 737 574 tum
766 500 806 573 in
823 499 964 590 iisdem,
980 501 1089 577 variis
1112 512 1203 579 tem·

129 612 282 711 poribus.

174 747 273 799 eurr.
301 724 467 824 Insignis
484 748 644 823 quoque,
669 733 708 798 et
723 723 798 799 fere
817 725 1050 815 incredibilis,
1075 741 1132 802 est
1147 729 1204 803 vis

84 834 88 841 ’
125 838 399 912 consuetudinis
428 838 469 911 in
496 837 706 937 voluptates
739 848 805 912 aut
841 837 1022 914 molestias
1055 863 1205 927 sensum

125 950 254 1050 exigua
271 961 400 1026 autem
417 951 458 1023 in
475 960 621 1023 sensum
638 951 773 1050 ipsum,
797 963 837 1026 et
861 952 962 1028 nulla
986 955 1139 1027 omnino
1163 956 1204 1028 in

126 1064 394 1163 perceptionem
429 1061 617 1160 qualitatis
648 1063 701 1135 rei
733 1075 896 1139 extemae
929 1090 1041 1164 quam
1075 1089 1205 1140 seusus

126 1177 298 1275 suggerit
362 1174 488 1248 Nemo
517 1174 614 1247 enim
645 1197 764 1263 sanus,
794 1175 854 1250 vel
882 1189 1013 1251 natura
1041 1177 1103 1252 vel
1128 1178 1205 1253 ulla

128 1286 401 1375 cousuetudine,
431 1287 569 1360 durum
587 1310 654 1383 pro
670 1286 785 1374 molli,
814 1297 880 1361 aut
896 1288 1048 1364 rubrum
1067 1315 1134 1388 pro
1148 1292 1204 1365 vi·

130 1399 208 1486 ridi,
224 1409 294 1472 aut
310 1397 378 1472 mel
391 1423 461 1498 pro
473 1396 670 1484 absinthio,
686 1398 1071 1500 autabainthiumpro
1084 1403 1204 1493 melle,

130 1512 313 1611 percipere
325 1520 469 1610 potest:
495 1511 665 1608 quamvis
680 1508 739 1583 vel
752 1510 928 1610 singulari
945 1514 1103 1612 corporis
1119 1539 1204 1590 con-

129 1622 329 1711 stitutione,
345 1618 406 1700 v'el
423 1623 575 1697 demum
592 1621 667 1696 sola
682 1625 963 1712 consuetudine,
981 1628 1204 1704 amarissima

126 1734 189 1810 ista
204 1736 321 1811 herba
337 1737 539 1835 Hymettio
557 1735 663 1810 melle
678 1738 817 1835 gratior
832 1746 871 1810 et
893 1735 1097 1836 jucundior
1118 1765 1204 1839 gus-

127 1850 177 1925 tui
191 1846 275 1924 fieri
291 1851 417 1949 possit.

170 1984 260 2038 etv.
288 1963 475 2050 Quamvis
503 1988 629 2039 sensus
656 1962 823 2063 plerique
848 1962 934 2064 plus
958 1965 1084 2040 minus
1108 1966 1206 2065 grati

128 2074 205 2162 sint,
222 2085 351 2149 tamen
368 2099 444 2149 non
462 2089 518 2149 cst
534 2077 758 2175 negandum,
785 2078 930 2178 insigne
946 2103 1008 2153 eos
1024 2080 1121 2153 inter
1137 2079 1205 2154 hac

127 2186 223 2261 dere
239 2187 440 2263 discrimen
456 2189 689 2276 intercedere,
714 2201 753 2264 et
779 2188 867 2265 alios
887 2203 1018 2267 natum
1034 2193 1108 2266 fere
1125 2215 1206 2266 um-

129 2299 232 2374 nibus
247 2300 463 2375 hominibus
489 2325 565 2375 esse
589 2304 825 2401 gratissimos,
850 2303 938 2378 alios
954 2303 1062 2377 valde
1085 2306 1206 2403 ingre„

130 2419 195 2497 tos,
218 2411 417 2487 nonnullos
432 2413 583 2488 demum
612 2412 704 2487 adeo
728 2414 991 2500 indifferentes,
1016 2425 1061 2487 ut
1084 2440 1207 2514 neque

132 2521 356 2622 voluptatem
383 2548 506 2624 neque
535 2522 741 2598 molestiam
771 2522 883 2597 ullam
911 2522 1013 2596 dent.
1063 2525 1208 2623 Hujus·

133 2635 230 2709 modi
246 2659 417 2712 sensuum
435 2635 689 2714 discriminum
707 2634 802 2709 ratio
818 2633 920 2708 nulla
936 2634 1112 2711 hactenus
1129 2636 1209 2710 red-

131 2746 204 2822 dita
220 2759 285 2825 est
1024 2812 1027 2817 .

173 2874 280 2938 etvr.
306 2862 381 2938 Est
395 2864 584 2964 quoddam
598 2873 722 2938 tamen
737 2861 895 2950 novisse,
912 2863 1209 2963 unumquodque

131 2972 197 3048 fere
213 2999 390 3051 sensuum
407 3000 537 3077 genus,
562 2975 624 3051 vel
639 2985 787 3075 gratum
812 2998 900 3064 esse,
930 2975 991 3051 vel
1007 2978 1209 3076 ingratum,
1320 3029 1323 3033 .

131 3096 254 3163 natura
281 3087 362 3185 ejus
388 3089 441 3163 nil
466 3099 621 3176 mutata,
647 3089 850 3163 secundum
880 3090 995 3187 ipsius
1010 3091 1209 3164 vehemen-

132 3198 225 3276 tiam.
287 3200 427 3276 Nullus
456 3203 557 3276 enim
587 3201 715 3276 existit
744 3225 871 3278 seusus
895 3203 988 3276 adeo
1006 3201 1209 3300 jucundus,

132 3311 217 3406 quin
246 3311 346 3386 ultra
374 3313 530 3388 modum
555 3314 732 3402 intensus,
757 3316 927 3414 ingratus
951 3313 1094 3400 evadat,
1119 3336 1210 3387 non-

131 3442 321 3523 nunquam
338 3423 413 3498 fere
430 3424 678 3500 intolerabilis.
728 3425 783 3500 Et
812 3435 939 3500 contra
954 3426 1118 3513 omnino,
1144 3427 1211 3524 qui

132 3545 266 3624 natura,
292 3536 474 3635 solitaque
490 3537 735 3628 vehementia,
752 3539 919 3615 multum
935 3538 1144 3628 offendunt,
1160 3539 1210 3613 le-¹

132 3646 243 3721 riores
259 3647 359 3734 facti,
384 3649 589 3724 tolerabiles
618 3675 713 3750 saepe
737 3651 846 3740 liunt,
871 3662 910 3726 et
933 3652 1124 3727 interdum
1148 3653 1210 3726 ad-

133 3760 281 3836 modum
294 3760 467 3860 jucundi

175 3894 299 3948 cnvrr.
328 3874 406 3946 Par
419 3874 496 3948 fere
507 3875 602 3949 ratio
615 3883 671 3949 est
688 3874 791 3973 quod
806 3875 919 3951 multi
936 3899 1072 3963 sensus,
1089 3875 1210 3974 primo
1224 3950 1230 3958 ,

136 3987 230 4078 grati,
264 3984 448 4060 delectare
472 3997 623 4076 cessent,
659 3988 690 4061 si
720 3989 852 4087 sapius
881 3988 1028 4086 repetiti
1061 3987 1210 4069 fuerint,

137 4098 297 4189 quamvis
314 4121 461 4196 semper
476 4098 641 4196 ejusdem
659 4109 801 4174 naturae
817 4112 855 4176 et
870 4099 1116 4174 vehementiae
1131 4096 1215 4180 fue-4
1329 4152 1337 4160 .

138 4204 211 4297 rint,
227 4221 417 4309 quantum
433 4212 549 4309 ipsam
565 4212 844 4313 impressionem
861 4212 1019 4296 attinet;
1043 4220 1082 4285 et
1097 4202 1210 4280 multi
1261 4247 1263 4250 -
