2694 4792
124 334 198 408 388
542 347 795 404 comesuros
995 344 1085 402 cur.
1105 349 1212 407 xxm

129 537 299 616 novetur,
324 550 446 627 neque
474 529 563 628 ipsae
578 551 644 628 per
668 522 898 601 stimulantis
913 522 1077 599 remedia
1093 527 1216 602 nervis

132 641 279 714 admota
295 637 481 715 tollantur.

182 775 385 828 mcnxxrv.
410 753 538 840 Porro,
563 752 611 826 ad
627 749 873 825 renovandam
890 759 956 823 aut
980 751 1214 830 reficiendam

133 865 312 940 movendi
336 862 549 939 facultatem
583 862 759 939 fibrarum
796 860 1095 956 musoulosarum
1128 890 1215 968 quae

135 1002 231 1078 saepe
247 975 383 1064 deficit,
407 1000 494 1051 cum
523 976 563 1050 in
592 975 637 1050 iis
653 971 830 1050 musculis
846 974 911 1073 qui
928 973 1126 1054 voluntatis
1145 980 1213 1053 im-

134 1090 238 1188 perio
252 1087 509 1187 subjiciuntur,
535 1097 619 1162 tum
648 1110 799 1186 quoque
823 1086 863 1160 in
887 1086 931 1160 iis
947 1088 1115 1185 partibus
1131 1114 1214 1190 quar

135 1201 248 1299 hujus
276 1202 476 1302 imperium
505 1223 579 1274 non
597 1209 813 1300 agnoscunt,
842 1198 959 1275 veluti
984 1201 1024 1274 in
1049 1202 1212 1303 paralysi,

134 1322 201 1386 aut
217 1310 379 1413 generali
394 1323 460 1389 aut
476 1311 709 1412 quarundam
725 1321 874 1389 tanturn
891 1312 1065 1412 partium,
1088 1317 1211 1390 stimu-

135 1423 249 1500 lantia
274 1424 436 1500 remedia
463 1448 551 1500 cum
567 1424 765 1524 pnrdentia
779 1422 953 1514 adbibita,
981 1435 1021 1500 et
1047 1428 1134 1502 satis
1149 1427 1211 1503 diu

136 1537 362 1626 continuata,
379 1558 475 1636 saepe
490 1535 657 1612 multum
672 1545 838 1637 prosunt,
854 1546 893 1611 et
908 1535 1107 1638 aliquando
1123 1564 1210 1614 mor-

136 1649 228 1725 bum
246 1650 395 1749 penitus
420 1648 570 1724 tollunt.
619 1648 708 1724 Hoc
722 1657 849 1724 autem
865 1673 941 1739 non
966 1661 1136 1727 constans
1151 1662 1212 1727 aut

137 1773 361 1862 perpetuum
377 1786 455 1839 esse
471 1761 557 1836 satis
573 1784 758 1860 superque
772 1772 906 1836 notum
922 1771 999 1837 est:
1016 1765 1121 1863 quod
1136 1788 1211 1865 pro

137 1875 235 1949 fecto
258 1875 313 1949 nil
337 1874 487 1959 mirum,
511 1896 630 1971 quum
655 1872 839 1972 paralysis,
864 1897 938 1949 non
964 1899 1067 1951 secus
1091 1900 1134 1951 ac
1156 1875 1212 1950 ‹le›

133 1984 252 2058 fectus
268 2002 404 2070 sensus,
433 1991 512 2057 tam
536 2007 632 2083 saepe
656 1985 775 2059 oritur
798 2009 820 2059 a
844 1985 960 2061 causis
984 1985 1046 2060 vel
1070 2012 1211 2089 prorsus

133 2094 220 2180 fixis
235 2105 275 2171 et
297 2094 640 2185 immedicabilibus,
664 2096 726 2171 vel
742 2121 825 2196 quae
850 2097 979 2173 saltem
997 2123 1064 2198 per
1087 2101 1211 2175 stimu-

136 2207 250 2282 lantis
265 2207 428 2282 remedia
444 2207 549 2284 nullo
564 2208 678 2284 modo
694 2207 774 2283 tolli
791 2221 955 2309 possunt.

187 2343 364 2398 menxxv.
394 2322 498 2398 Citrn
521 2343 610 2397 vero
633 2320 816 2422 pamlysin
841 2319 901 2396 vel
925 2322 1131 2423 generalem
1153 2321 1213 2396 vel

134 2433 338 2532 specialem,
362 2434 523 2509 actiones
550 2433 753 2510 multarum
771 2433 934 2533 partium
964 2435 1066 2535 (quae
1088 2457 1212 2510 omnes

135 2545 286 2620 forsitan
315 2568 451 2645 magna
476 2544 605 2620 saltem
621 2567 669 2620 ex
698 2555 802 2644 parte
825 2554 1056 2644 permotum
1071 2570 1212 2623 muscu-

135 2656 257 2732 lorum
273 2658 386 2757 fiunt)
410 2657 591 2758 languent
606 2669 673 2734 aut
698 2656 807 2757 plane
822 2656 1011 2747 deliciunt,
1037 2683 1115 2735 non
1139 2659 1212 2734 sine

135 2791 273 2866 magno
288 2770 526 2864 incommodo
540 2782 605 2846 ant
635 2769 804 2869 periculo
857 2769 948 2846 Tale
963 2772 1099 2848 vitium
1117 2769 1213 2845 baud

136 2901 217 2952 ram
244 2879 363 2954 oritur
379 2880 475 2955 vela
502 2891 649 2982 torpore
672 2881 797 2982 aliquo
820 2883 933 2982 partis
956 2883 1080 2984 ipsius,
1108 2881 1166 2956 rel
1189 2904 1214 2954 a

135 2989 282 3066 deiectu
298 2991 397 3066 soliti
414 3002 453 3067 et
477 2992 651 3069 naturalis
667 2993 819 3082 stimuli,
844 2994 1003 3094 ideoque
1018 3018 1081 3096 per
1096 3017 1214 3068 reme·

138 3100 199 3175 dia
233 3102 462 3180 stimulantis
485 3106 627 3204 optime
664 3115 702 3181 et
730 3105 977 3182 efficacissime
1012 3106 1214 3208 corrigitur,

136 3213 314 3290 nimirum
332 3240 418 3315 quoe
433 3239 499 3316 per
527 3240 639 3292 suurn
665 3217 840 3294 effectum
868 3219 1076 3317 generalem
1094 3228 1213 3294 totum

137 3349 269 3425 corpus
292 3327 525 3427 aliquantum
542 3331 717 3418 excitant,
742 3340 782 3405 et
796 3330 1041 3407 mobilitatem
1057 3331 1213 3431 aliquam

135 3438 301 3533 partibus
317 3442 429 3514 etiam
446 3441 610 3516 maxime
626 3443 857 3542 torpentibus
873 3444 1080 3533 conciliant,
1108 3445 1214 3520 ethis

134 3549 299 3644 partibus
312 3550 462 3627 adrnma
473 3554 648 3630 naturalis
664 3555 818 3645 stimuli,
834 3580 1060 3657 quacunque
1071 3557 1121 3633 de
1137 3580 1215 3632 cau·

136 3682 174 3763 sa
190 3658 403 3752 deficientis,
421 3665 501 3740 vioe
517 3665 738 3767 funguntur.

184 3792 378 3848 Mcnxxvr.
416 3777 505 3852 Hoc
528 3779 641 3853 modo
677 3795 807 3854 omnes
830 3779 907 3855 fere
930 3782 1150 3857 secretiones
1180 3790 1215 3855 et

134 3885 359 3960 excretiones
387 3900 454 3962 aut
482 3888 693 3965 deficientes
710 3914 926 3991 promovere
950 3903 989 3968 et
1015 3895 1216 3978 restituere,

134 3994 263 4069 autad
289 3991 442 4099 libitum
457 4002 619 4076 excitare
634 4014 672 4076 et
688 4026 825 4104 augere
840 4029 1048 4103 possumus,
1075 4030 1143 4106 per
1159 4007 1217 4081 sti·

133 4103 314 4181 mularrtia
330 4111 492 4186 remedia
520 4113 591 4188 rite
618 4113 791 4191 adbibita.
842 4117 930 4191 Pari
946 4117 1061 4192 etiam
1078 4120 1218 4193 ratione

132 4215 264 4294 idonea
286 4223 449 4297 remedia
473 4224 700 4303 snmunntia
732 4230 840 4305 certis
871 4231 1039 4331 partibus
1065 4232 1214 4307 admota
