2678 4794
180 301 253 379 526
576 304 830 369 oonsracrns
978 303 1067 361 oar.
1086 304 1270 365 xxxvnr.

182 501 356 582 uruntur,
372 489 433 566 vel
446 489 600 565 demum
613 510 724 560 muco
739 483 851 557 nimis
868 481 983 581 spisso
995 490 1035 556 et
1047 491 1184 577 tenaoe
1192 511 1270 587 gra.

183 618 331 695 vantur,
356 601 474 703 qualis
503 598 719 674 difficillime
744 620 811 695 per
838 596 971 669 tussim
990 595 1070 687 (nc,
1095 607 1139 671 et
1154 609 1267 698 seqq.)

184 719 268 818 ejici
284 718 408 817 possit.
458 712 559 789 Aliae
574 719 749 809 preterea
765 732 832 795 res,
857 702 976 781 veluti
993 710 1160 807 sanguis,
1189 736 1266 812 put,

186 855 294 929 aqua,
310 832 373 903 &c
391 827 430 900 in
448 822 625 923 pulmone
641 818 882 896 accumulata
909 830 976 893 aut
1003 819 1146 911 effusae,
1172 825 1265 899 simi·

186 941 272 1018 liter
283 965 325 1016 ac
336 938 448 1014 nimis
463 935 631 1034 copiosus
647 943 714 1008 aut
729 932 921 1007 morbosus
937 955 1083 1023 mucus,
1101 946 1192 1010 sunt
1206 961 1265 1011 ex-

185 1053 388 1136 screandae3
420 1059 457 1124 et
473 1047 592 1122 morbi
609 1044 763 1145 quidam
780 1043 846 1119 tali
861 1045 1114 1122 exscreatione
1131 1049 1265 1147 optime

188 1165 392 1269 solyuntur.

238 1296 411 1351 nnxxru
435 1272 503 1350 Nil
519 1271 656 1347 mirum
674 1268 800 1371 igitur,
825 1268 986 1345 medicos
1002 1269 1091 1345 talia
1109 1273 1265 1349 remedia

187 1397 406 1486 quaerentes,
430 1384 550 1459 multa
567 1383 834 1458 medicamenta
850 1382 920 1458 boc
935 1383 1089 1458 oonsilio
1116 1385 1265 1462 adbibu-

187 1499 270 1573 isse.
320 1497 456 1575 Omnia
487 1520 583 1584 vero,
616 1495 752 1594 quibus
780 1518 917 1569 nomen
945 1497 1265 1596 capedoruntinn

42 1635 50 1650 ·
189 1609 381 1708 imponere
396 1607 548 1708 placuit,
573 1607 634 1682 vel
649 1607 853 1682 admodum
879 1608 1043 1706 exiguas,
1068 1607 1145 1698 vel,
1169 1609 1265 1709 quod

190 1722 297 1821 pejus
314 1731 381 1810 est,
398 1719 596 1796 admodum
615 1721 770 1794 incertas
785 1718 1000 1817 hujusmodi
1010 1720 1110 1794 vires
1123 1720 1265 1796 habent

191 1834 373 1927 Nondum
391 1833 491 1905 enim
508 1832 684 1918 consutis.
706 1853 800 1904 num
817 1829 902 1905 ullis
918 1831 1202 1908 medicamentis
1216 1834 1266 1907 sis

192 1944 355 2044 specialis
371 1945 562 2042 contingat
579 1941 822 2041 promovendi
850 1943 1090 2018 secretionem
1118 1957 1189 2021 aut
1210 1967 1266 2018 ex·

192 2055 431 2131 screationem
448 2055 550 2130 muci
574 2079 596 2128 a
622 2053 884 2154 pulmonibus;
908 2066 948 2128 et
963 2055 1198 2132 stimulantis
1211 2079 1266 2158 ge-

191 2165 328 2240 neralia
356 2167 395 2240 in
424 2191 556 2266 corpus
582 2176 728 2266 recepta
755 2165 949 2265 pulmones
975 2166 1079 2243 haud
1108 2169 1268 2245 multum

191 2279 335 2353 afficere
352 2278 492 2365 solent;
518 2289 558 2353 et
581 2279 849 2354 medicamenta
872 2275 934 2351 illa
960 2301 1048 2377 quae
1078 2278 1198 2355 forma
1212 2304 1268 2355 va·

192 2415 327 2490 porum
344 2415 431 2466 cum
445 2391 577 2490 spiritu
591 2389 684 2468 trahi
698 2398 863 2489 possunt,
879 2410 1003 2488 neque
1013 2389 1181 2467 multum
1193 2417 1268 2494 pro

194 2513 292 2590 sunt,
309 2525 432 2602 neque
449 2502 549 2594 (satis
559 2501 761 2576 manifestis
772 2501 819 2583 de,
831 2501 961 2599 causis)
978 2506 1175 2580 communi
1193 2504 1268 2582 usui

194 2616 348 2690 omnino
364 2613 638 2689 accommodata
653 2624 753 2690 sunt.

245 2749 408 2801 sanxxv.
422 2725 486 2800 Ex
495 2726 617 2827 ampla
628 2726 808 2827 farragine
819 2727 1178 2806 medicamentorum
1190 2753 1268 2830 que

194 2837 476 2937 asperimontis
493 2840 636 2915 avariis
651 2839 861 2915 auctoribus
877 2839 976 2914 dicta
992 2852 1095 2931 sunt,
1118 2842 1194 2916 duo
1205 2863 1265 2938 ge·

194 2972 281 3023 nera
314 2951 478 3026 maxime
512 2953 698 3026 eminent:
737 2952 965 3027 stimulantis
992 2955 1176 3038 nimirum,
1201 2975 1266 3026 seu

194 3063 448 3149 attenuantia;
473 3072 512 3137 et
528 3061 762 3149 emollientia,
780 3087 845 3137 seu
861 3062 1117 3153 demulcentis,
1132 3088 1196 3138 seu
1212 3062 1268 3136 in-

193 3172 418 3262 crassantis,
442 3185 487 3250 ut
502 3174 709 3273 pmmiscue
725 3186 913 3252 vocantur.

243 3306 423 3363 sruxxvr.
441 3286 505 3361 Ex
522 3283 810 3374 stimulantibus,
830 3288 1081 3365 efficacissima
1096 3289 1171 3364 fere
1187 3296 1268 3363 sunt

193 3396 292 3470 scilla
320 3398 512 3484 maritima,
540 3397 821 3495 gummi-resina
849 3403 1134 3490 ammoniacum,
1160 3399 1267 3476 ferun

193 3506 433 3606 ossufoetido,
450 3518 488 3581 et
504 3506 654 3582 sonasse
671 3508 862 3585 nicotiana
879 3509 1061 3599 tabacum,
1079 3511 1140 3589 vel
1157 3514 1197 3586 in
1213 3533 1268 3586 ore

175 3640 330 3705 mansa,
353 3617 414 3692 vel
430 3616 535 3693 fumo
563 3621 602 3692 in
630 3620 848 3719 pulmonem
864 3633 1033 3722 recepta;
1057 3625 1125 3699 sed
1156 3623 1269 3698 multa

193 3726 263 3801 alia
279 3728 427 3802 minoris
444 3733 626 3806 momenti
643 3733 815 3819 remedia,
839 3732 956 3810 veluti
982 3760 1091 3810 arum
1117 3735 1270 3812 macula·

192 3848 287 3927 tum,
312 3838 445 3915 hedera
461 3845 649 3930 terrestris,
675 3844 876 3943 erysimum
894 3846 1089 3933 officinale,
1115 3848 1180 3922 iris
1211 3846 1269 3921 llo

192 3953 346 4053 sentina,
362 3955 427 4028 &c
445 3977 529 4029 cum
549 3955 605 4030 his
634 3957 841 4029 enumerari
869 3957 998 4034 solent.
1051 3957 1118 4033 De
1148 3958 1270 4058 hujus·

191 4054 294 4137 modi
312 4064 666 4142 medicamentorum
692 4068 835 4141 actione
851 4069 1025 4145 nonnihil
1041 4071 1143 4146 inter
1160 4070 1270 4147 medi·

192 4198 252 4250 cos
276 4188 456 4266 certatur;
481 4179 544 4254 alii
572 4181 672 4256 enim
702 4177 868 4267 credunt,
894 4181 1076 4281 quicquid
1107 4179 1269 4259 beneficii
