2678 4794
123 405 216 463 cnr.
235 402 333 459 xxv.
382 399 603 456 umbrorum
621 400 908 457 cuuouuercrn.
1133 392 1204 461 315

178 605 242 660 ur.
260 579 354 656 Hoec
369 581 569 677 praesertim
587 579 634 653 de
650 578 732 654 cibo
756 587 922 677 potuque
946 579 1206 676 aegrotantium

124 695 170 769 in
195 693 329 768 morbis
353 693 471 767 acutis
505 691 738 767 observanda.
787 690 904 779 Quod
928 700 1090 764 vetustos
1118 716 1206 766 vero

123 807 270 892 attinet,
296 804 439 904 quique
461 804 562 879 febre
578 802 639 878 vel
662 827 808 902 prorsus
824 810 958 889 carent,
982 800 1107 877 velex
1134 803 1206 878 alio

124 928 238 1016 utque
253 916 427 1015 primario
442 915 540 990 malo
555 915 769 990 febriculam
798 914 982 1014 quandam
1013 914 1207 990 oriundam

126 1029 275 1116 hubent,
300 1027 340 1101 hi
359 1050 455 1127 saepe
471 1027 580 1104 alium
596 1024 706 1126 longe
722 1050 844 1101 curam
861 1024 1060 1125 postulunt,
1081 1050 1208 1123 quum·

126 1142 185 1216 vis
213 1165 299 1215 sune
325 1141 445 1214 mults
471 1139 519 1213 de
542 1139 651 1214 diaetu
668 1140 806 1213 monita
829 1138 978 1235 utrique
995 1139 1207 1213 morborum

127 1253 258 1351 generi
281 1252 493 1326 communia
527 1252 701 1341 existent,
736 1274 857 1350 neque
884 1250 945 1325 hic
969 1251 1085 1350 igitur
1108 1273 1208 1351 repe·

182 1496 263 1549 nm.
289 1472 475 1574 Imprimis
499 1474 616 1574 igitur
639 1475 783 1575 insigne
807 1499 869 1551 eos
893 1475 989 1550 inter
1012 1474 1206 1550 discrimen

126 1585 335 1675 intercedit,
363 1586 466 1686 quod
489 1586 582 1660 dum
606 1588 646 1661 in
670 1588 787 1664 acutis
812 1587 884 1662 eibi
908 1588 1093 1687 appetitus
1117 1587 1209 1661 adeo

126 1697 264 1787 deficit,
288 1707 334 1773 ut
349 1707 473 1774 metus
488 1697 686 1797 aliquando
701 1701 759 1788 sit,
776 1723 824 1773 ne
839 1700 940 1800 aegri,
964 1699 1096 1796 quibus
1113 1723 1208 1774 mor·

130 1809 200 1886 bus
228 1810 459 1909 pepercisset,
484 1810 607 1884 inedia
634 1810 895 1897 absumentum
924 1811 963 1884 in
989 1810 1208 1909 quibusdam

129 1922 291 1997 vetustis
313 1931 451 2008 contra,
485 1925 671 2021 appetitus
696 1925 787 1999 adeo
812 1923 921 2011 valet,
946 1933 990 1998 ut
1006 1921 1209 2022 periculum

128 2056 230 2132 soepe
244 2032 343 2108 bsud
359 2033 442 2108 leve
457 2058 479 2106 a
495 2034 610 2108 nimia
625 2037 782 2135 corporis
799 2035 1031 2134 plenitudine
1048 2035 1114 2119 sit;
1145 2033 1209 2107 sci-

129 2143 220 2220 licet
243 2169 362 2244 quum
387 2156 536 2245 propter
562 2158 733 2221 naturum
752 2147 867 2221 morbi
893 2145 1121 2221 ventriculus
1144 2154 1210 2218 aut

130 2279 208 2332 non
232 2256 384 2346 laborat,
409 2269 474 2333 aut
491 2282 609 2356 quum
638 2259 691 2332 itu
707 2258 866 2330 afficitur
881 2266 926 2330 ut
942 2257 1127 2355 appetitus
1143 2257 1211 2329 mi·

132 2391 205 2445 nus
219 2368 430 2444 infirmetur
446 2394 554 2469 quam
572 2376 733 2468 potestas
749 2369 999 2466 concoquendi
1015 2365 1152 2453 cibum,
1174 2376 1213 2439 et

131 2481 188 2557 sic
210 2480 335 2556 inutili
352 2491 391 2555 et
407 2483 576 2556 nocituro
592 2504 702 2557 onere
729 2491 928 2580 gravatum
954 2487 1021 2554 aut
1048 2476 1213 2562 demum,

134 2615 226 2667 cum
241 2593 425 2692 appetitus
441 2595 576 2692 pariter
592 2603 705 2692 atque
721 2593 908 2668 concoctio
929 2591 1096 2666 ciborum
1119 2588 1214 2662 bene

135 2726 177 2779 se
200 2702 347 2792 habent,
371 2715 410 2781 et
434 2706 494 2792 sic,
520 2706 720 2805 instigante
744 2705 942 2805 praesertim
966 2726 1078 2802 prava
1101 2699 1214 2774 luxus

135 2817 415 2903 consuetudine,
445 2826 592 2893 tantum
611 2816 777 2899 alimenti
793 2819 953 2893 sumitur
969 2827 1007 2891 et
1023 2811 1216 2911 concoqui·

136 2935 198 3001 tur
221 2952 245 3001 u
269 2926 382 3002 debili
399 2938 437 3004 et
452 2930 621 3005 morbido
637 2930 797 3018 homine,
827 2937 1011 3028 quantum
1027 2926 1215 3003 sanissimo

138 3048 178 3112 et
191 3038 417 3115 validissimo
429 3042 614 3142 cuiquam,
631 3043 864 3143 plurimoque
876 3041 1033 3141 eorporis
1043 3037 1215 3115 exercitu-

140 3148 243 3224 tione
265 3154 399 3240 utenti,
424 3153 637 3253 plusquam
655 3155 874 3241 suffecisset3
903 3154 996 3229 dum
1011 3151 1085 3241 ille,
1109 3175 1216 3250 prop·

142 3266 201 3333 ter
223 3264 407 3352 morbum,
432 3276 546 3364 atque
581 3266 846 3356 infirmitatem,
871 3265 936 3341 tuli
960 3266 1049 3340 vitae
1072 3285 1216 3361 genere,

140 3375 377 3472 corporisque
392 3378 575 3475 imprimis
591 3380 861 3466 exercitatione,
889 3378 948 3451 uti
964 3374 1105 3474 nequit,
1129 3397 1217 3471 qua-

139 3481 184 3559 lis
208 3483 286 3559 solu
301 3495 451 3562 tantum
467 3488 540 3562 cibi
565 3511 659 3564 onus
674 3490 859 3566 exbalasse
883 3488 1020 3588 potuit,
1043 3494 1109 3561 aut
1134 3509 1217 3561 con·

137 3595 374 3671 stitutionem
399 3598 447 3671 ab
471 3598 550 3697 ejus
574 3622 673 3674 noxa
688 3601 900 3678 defendisse.
950 3601 998 3675 In
1014 3599 1079 3675 tuli
1102 3597 1219 3698 igitur

137 3717 238 3783 stetu
262 3719 303 3784 et
319 3711 471 3785 vivendi
487 3711 607 3799 modo,
631 3711 686 3786 nil
701 3714 839 3789 mirum
856 3713 886 3787 si
902 3713 1043 3812 primus
1066 3710 1218 3786 morbus

139 3817 381 3920 ingravescat,
398 3834 463 3898 aut
479 3822 569 3897 novi
585 3833 623 3898 et
638 3825 822 3923 graviores
838 3824 954 3900 morbi
970 3823 1153 3899 accedunt.

189 3954 288 4009 um.
316 3935 363 4009 In
381 3935 507 4011 multis
523 3937 660 4012 morbis
675 3936 843 4025 vetustis,
867 3935 984 4011 veluti
1008 3936 1048 4010 in
1073 3932 1219 4032 sungui-

138 4044 198 4118 nis
212 4046 332 4121 nimia
343 4046 579 4136 abundantia,
594 4057 663 4124 out
679 4048 866 4148 sanguinis
882 4046 1083 4147 profluviis,
1095 4041 1218 4143 phthi-

144 4154 189 4244 si,
212 4158 381 4256 Pffllysi,
406 4161 576 4260 podagro,
601 4161 675 4238 alvi
698 4160 818 4250 fluxu,
842 4160 1019 4260 hydrope,
1042 4151 1219 4256 hystorie,

143 4264 1022 4375 “tumnuinsaniuurcinomatemelanoholia,
1031 4260 1219 4371 epilepsia,
