2678 4794
126 348 223 406 cnr.
240 343 327 400 xrv.
426 340 645 398 saumonem
664 344 952 431 runonnrrem.
1136 335 1208 414 129

127 526 228 600 lium
256 543 477 647 organorum
501 520 690 595 muliebris
716 545 835 611 sexus,
860 521 931 595 alia
954 520 1096 608 fabrica,
1122 521 1211 601 alius

126 637 320 712 interdum
337 632 663 737 sangniniscursus
681 643 755 721 est;
782 636 960 708 nimirum
973 636 1040 733 qui
1053 636 1091 707 in
1103 633 1213 710 cellu-

124 748 182 823 las
197 747 377 847 quasdam
394 742 478 819 telae
493 744 692 819 reticulatae
709 746 896 844 (peculiari
914 745 1025 821 modo
1035 771 1057 819 a
1067 746 1210 820 Natura
1244 751 1270 791 '²

126 862 168 935 in
192 861 296 935 hunc
320 857 437 932 finem
462 856 664 953 fabricatas)
688 856 836 945 effusus
874 858 1052 958 copiosior
1077 858 1214 933 scilicet

128 996 194 1073 per
208 971 359 1046 arterias
375 968 524 1044 insolito
541 992 641 1043 more
665 979 815 1066 agentes
839 968 992 1058 delatus,
1018 994 1127 1068 quam
1147 995 1213 1069 per
1261 1004 1271 1025 ⁴

128 1107 250 1217 venas,
266 1106 360 1182 quas
377 1080 547 1157 nonnulli
560 1080 834 1181 quodammodo
846 1083 1046 1181 constringi
1062 1095 1100 1156 et
1112 1108 1210 1157 com-

129 1169 239 1295 pnmi
254 1204 448 1294 putarunt,
465 1194 665 1280 reducitur,
682 1218 741 1268 cas
752 1206 871 1292 partes
885 1195 1072 1282 distendit,
1090 1197 1210 1295 erigit,

130 1307 282 1405 suisque
296 1307 511 1381 muneribus
527 1317 631 1406 aptas
643 1305 788 1397 reddit
777 1319 846 1380 et
858 1306 1023 1394 demum
1038 1332 1105 1381 suo
1118 1320 1210 1381 tem-

133 1442 235 1517 pore,
259 1421 446 1494 contractis
475 1418 653 1518 paulatim
678 1419 757 1492 istis
782 1417 966 1507 cellulis,
957 1443 994 1492 1n
1021 1444 1131 1494 venas
1156 1445 1209 1494 re·

131 1538 314 1630 sumptus,
329 1531 375 1604 ad
389 1556 453 1605 cor
468 1532 672 1606 reducitur.

180 1664 395 1719 ccccxxm.
413 1643 522 1717 Vires
534 1654 660 1719 autem
678 1668 762 1743 quse
779 1646 967 1744 sanguinis
980 1670 1124 1721 cursum
1144 1672 1207 1721 ex-

129 1754 294 1853 pediunr,
320 1764 420 1844 sunt,
445 1756 563 1831 cordis
579 1757 761 1856 imprimis
785 1760 995 1845 contractio,
1021 1785 1106 1856 quae
1130 1783 1210 1832 san-

130 1868 278 1965 guinem
295 1868 435 1967 insigni
450 1866 644 1942 velocitate
671 1870 710 1943 in
728 1871 874 1944 arterias
900 1869 1078 1970 impellit:
1114 1869 1210 1945 mul-

131 1986 209 2053 tum
237 2004 327 2054 vero
353 1979 456 2054 abest
483 1991 529 2054 ut
554 1981 632 2055 haec
658 1983 724 2070 vis,
754 1984 924 2081 quamvis
950 1983 997 2058 ad
1026 1994 1210 2058 extremas

132 2104 245 2190 usqne
272 2092 434 2190 corporis
463 2103 584 2190 partes
610 2095 724 2192 probe
750 2096 938 2182 sentiatur,
968 2096 1125 2171 sufficiat
1162 2096 1209 2170 ad

135 2204 314 2303 sanguinis
331 2213 478 2276 motum
504 2205 823 2302 promovendum:
849 2209 983 2282 docent
999 2209 1127 2307 pulsus
1153 2233 1207 2282 ca-

135 2310 251 2415 lorque
266 2314 481 2390 deficientes
497 2317 535 2389 in
553 2317 701 2391 brachio
716 2319 873 2416 paralysi
890 2318 1031 2392 affecto.

175 2450 384 2503 ccccxxiv
409 2428 528 2503 Juvat
553 2438 727 2526 praeterea
750 2431 847 2503 actio
872 2431 1098 2514 arteriarum,
1131 2451 1208 2502 non

137 2541 234 2615 nodo
248 2540 392 2639 insigni
418 2541 456 2613 vi
480 2540 674 2626 resiliendi,
707 2541 771 2613 sed
787 2542 826 2614 vi
843 2541 988 2639 propria
1005 2538 1209 2614 musculosa

139 2673 168 2723 se
187 2653 507 2728 contrabentium:
536 2653 639 2726 unda
664 2652 890 2751 sanguinise
913 2652 1020 2726 corde
1045 2651 1208 2750 expulsa,

140 2766 430 2864 sanguinemqui
443 2763 572 2862 jamin
585 2765 726 2838 arteriis
739 2765 822 2852 fuit,
839 2764 1021 2864 propellit,
1038 2775 1076 2839 et
1086 2765 1208 2852 simul,

141 2879 299 2971 qnoniam
326 2876 433 2951 fluidi
450 2888 505 2951 est
523 2901 824 2976 quoquoversum
842 2902 1022 2977 premere,
1038 2878 1208 2952 arteriam
1247 2932 1250 2937 -

140 2984 240 3084 ipsam
264 2989 453 3063 distendit.
521 2989 618 3064 Haec
643 2991 818 3066 distentio
841 2990 970 3088 pulsus
999 3001 1065 3079 est,
1094 3015 1207 3089 quem

141 3095 245 3197 digito
258 3102 491 3200 percipimus.
543 3105 705 3177 Arteriae
718 3126 806 3176 vero
824 3102 893 3177 hoc
905 3104 1018 3177 modo
1034 3103 1207 3178 distentae

141 3209 180 3283 sd
194 3214 472 3287 contractionem
500 3212 654 3301 cientur,
678 3237 754 3287 non
781 3237 883 3289 secus
908 3239 949 3289 ac
973 3216 1097 3312 ipsum
1123 3239 1205 3288 cor:

142 3343 325 3423 varumque
349 3326 551 3401 contractio
576 3335 679 3398 tanta
702 3325 896 3400 velocitate
921 3325 1132 3411 absolvitur,
1162 3333 1207 3398 ut

143 3435 464 3535 exiguumomnino
475 3438 725 3536 distinguatur
737 3437 969 3512 intervallum
982 3438 1078 3510 inter
1089 3437 1208 3531 ictum

145 3548 250 3636 cordis,
275 3551 336 3624 vel
352 3575 438 3649 quae
454 3551 621 3649 proxima
638 3559 693 3622 est
708 3551 850 3623 arteriae
866 3547 1054 3636 carotidas,
1071 3558 1110 3622 et
1126 3546 1207 3647 pul-

147 3676 209 3734 tum
223 3663 261 3735 in
277 3664 522 3737 remotissima
538 3663 697 3761 corporis
714 3674 826 3761 parte.

181 3792 365 3849 ccccxxv,
395 3775 504 3848 Hanc
520 3777 735 3849 arteriarum
753 3777 934 3848 actionem
952 3777 1038 3851 satis
1054 3775 1206 3848 demon·

150 3886 297 3975 luant,
288 3888 406 3986 rpsius
440 3889 580 3961 arteriae
604 3887 747 3974 fabrica,
784 3887 976 3961 manifeste
1002 3872 1210 3960 musculosa

151 3978 251 4072 nusi
270 4000 472 4085 instructas,
508 4010 547 4072 et
571 3998 691 4075 multa
715 4023 867 4097 quoque
892 4001 1143 4098 experimenta
1166 3998 1208 4069 in

151 4099 223 4180 Vivis
237 4108 490 4184 animalibus
480 4136 536 4184 1ns
538 4113 671 4197 tituta3
702 4111 768 4184 ubi
785 4114 934 4199 arterias,
960 4111 1111 4185 admoto
1135 4105 1208 4180 acri

153 4216 333 4298 satanico
351 4223 452 4307 (nam
466 4248 607 4296 veneno
624 4223 777 4298 cleririco
788 4248 917 4323 parum
931 4221 1124 4311 fidendum
1136 4221 1207 4316 est)
1236 4238 1239 4243 ⁴

658 4358 671 4408 1
