2678 4794
54 323 147 384 cnr.
164 323 264 378 xxv.
345 317 560 378 unmcrna
577 322 858 419 rnnonnrrca.
1063 317 1135 389 303

55 501 195 579 borum
212 500 325 574 causis
341 509 453 598 atque
468 501 607 575 naturis
623 502 694 575 rite
709 499 1000 579 accommodatis.
1047 503 1138 582 Pro·

56 615 109 690 be
125 616 235 688 etiam
253 621 440 700 noverant,
471 638 520 687 ex
550 614 763 712 gymnasiis,
792 627 832 688 et
860 615 1006 690 athletis
1031 618 1142 693 iniis

55 727 233 813 educatis,
250 738 389 824 quanta
401 726 439 799 vi
456 726 495 799 in
513 750 662 825 corpore
679 726 842 800 humano
854 725 1007 825 polleret
1018 729 1141 820 diaeta,

54 849 98 914 et
114 851 190 912 tota
206 838 360 911 vivendi
377 837 478 911 ratio.
530 837 634 912 Hinc
650 838 789 912 factum
806 849 872 926 cst,
896 851 939 913 ut
956 839 1003 913 de
1015 841 1141 941 singu·

24 949 102 1025 'lis
128 952 202 1024 fere
228 949 366 1024 morbis
392 949 572 1036 sanandis,
599 960 637 1023 et
669 949 716 1022 de
740 973 911 1050 prospera
927 951 1141 1028 valetudine
1210 1012 1216 1016 .

56 1063 206 1147 tuenda,
232 1063 428 1136 innumera
457 1071 496 1135 et
521 1085 608 1160 quae
641 1061 838 1138 videantur
861 1064 1139 1154 accuratissima,

57 1186 239 1274 praecepta
256 1173 481 1270 abantiquis
498 1174 753 1272 acceperimus,
779 1198 939 1272 quorum
961 1175 1141 1251 nonnulla

58 1285 156 1360 bona
172 1296 283 1383 atque
299 1284 432 1358 idonea
460 1295 558 1371 sunt,
585 1285 720 1360 scilicet
747 1311 832 1384 quae
847 1287 917 1385 ipsi
933 1286 993 1362 vel
1022 1288 1141 1363 multa

58 1396 286 1494 experientia
301 1396 361 1470 vel
379 1420 464 1470 sana
479 1397 755 1472 ratiocinatione
777 1398 1002 1486 didicerant3
1030 1399 1141 1500 longe

58 1531 152 1583 vero
166 1507 270 1606 plura
285 1505 415 1595 futilia,
433 1509 567 1606 inepta,
597 1519 636 1584 et
664 1534 759 1608 pene
775 1510 930 1585 absurda
953 1513 1140 1610 reperiun-

56 1631 132 1710 tur,
152 1622 329 1696 nimirum
346 1647 431 1720 quae
446 1621 656 1721 praejudicia
671 1647 693 1695 a
722 1621 832 1721 longa
857 1623 1137 1710 consuetudine,

58 1746 124 1809 aut
140 1734 367 1833 experientia
384 1758 486 1833 vaga,
511 1745 549 1807 et
566 1758 696 1833 parum
713 1744 890 1822 accurata,
919 1743 957 1807 ct
974 1733 1069 1808 male
1085 1735 1140 1807 in-

58 1846 214 1933 tellecta,
242 1857 307 1919 aut
336 1870 482 1943 prorsus
507 1848 730 1946 imaginaria,
762 1860 828 1921 aut
861 1847 1010 1922 demum
1043 1846 1142 1921 falsa

58 1958 250 2058 opiniones
267 1957 315 2030 de
331 1972 461 2032 natura
477 1969 516 2032 et
532 1960 648 2033 causis
664 1959 889 2047 morborum,
918 1970 956 2034 et
973 1959 1020 2032 dc
1035 1957 1142 2034 effec-

59 2069 162 2145 tibus
178 2070 363 2144 variorum
380 2093 560 2169 generum
576 2071 707 2158 diaco,
724 2073 769 2147 iis
786 2083 1051 2172 suggesserant.

111 2204 404 2258 nccccnxxvn.
441 2182 673 2281 Hujusmodi
707 2193 874 2258 veterum
911 2184 1142 2274 commentis,

60 2304 143 2395 post
173 2293 292 2369 multa
320 2295 441 2369 secula
456 2295 534 2382 vix,
563 2305 628 2368 aut
657 2318 705 2368 ne
720 2295 786 2368 vix
814 2295 976 2394 quidem,
1002 2294 1143 2385 deletis,

60 2405 148 2481 novi
174 2417 405 2482 accesserunt
433 2416 472 2481 et
499 2406 567 2482 vix
594 2407 719 2482 minus
751 2431 880 2505 graves
920 2431 1066 2494 errores,
1095 2430 1144 2481 ex

60 2518 298 2618 opinionibus
314 2518 703 2596 ebraico-medicorum
720 2518 912 2617 superioris
935 2517 1048 2592 seculi
1069 2518 1144 2616 ple·

61 2653 221 2730 rumque
231 2631 397 2720 derivati,
408 2632 560 2706 etvariis
571 2655 656 2730 quae
667 2630 980 2728 tnncetnuperius
990 2640 1148 2729 recepta

63 2753 150 2817 sunt
164 2742 214 2818 de
230 2744 346 2817 causis
362 2744 574 2818 morborum
592 2741 820 2841 conjecturis,
846 2767 914 2841 pro
937 2765 1040 2816 more
1067 2764 1144 2815 me·

62 2853 242 2944 dicorum,
257 2857 533 2933 accommodati.
585 2856 655 2943 Sic,
672 2855 761 2930 dum
780 2854 924 2944 medici,
949 2852 1145 2929 credebant

64 2990 376 3068 unumquemque
398 2968 474 3043 fere
490 2969 663 3044 morbum
679 2967 719 3042 in
744 2976 914 3067 corrupta
937 2965 1061 3067 aliqua
1077 2965 1147 3041 hu·

63 3100 212 3154 morum
229 3081 440 3156 conditione
456 3083 619 3156 maxime
634 3081 841 3168 comistere,
866 3080 1081 3154 omniafere
1097 3077 1146 3151 de

63 3187 175 3264 diaeta
196 3194 455 3294 aegrotantium
470 3204 651 3293 praecepta
680 3193 750 3269 boc
775 3194 977 3292 prasertim
999 3191 1147 3266 cardine

63 3301 312 3393 versabantur,
341 3314 387 3379 ut
402 3305 475 3379 cibi
491 3316 676 3405 potusque
691 3315 975 3390 assumerentur,
1005 3312 1146 3376 contra·

63 3412 128 3487 riae
144 3424 286 3491 uaturae
311 3417 373 3490 isti
399 3417 598 3493 humorum
615 3417 817 3493 conditioni
842 3440 955 3516 quam
972 3413 1147 3489 morbum

63 3522 179 3602 iacere
210 3528 420 3617 credebant,
453 3553 641 3629 quamque
672 3554 738 3630 per
770 3532 975 3605 mixturam
1002 3536 1042 3602 et
1068 3525 1146 3601 vim

65 3635 256 3716 cimicum
273 3641 534 3717 alimentorum
551 3651 754 3717 correctum
771 3641 817 3716 iri
832 3635 1040 3740 sperabant.‘

108 3773 422 3830 nccccnxxvrn.
441 3753 637 3841 Quantum
651 3776 738 3827 vero
750 3775 899 3851 cunque
910 3752 967 3827 hrs
979 3751 1027 3827 de
1038 3749 1147 3826 rebus

67 3872 128 3938 aut
142 3874 288 3942 veteres
304 3876 370 3941 aut
385 3876 550 3941 recentes
579 3865 770 3966 scriptores
786 3866 920 3941 medici
937 3864 1146 3948 erraverint,

68 3981 187 4053 tamen
213 4001 327 4053 nemo
351 3979 418 4077 qui
442 3989 613 4054 naturam
642 3977 800 4076 corporis
824 3976 979 4052 humani
1003 3974 1146 4050 morbo
1172 4064 1183 4079 χ

69 4107 221 4217 rumque
238 4091 376 4190 quibus
392 4092 597 4167 obnoxium
614 4099 670 4166 est
686 4088 747 4164 vel
763 4089 959 4164 minimum
976 4085 1145 4162 intellex-

68 4200 142 4292 crit,
153 4227 322 4304 unquam
339 4203 598 4282 dubitaverit
587 4226 718 4305 ingens
734 4225 830 4304 saepe
845 4211 885 4278 ct
900 4199 1145 4278 certissimum
