2678 4794
136 288 211 357 114
545 290 799 354 consmcros
1032 278 1157 355 cunr

139 477 250 554 meris
267 475 403 551 morbis
418 472 621 548 obnoxium
638 474 771 561 reddit,
796 483 835 549 et
851 475 956 572 quasi
972 476 1114 550 inerme
1127 474 1157 549 ol

139 576 223 666 cit.'
240 590 281 664 A
297 587 416 685 prima
431 595 470 658 et
485 585 683 682 congenita
697 586 858 684 corporis
874 584 1111 660 fabricatione
1127 611 1157 661 sa

138 701 286 803 pendet,
310 695 421 769 nullis
450 695 634 783 remediis
659 696 763 771 nullo
787 697 875 770 vitae
901 720 1044 793 genere,
1071 698 1157 794 peni

139 807 360 909 corrigenda
416 807 530 881 Varia
546 832 698 907 quoque
714 810 770 882 vis
786 819 826 882 et
853 808 964 881 robur
979 809 1087 882 variis
1103 820 1157 882 aet

138 925 206 999 bus
234 919 469 1018 contingunt,
498 932 537 993 et
563 921 666 1019 quod
692 923 760 1008 vir,
789 920 943 995 florente
966 931 1084 1007 aetate,
1113 921 1157 993 fa«

135 1031 337 1133 perfecerit,
370 1041 437 1107 aut
465 1033 620 1131 impune
652 1034 791 1121 tulerit,
823 1033 934 1119 idem,
967 1057 1125 1131 puerum

136 1154 272 1231 senem,
299 1145 529 1242 oppresserit,
559 1145 618 1219 vel
645 1169 666 1219 e
696 1146 819 1219 medio
848 1144 1045 1220 sustulerit.
1114 1145 1157 1219 Sa

135 1256 263 1355 itaque
280 1257 347 1331 vix
363 1257 531 1331 morbosa
548 1258 673 1332 haberi
688 1267 821 1356 potest,
870 1257 929 1330 At
945 1256 1114 1330 debilitas
1129 1280 1157 1355 p

135 1376 193 1442 ter
209 1368 360 1443 solitum
386 1377 424 1443 et
441 1393 527 1442 vere
558 1371 726 1465 morbosa
754 1369 895 1455 accidit,
924 1368 1000 1441 avi
1017 1369 1157 1461 (cccxx

134 1502 290 1555 nervosa
305 1481 465 1569 minuta,
493 1481 639 1555 cerebro
665 1482 862 1579 nervisque
879 1478 972 1555 male
988 1503 1027 1552 se
1053 1479 1157 1556 haber

133 1592 214 1679 bus,
232 1591 407 1669 musculis
435 1618 564 1668 eorum
581 1594 673 1667 vitia
701 1592 1017 1691 participantibus,
1043 1602 1110 1665 aut
1134 1616 1157 1692 p

133 1706 222 1804 priis
238 1707 428 1804 corruptis,
452 1705 575 1779 debita
595 1704 768 1778 fibrarum
799 1704 967 1777 tensione
983 1707 1150 1794 (cccxxr,

135 1816 288 1904 sublata,
318 1818 377 1892 vel
405 1818 521 1892 nimia
549 1829 615 1892 aut
644 1816 821 1891 diuturna
850 1839 976 1889 earum
994 1815 1157 1890 distentis

137 1929 349 2028 (cccxxw)
365 1930 425 2003 rel
441 1931 529 2029 ipsis
545 1929 673 2028 rigidis
698 1938 735 2003 et
752 1927 905 2025 torpidis
931 1926 1043 2014 factis,
1068 1952 1157 2027 corp

134 2039 326 2127 exhausto,
338 2041 441 2117 victu
452 2065 570 2140 parco,
581 2039 712 2126 inedia,
723 2039 984 2125 exinanitione,
995 2039 1157 2139 morbisq

133 2150 299 2239 demum,
315 2152 376 2226 vel
393 2163 516 2228 totum
533 2177 664 2254 corpus
679 2150 741 2227 vel
756 2159 877 2252 partes
893 2151 1032 2249 aliquas
1056 2151 1157 2227 affici·

135 2261 245 2338 tibus.

185 2398 399 2455 ccccxxxi.
427 2381 581 2456 Summa
597 2379 774 2466 debilitas,
803 2378 899 2452 vires
916 2375 1050 2451 scilicet
1067 2400 1157 2455 mus

133 2487 254 2564 lorum
291 2493 441 2590 penitus
465 2493 526 2567 vel
550 2517 645 2592 pene
669 2491 808 2577 deletae,
846 2488 1018 2588 paralysis
1052 2499 1157 2565 vocat

133 2599 207 2675 Est
231 2601 292 2675 vel
317 2605 507 2701 generalis,
534 2603 594 2678 vel
618 2603 852 2703 quorundam
869 2611 1015 2675 tantum
1034 2625 1157 2679 muacu

132 2734 227 2784 rum.
278 2712 469 2789 Generalis
485 2717 603 2791 oritur
618 2741 640 2788 a
656 2716 755 2791 vitiis
780 2713 914 2789 cerebri
931 2736 1157 2815 nervorumq

134 2817 333 2916 aliquando
361 2849 492 2922 parum
509 2828 717 2923 perspectis,
746 2849 867 2924 neque
890 2824 1057 2923 scalpello
1082 2851 1157 2903 ana

131 2927 223 3004 rot‘co
251 2931 489 3029 detegendis;
528 2935 674 3025 scilicet,
699 2939 755 3013 vis
787 2939 865 3037 ipsa
891 2959 1043 3011 nervosa
1076 2937 1157 3014 ded

131 3038 266 3113 fabrica
282 3065 503 3138 organorum
519 3045 641 3121 adbuc
670 3049 833 3148 integra;
862 3073 957 3148 soepe
972 3059 1099 3123 tamen
1115 3075 1157 3127 cc

130 3151 280 3247 pressio,
310 3152 522 3243 obstructio,
551 3157 660 3246 lusio,
687 3161 881 3236 inundatio
907 3161 1108 3261 sanguinis,
1132 3187 1157 3238 st

129 3263 243 3360 puris,
260 3275 436 3354 tumores,
466 3271 528 3343 &c
554 3270 803 3372 deteguntur·
844 3274 886 3351 A
911 3275 1157 3374 quibusdem*

12 3444 16 3449 .
129 3377 234 3450 nenis
259 3402 390 3454 nervos
407 3379 506 3456 male
533 3382 777 3463 afficientibus
794 3412 889 3486 saepe
904 3388 1077 3475 nascitur,
1100 3387 1157 3463 fur

128 3488 362 3564 metallorum
379 3494 623 3590 quorundum,
651 3490 773 3575 veluti
785 3502 929 3599 argenti
945 3500 1034 3586 vivi,
1055 3499 1157 3599 plum

129 3597 192 3671 &c
218 3621 488 3701 nonnunquam
517 3631 537 3679 a
565 3611 703 3684 morbis
729 3612 903 3709 partium,
936 3637 957 3684 a
991 3612 1151 3700 cerebro,

126 3710 303 3786 musculis
333 3714 461 3791 solutis
489 3718 597 3793 valde
625 3733 863 3810 remotarum,
892 3722 1010 3798 veluti
1035 3747 1059 3796 a
1087 3722 1157 3800 cot

126 3816 334 3907 Pictonum.
386 3828 624 3928 Singulorum
650 3836 904 3910 musculorum
930 3835 1118 3935 paralysis,
1147 3859 1157 3909 s

124 3930 249 4006 minus
265 3935 434 4032 perfecta,
465 3964 561 4041 saepe
577 3942 633 4030 fit,
663 3945 809 4020 intactis
839 3948 986 4023 cerebro
1002 3948 1157 4047 nervisqi

123 4046 264 4140 agravi
281 4059 320 4122 et
348 4049 529 4126 diuturno
553 4054 687 4143 dolore,
716 4057 1017 4148 inflammatione,
1043 4059 1157 4133 tensio

18 4164 22 4170 “
122 4154 237 4235 nimia
269 4158 328 4237 vei
361 4161 469 4240 nimis
501 4166 677 4244 diutuma
712 4169 936 4268 (cccxxiv),
968 4169 1157 4253 relaxatio
