2678 4794
610 299 691 383 xvii

110 506 174 582 tiae
185 504 376 608 preceptis
399 502 543 589 irretiri,
567 514 633 581 aut
659 505 699 581 in
725 527 884 581 errorem
913 504 1010 595 duci,
1035 519 1072 583 et
1099 511 1182 589 ideo

107 634 234 695 rectam
252 628 293 693 et
309 617 459 716 planam
476 641 601 692 sensus
617 620 825 693 communis
842 620 1011 694 semitam
1029 620 1182 720 ingredi,

106 733 334 830 eandemque
350 738 563 804 constanter
589 732 771 830 persequi,
795 741 835 805 et
862 733 1052 806 observare
1078 733 1181 821 bene,

105 857 140 918 et
167 845 373 918 describere
397 841 565 928 fideliter,
603 855 642 918 et
670 844 874 922 ratiocinari
902 868 1042 943 parum,
1068 844 1183 943 idque

104 964 251 1030 tantum
266 955 377 1031 rebus
395 954 501 1040 veris,
525 964 564 1028 et
580 955 769 1055 principiis
786 957 910 1053 paucis
936 966 975 1031 et
1003 958 1110 1032 certis
1127 959 1182 1030 in·

105 1069 220 1141 nixos.
273 1067 350 1142 Res
368 1066 576 1141 factaenim
595 1067 755 1141 inomni
781 1092 863 1142 aevo
891 1081 929 1142 et
957 1081 1069 1168 gente
1095 1070 1182 1143 satis

106 1202 288 1278 superque
308 1178 584 1266 demonstravit,
610 1179 778 1253 homines
802 1180 911 1254 rudes
938 1192 977 1254 et
1004 1182 1181 1268 indoctos,

106 1312 190 1363 cum
208 1290 310 1390 apud
324 1300 485 1366 recentes
502 1300 540 1365 et
557 1291 649 1365 seras
665 1303 805 1389 gentes,
822 1301 906 1366 tum
919 1317 1068 1391 quoque
1080 1292 1182 1393 apud

111 1400 281 1476 cultiores
297 1411 335 1475 et
351 1401 534 1501 politiores
559 1402 725 1502 populos,
751 1428 912 1502 quorum
938 1428 1004 1502 par
1028 1407 1183 1479 omnino

108 1512 275 1587 hieratio
290 1525 357 1601 est,
380 1537 512 1613 parum
529 1525 695 1590 accurate
711 1516 901 1590 observare
925 1541 984 1590 eas
1011 1542 1068 1591 res
1097 1541 1185 1616 quae

105 1625 173 1698 sub
188 1625 276 1724 ipsis
292 1626 457 1700 sensibus
473 1627 622 1714 cadunt,
647 1637 685 1702 et
711 1628 915 1726 plurimum
933 1653 1030 1728 saepe
1046 1640 1085 1705 et
1101 1653 1182 1728 pes·

104 1738 194 1811 sime
209 1738 428 1826 ratiocinari,
451 1763 473 1812 a
489 1739 677 1837 principiis
701 1739 838 1813 scilicet
853 1763 929 1812 non
946 1741 1059 1814 modo
1073 1741 1181 1829 falsis,

104 1849 165 1923 sed
180 1848 382 1949 aliquando
397 1851 509 1923 etiam
535 1851 710 1938 absurdis,
736 1851 858 1949 qualia
874 1852 1091 1951 imaginatio
1107 1852 1183 1927 sola

103 1959 146 2034 iis
161 1961 397 2060 suppeditare
414 1962 601 2059 potuisset.
625 1963 804 2049 l'l'alibus
834 1976 1007 2064 praeterea
1024 1964 1181 2039 homini·
1203 1994 1230 2053 ς

104 2071 170 2147 bus
185 2074 319 2172 ingens
343 2072 436 2148 solet
451 2096 528 2148 esse
543 2084 581 2148 et
598 2074 816 2150 inexhausta
841 2077 1045 2165 credulitas,
1070 2090 1108 2152 et
1125 2077 1180 2152 in-

102 2184 292 2283 explebilis
319 2186 485 2261 omnium
511 2187 690 2261 miromm
721 2188 886 2277 aviditas,
921 2215 1007 2290 quae
1035 2190 1110 2263 fere
1135 2213 1181 2264 eo

103 2298 219 2395 magis
247 2307 442 2396 appetunt,
478 2306 517 2371 et
545 2298 686 2373 facilius
715 2301 1002 2400 amplectuntur,
1028 2312 1066 2375 et
1094 2326 1180 2376 con·

105 2409 260 2482 stantius
275 2418 314 2482 et
329 2410 551 2507 pertinacius
577 2411 749 2498 retinent,
775 2436 853 2509 quo
881 2414 960 2508 ipsa
988 2413 1182 2485 incredibi-

106 2517 197 2592 liora
212 2518 362 2609 fuerint,
379 2535 419 2595 et
434 2546 456 2595 a
471 2521 664 2596 communi
681 2544 789 2594 sensu
807 2521 989 2594 alieniora.
1040 2522 1110 2606 Sic,
1134 2522 1183 2595 ab

104 2631 365 2729 antiquissimis
381 2635 492 2708 etiam
506 2631 746 2731 temporibus,
764 2630 912 2707 solenne
928 2631 1012 2717 fuit,
1039 2631 1183 2707 morbo-

102 2766 196 2829 rum,
221 2744 252 2817 si
270 2768 343 2819 non
360 2747 540 2833 omnium,
562 2744 691 2819 saltem
710 2743 925 2833 multorum,
943 2743 1124 2842 originem
1141 2752 1182 2819 et

104 2878 235 2943 causas,
259 2857 306 2929 ad
323 2858 479 2931 numina
494 2857 642 2944 offensa,
667 2868 734 2931 aut
758 2857 943 2932 daemones
968 2856 1088 2943 iratos,
1114 2865 1181 2933 aut

106 2967 218 3041 sidem
242 2969 440 3067 malignius
458 2970 640 3056 micantia,
664 2979 731 3043 aut
756 2979 871 3044 artem
902 2971 1095 3069 magicam,
1124 2993 1179 3043 re·

106 3076 204 3166 serre,
237 3092 279 3155 et
305 3083 486 3170 idoneam,
522 3106 678 3182 quaeque
702 3082 759 3157 his
787 3083 904 3156 causis
933 3082 1181 3182 responderet,

107 3190 275 3266 medendi
301 3194 480 3267 rationem
506 3195 711 3281 instituere,
735 3195 853 3268 donec
879 3195 988 3268 iariis
1016 3193 1181 3294 piaculis,

108 3311 144 3372 et
158 3303 288 3380 ritibus
304 3307 575 3405 superstitiosis,
597 3321 637 3381 et
652 3307 874 3382 carminibus
892 3307 1052 3404 magicis,
1077 3330 1180 3406 paca-

107 3413 151 3485 tis
178 3418 394 3491 numinibus
423 3430 488 3493 aut
515 3419 756 3506 daernonibus,
793 3418 941 3516 expiata
969 3427 1008 3491 et
1041 3428 1182 3491 semota

107 3526 334 3625 malignitate
351 3529 524 3616 siderum,
550 3531 794 3629 frustrataque
816 3530 958 3629 magice
974 3554 1060 3629 quae
1075 3552 1184 3602 noce·

105 3648 169 3723 ret,
192 3641 299 3715 etsie
326 3640 478 3715 sublatis
507 3667 635 3716 eorum
665 3646 792 3728 causis,
818 3651 934 3716 semet
964 3641 1183 3739 urgentibus

105 3749 207 3823 malis
223 3750 429 3825 liberarent.
478 3753 533 3827 Et
548 3751 712 3851 profecto
728 3753 827 3851 apud
848 3777 977 3850 omnes
993 3758 1183 3850 quotquot

107 3858 280 3937 hactenus
296 3864 436 3960 cogniti
453 3864 594 3940 fuerint
609 3875 771 3941 recentes
788 3865 954 3964 populos,
980 3861 1183 3938 sacerdotes

106 3973 160 4045 vel
177 3972 246 4048 soli
264 3975 438 4048 medendi
464 4000 601 4050 munus
629 3968 868 4076 occuparunt,
894 3987 1073 4075 tanquam
1103 3969 1183 4043 reli-

105 4085 221 4180 gionis
238 4094 278 4160 et
294 4087 456 4185 magices
472 4098 627 4187 partem,
652 4088 712 4162 vel
736 4089 897 4162 divisum
916 4112 1003 4161 cum
1022 4076 1184 4156 mulieri-

105 4193 171 4271 bus
188 4197 355 4276 officium
372 4199 560 4276 medicum
578 4200 798 4290 habuerunt,
822 4200 969 4301 quibus,
985 4185 1186 4298 presertim

644 4314 670 4388 b
