2678 4794
201 285 277 355 8³8
534 287 539 298 ’
619 300 869 363 conserentis
991 376 999 391 ·
1065 294 1151 360 car.
1167 302 1281 360 xxvr.

210 499 297 553 sum
322 499 373 555 ex
395 475 551 555 oretkro
570 475 636 573 qui
650 474 717 549 diu
732 498 831 576 saepe
845 485 931 576 post
955 488 1120 555 sanatam
1141 501 1277 580 gonor-

210 588 349 667 rtoeam
376 587 594 664 vinrlentam
626 609 774 662 manere
805 587 898 663 solet
930 587 1212 666 molestissimus
1247 597 1281 661 et

211 699 526 803 pertinacissimus,
563 697 706 796 optime
737 698 952 798 reprimunt,
988 699 1170 774 nimirum
1205 699 1279 798 qui,

210 833 344 912 magna
357 808 485 885 saltem
501 833 551 884 ex
566 818 680 910 parte,
705 809 869 911 pendent
891 834 914 884 a
935 807 1085 884 laxitate
1113 819 1153 883 et
1180 811 1280 884 infir·

210 924 339 1000 mitate
354 945 535 998 vasorum.

257 1056 410 1110 namn.
435 1034 565 1123 Porro,
589 1033 785 1109 utilissima
800 1058 895 1133 saepe
910 1033 1140 1132 reperiuntur
1157 1032 1200 1106 in
1227 1057 1277 1106 oo

206 1145 374 1222 bibendis
390 1138 653 1222 secretionibus
677 1156 744 1222 aut
765 1145 1033 1221 excretionibus
1057 1143 1273 1245 quibusdam

204 1270 338 1359 proeter
353 1258 512 1335 modum
528 1258 657 1346 auctis,
681 1257 800 1334 veluti
816 1257 948 1334 sudore
964 1266 1030 1332 aut
1046 1256 1164 1342 urina,
1192 1279 1270 1353 quo

201 1394 289 1448 rum
306 1394 477 1447 exoessus
493 1396 589 1472 saepe
600 1370 660 1445 vel
672 1371 799 1460 oritur,
811 1369 873 1445 vel
889 1369 1017 1444 saltem
1032 1377 1200 1466 augetur,
1214 1374 1267 1439 aut

201 1482 365 1582 generali
381 1486 539 1584 eorporis
549 1482 770 1570 infirmitate,
786 1491 852 1556 aut
868 1479 1043 1580 peculiari
1059 1477 1265 1552 relaxatione

201 1598 378 1698 partium,
401 1608 441 1671 et
456 1596 659 1699 praesertim
674 1617 857 1681 vasorum,
882 1618 968 1691 quae
986 1591 1031 1666 iis
1048 1591 1208 1665 maxime
1220 1589 1262 1661 in·

203 1711 380 1787 serviunt

254 1845 395 1900 Mnxw.
420 1822 608 1920 Denique,
642 1819 683 1892 in
709 1817 783 1892 alvi
807 1817 929 1904 fluxu,
962 1816 1069 1915 eujus
1103 1815 1188 1891 mali
1216 1819 1256 1887 tot

139 1929 143 1935 ’
202 1947 355 2032 tamque
378 1934 477 2007 varia
509 1932 679 2007 existunt
712 1953 848 2030 genera
883 1918 1254 2027 (norx11,etseqq.)‚
1305 1948 1308 1953 '

198 2043 453 2119 molestissima
469 2067 576 2143 saepe,
608 2051 648 2118 et
663 2042 975 2142 periculosissima,
1000 2053 1039 2118 et
1064 2052 1191 2118 sanatu
1209 2034 1254 2111 ali·

198 2155 349 2255 quando
373 2156 600 2244 difficillima,
625 2155 865 2256 astringentia
888 2155 1051 2229 remedia
1075 2153 1174 2230 haud
1194 2167 1254 2226 raro

197 2267 403 2367 plurimum
431 2277 598 2368 prosunt,
628 2269 878 2367 morbumque
902 2265 962 2342 vel
986 2290 1134 2366 prorsus
1154 2253 1256 2360 depel-

197 2379 297 2472 lunt,
323 2380 383 2456 vel
400 2381 528 2456 saltem
547 2381 727 2458 minuunt
744 2389 783 2455 et
813 2389 1035 2479 temperant,
1063 2381 1174 2455 etiam
1195 2366 1259 2451 ubi.

198 2503 349 2595 propter
364 2519 508 2571 mirsam
526 2494 605 2594 ejus
630 2519 696 2570 sua
711 2502 842 2571 natura
857 2492 1172 2580 immedicabilem,
1194 2501 1265 2597 pe?

196 2607 303 2683 fectae
319 2607 514 2683 sanationis
526 2631 648 2706 neque
660 2631 741 2707 spes
758 2630 878 2706 neque
892 2605 993 2681 locus
1010 2605 1150 2680 existit.
1187 2603 1270 2678 Pan

196 2719 348 2807 ratione,
373 2721 410 2792 in
429 2722 656 2819 provectiore
673 2728 771 2796 statu
800 2715 1024 2818 dysenteriae
1049 2702 1277 2810 (acrxvrul

194 2830 362 2924 purgatis
379 2829 458 2926 jam
476 2840 521 2903 ut
537 2831 643 2905 decet
660 2831 855 2915 intestinis,
881 2829 946 2903 sed
969 2839 1142 2903 manente
1157 2824 1284 2902 adhuc

195 2935 509 3033 importunissimo
525 2939 734 3027 alvifluxu,
748 2939 921 3037 perutilia
935 2939 1054 3029 fiunt3
1078 2940 1208 3040 partim
1230 2912 1289 3000 ob

193 3045 425 3123 confirmatas
452 3048 685 3145 aliquantum
714 3072 842 3123 omnes
870 3049 1001 3128 solidas
1030 3064 1151 3153 partes
1166 3048 1294 3127 int&

193 3156 370 3247 tinorum,
394 3158 434 3233 vi
456 3159 577 3233 morbi
603 3158 703 3233 haud
727 3183 859 3259 parurn
882 3163 1041 3252 solutas;
1071 3165 1204 3264 partim
1229 3133 1299 3224 Ob

192 3271 338 3347 minuta
347 3295 432 3346 vasa
443 3279 554 3368 atque
566 3269 743 3345 foramina
759 3272 799 3346 in
816 3273 991 3351 intestina
1007 3276 1159 3365 hiantia,
1176 3269 1303 3350 suo*

192 3408 268 3483 que
284 3384 452 3459 humores
469 3381 578 3457 nimis
605 3381 706 3483 large
721 3384 924 3476 fundentia,
950 3389 1146 3464 oonstricta
1162 3375 1305 3487 atq!je

191 3505 393 3583 coarctata,
417 3494 550 3596 partim
565 3495 718 3571 demum
736 3499 786 3573 ob
802 3501 983 3575 minutam
1000 3511 1067 3575 aut
1092 3499 1246 3576 sublata
1261 3488 1309 3551 ¹¹¹

190 3606 395 3682 morbosam
424 3607 523 3685 illam
542 3608 784 3685 mobilitatem
801 3612 982 3687 visoemm
1008 3614 1208 3704 (cccnxxr,
1245 3584 1314 3660 ‘t

169 3723 177 3752 ‘'
190 3727 315 3818 seqq.),
341 3745 424 3818 quae
439 3720 500 3795 vel
529 3745 635 3797 musa
663 3730 703 3796 et
728 3724 832 3821 origo
856 3723 976 3797 morbi
992 3725 1188 3811 extitisset,
1211 3734 1263 3797 V
1275 3684 1316 3765 Α

188 3832 317 3907 morbo
333 3833 399 3908 diu
416 3841 603 3938 perstante
620 3842 659 3908 et
687 3834 960 3909 recrudesoente
976 3834 1131 3912 inducta
1146 3806 1317 3911 fuisti

118 4024 123 4034 ,
188 3946 398 4045 (ncaxrrr).
1281 4027 1300 4045 .

235 4080 363 4132 Maxv.
398 4058 603 4147 Postremo,
634 4058 802 4157 quamvis
835 4059 997 4133 remedia
1028 4045 1319 4160 astringentss?

183 4179 305 4283 partes
324 4169 454 4247 solidas
466 4196 554 4269 quas
570 4181 730 4247 mortuas
743 4192 929 4263 vocamus,
945 4172 1077 4272 primo,
1094 4182 1136 4265 et
1151 4159 1320 4274 [ποθ’
