2678 4794
122 376 175 455 26
398 454 402 459 ,
531 389 793 455 comsanensis
1053 397 1143 455 oar.
1160 398 1203 454 n

121 575 271 653 animali
296 574 411 652 inesse
438 584 604 675 possunt,
628 585 667 649 et
692 602 803 654 sunm
819 572 1205 674 quodqnepeculiare

123 691 259 767 vitium
276 687 427 781 efficere.
478 685 552 762 Sed
567 684 617 760 de
632 687 758 765 multis
775 690 908 764 horum
924 685 1019 760 nihil
1034 687 1125 760 certi
1140 710 1207 761 no·

124 805 266 880 vimus:
292 800 378 875 satis
394 824 482 875 vero
510 810 663 886 constat,
689 802 874 876 materiam
893 798 1093 885 humidam,
1119 823 1207 897 quoe

124 915 200 993 fere
227 934 322 1012 aqua
349 923 417 999 est,
441 921 480 987 et
509 913 649 998 siceum,
674 936 760 1010 quae
784 937 833 987 ex
848 909 1000 985 diversis
1016 908 1209 985 elementis

124 1035 277 1113 constat,
302 1024 463 1100 multum
479 1024 641 1101 variare:
666 1047 743 1124 quo
769 1024 853 1125 plus
878 1021 1051 1110 humidae,
1076 1046 1122 1095 eo
1139 1021 1206 1096 mi·

124 1162 203 1213 nus·
212 1136 428 1213 adhaesionis
445 1149 512 1213 aut
526 1138 584 1215 vis
600 1137 798 1226 resiliendi,
813 1135 899 1236 plus
914 1159 1003 1210 vero
1020 1133 1208 1220 mollitiei3

125 1258 165 1325 et
180 1258 308 1325 contra
324 1251 487 1339 omnino,
514 1250 544 1325 si
561 1250 717 1326 nimium
741 1250 845 1326 siocae
870 1248 1031 1324 materia
1054 1247 1095 1321 in
1112 1269 1210 1322 oom-

126 1361 309 1462 positione
325 1362 447 1439 merit.

176 1495 360 1551 Lxxxm.
396 1474 521 1551 Variae
549 1485 638 1553 sunt
663 1501 781 1552 oausae
808 1485 958 1551 remotae
987 1474 1143 1567 (xxxvu
1171 1481 1210 1549 et

126 1594 217 1687 seq.)
241 1584 453 1663 alterutrius
470 1589 630 1664 materiae
647 1589 706 1663 vel
725 1588 947 1665 abundantis
964 1585 1025 1663 vel
1040 1584 1211 1661 deiicien-

127 1700 187 1776 tis.
248 1698 335 1800 Ipsa
367 1700 547 1800 imprimis
579 1701 797 1776 constitutio
825 1701 984 1800 corporis
1017 1697 1214 1799 congenita

129 1810 290 1887 multum
319 1811 394 1887 huc
420 1812 571 1887 confert.
620 1812 797 1900 Quidam,
822 1838 899 1913 prae
920 1811 1070 1899 caeteris,
1097 1809 1213 1885 homi·

128 1946 204 2010 nes,
230 1933 270 1998 et
287 1924 357 1997 viri
372 1949 449 2024 prm
464 1924 627 2001 soemiuis
651 1925 692 1999 in
714 1927 941 2013 universum,
965 1925 1150 1999 duriomm
1176 1930 1215 1996 et

62 2030 67 2041 '
130 2035 313 2110 sicciorem
332 2037 490 2136 corporis
507 2036 761 2137 compaginem
776 2039 927 2128 habent,
939 2037 1017 2125 vix,
1033 2060 1075 2111 ac
1087 2059 1135 2110 ne
1149 2035 1215 2113 vix

130 2146 298 2248 quidem,
323 2147 400 2223 ullo
417 2149 506 2225 vitae
520 2173 657 2251 genere
671 2152 822 2250 penitus
841 2151 1066 2227 mutandam.

180 2281 357 2337 Lxxxw.
382 2266 483 2338 AEtas
500 2287 588 2338 vero
614 2263 732 2362 majus
748 2263 872 2340 adhuc
885 2262 1080 2338 discrimen
1104 2260 1216 2345 facit;

132 2373 288 2471 aprima
313 2375 412 2449 enim
442 2375 489 2450 ad
519 2374 689 2463 ultimam
719 2401 840 2477 usque
867 2376 997 2451 siccius
1022 2384 1062 2449 et
1087 2374 1217 2449 durius

132 2485 258 2561 evadit
287 2487 457 2585 quotidie
473 2512 628 2589 corpus:
666 2513 689 2564 a
711 2488 840 2578 fluido,
864 2511 1008 2587 nempe,
1037 2497 1077 2562 et
1102 2485 1219 2561 crudo

134 2596 242 2685 foetu,
258 2597 305 2671 ad
322 2599 483 2699 rigidum
502 2612 541 2675 et
556 2626 754 2676 exsuccum
772 2623 907 2685 senem,
927 2599 988 2672 cui
1005 2597 1092 2684 vita,
1108 2621 1218 2697 prop·

46 2788 49 2793 .
134 2720 191 2791 ter
206 2709 302 2784 hano
316 2711 431 2808 ipsam
448 2735 605 2799 oausam,
622 2713 698 2785 fere
714 2709 848 2783 deficit.

183 2841 341 2894 mxxv,
368 2821 503 2895 Victus
514 2845 633 2918 porro,
650 2845 727 2918 quo
739 2820 905 2894 homines
919 2826 1089 2905 utuntur,
1104 2828 1219 2918 prout

134 2927 219 3030 plus
235 2930 405 3004 minusve
430 2955 568 3029 aquosa
592 2931 716 3019 suerit,
741 2928 896 3005 similem
924 2929 1120 3005 solidarum
1138 2955 1219 3031 par-

135 3041 231 3117 tium
260 3041 510 3117 conditionem
536 3043 660 3119 efficit.
710 3044 808 3130 Hoc,
832 3044 873 3117 in
896 3042 977 3118 aliis
1001 3043 1219 3120 animalibus
1269 3096 1272 3114 .

38 3214 44 3224 .
106 3199 107 3202 π
134 3152 280 3229 dudum
295 3152 541 3247 observatum,
567 3155 605 3230 in
633 3154 784 3235 homine
799 3179 963 3256 quoque,
987 3156 1219 3256 aliquatenus

134 3264 275 3357 saltem,
304 3266 467 3343 accidere
493 3268 652 3347 videtur.
713 3269 849 3369 Neque
881 3269 975 3345 ratio
1008 3271 1220 3370 gravissima

135 3377 239 3453 deest
254 3402 320 3454 cur
335 3378 536 3468 credamus,
561 3404 635 3455 non
661 3381 820 3482 corporis
841 3382 952 3458 modo
968 3383 1218 3466 conditionem

134 3497 176 3584 et
192 3489 297 3580 vires,
323 3491 387 3567 sed
411 3500 451 3566 et
466 3493 580 3568 animi
596 3494 770 3585 indolem,
794 3521 817 3570 a
832 3498 954 3573 victus
976 3520 1112 3597 genere
1128 3520 1219 3596 quo·

134 3601 218 3677 dam
224 3603 332 3680 modo
347 3605 518 3705 pendere.

186 3738 359 3795 nxxxsu.
386 3714 559 3796 Multum
575 3746 727 3821 quoque
739 3723 879 3821 pendet
893 3722 1025 3797 abona
1034 3720 1094 3795 vel
1107 3745 1219 3820 prava

134 3827 302 3930 ejusdem
332 3829 406 3906 cibi
434 3834 681 3923 concoctione,
706 3845 746 3911 et
771 3836 819 3911 ab
846 3833 1076 3935 appositione
1099 3833 1221 3906 nutri·

134 3941 255 4017 menti
271 3966 321 4019 ex
340 3968 385 4018 eo
401 3947 529 4043 parati.

122 4102 129 4114 ·
185 4076 374 4131 Lxxxvm
400 4055 592 4158 Denique.
618 4067 735 4135 status
750 4058 851 4145 a'e'ris,
872 4055 1019 4142 seilicet,
1044 4055 1145 4153 quod
1172 4057 1222 4133 ad

135 4166 332 4245 humorem
349 4168 409 4245 vel
434 4171 646 4260 siccitatem,
671 4193 803 4268 oorpus
826 4166 926 4243 haud
944 4189 1078 4267 parum
1094 4168 1217 4245 afficit.
