2678 4794
492 50 512 129 1
615 152 621 163 .

112 319 203 378 car.
220 320 318 377 xxa
423 319 643 377 uanrcmar
662 317 950 378 rasornmcn.
1125 282 1262 374 383.

111 520 242 598 gorem
270 508 309 573 et
336 496 590 586 mobilitatem,
607 508 647 572 et
675 521 781 572 mens
806 497 886 594 ipsa
911 491 1011 570 baud
1033 517 1114 569 ram
1129 517 1193 571 no·

108 605 194 685 vam
212 620 251 685 et
267 609 450 710 insignem
467 609 689 684 hilaritatem
706 607 972 706 adipiscuntur.

159 743 348 798 ucuxvrr,
387 720 476 796 Non
500 721 627 797 ornuia
650 745 738 796 vero
771 718 933 795 remedia
965 716 1194 794 stimulantis

106 857 217 934 aeque
231 833 365 908 idonea
379 842 470 908 sunt
484 833 532 908 ad
548 834 742 910 stimulum
758 831 968 907 istiusmodi
983 829 1193 929 generalem

107 969 174 1046 per
188 957 333 1046 partem
348 945 510 1047 aliquam
530 946 701 1021 universo
716 943 858 1044 corpori
874 942 1168 1042 impertiendum
1183 971 1192 1017 ε
1300 1025 1302 1031 ,

107 1079 233 1155 neque
246 1081 334 1132 sane
361 1081 490 1133 omnes
518 1060 677 1158 corporis
702 1067 822 1159 partes
838 1066 986 1131 tantum
1008 1079 1098 1131 cum
1114 1064 1194 1129 tota

106 1169 326 1271 compagine
341 1194 560 1247 consensum
577 1182 616 1246 et
632 1172 735 1272 quasi
752 1168 1017 1245 commercium
1041 1166 1192 1254 babent.

107 1289 154 1356 ut
169 1282 312 1380 quavis
327 1305 452 1358 earum
469 1282 615 1359 affectio
630 1307 718 1359 cum
734 1282 884 1381 reliquis
900 1279 1003 1357 brevi
1030 1289 1071 1353 et
1086 1277 1192 1354 facile

109 1395 415 1470 communicetur.

160 1526 364 1583 Mcbxvm.
392 1506 677 1585 stimulantium
701 1507 818 1609 igitur
843 1503 1092 1581 remediomm
1120 1499 1194 1576 alia

109 1618 238 1717 magis,
261 1618 332 1693 alia
366 1621 491 1695 minus
513 1619 690 1699 diffusilis
725 1619 799 1695 dici
825 1624 999 1718 possunt3
1034 1615 1193 1693 aliorum

104 1753 261 1830 quoque
284 1730 438 1808 effectus
455 1731 573 1833 magis
598 1730 790 1819 durabiles,
816 1729 973 1806 aliorum
990 1726 1109 1826 magis
1134 1725 1192 1801 su·

105 1865 214 1942 gaces
229 1844 486 1942 reperiuntur:
515 1844 689 1920 omnibus
717 1856 843 1921 autem
873 1843 943 1919 hoc
958 1840 1106 1917 vitium-
1125 1847 1192 1928 est,

104 1953 210 2052 quod
225 1954 378 2032 effectus
394 1980 522 2033 eorum
535 1960 697 2033 excitans
709 1958 930 2058 plerumque
946 1953 1056 2029 nimis
1073 1952 1190 2052 fugax

108 2065 168 2154 sit,
192 2077 242 2155 et,
267 2069 369 2166 quod
384 2068 489 2169 pejus
505 2081 571 2157 est,
597 2094 694 2169 saepe
719 2072 759 2145 in
775 2069 1001 2145 contrarium
1013 2065 1191 2140 effectum

105 2174 273 2272 desinat3
297 2181 348 2255 ita
366 2192 410 2256 ut
425 2182 671 2282 gratissimam
688 2181 789 2257 illam
806 2181 1040 2267 alacritatem,
1056 2187 1096 2253 et
1112 2200 1190 2273 mo·

108 2289 301 2381 bilitatem,
318 2304 356 2367 et
372 2295 538 2395 vigorem
556 2296 725 2394 corporis,
751 2304 789 2367 et
805 2292 1059 2367 suavissimam
1075 2286 1192 2362 animi

107 2399 340 2494 hilaritatem,
379 2433 462 2505 quae
487 2417 585 2482 corta
609 2407 771 2482 remedia
794 2402 1023 2480 stimulantis
1049 2399 1192 2474 efficere

108 2513 238 2604 solent,
262 2518 416 2618 insignis
434 2519 603 2619 languor,
631 2532 669 2595 et
685 2517 864 2605 debilitas,
881 2526 921 2592 et
937 2511 1136 2599 hebetudo,
1152 2517 1192 2584 st

110 2629 297 2720 moestitia,
314 2632 417 2705 brevi
434 2632 631 2731 excipient.

162 2760 331 2818 srchirr.
362 2744 467 2819 Hinc
483 2743 655 2819 facillime
671 2741 898 2843 intelligetur
914 2764 980 2816 cur
996 2748 1053 2815 tot
1075 2758 1190 2813 reme·
1208 2775 1211 2781 ·

106 2850 171 2927 dia
188 2876 272 2928 vere
300 2856 528 2932 stimulantiu
556 2856 715 2932 luxuriae
743 2880 850 2931 causa
874 2854 989 2954 vulgo
1013 2871 1191 2949 usurpen-

107 2977 194 3052 tur;
220 2990 294 3065 qua
309 2972 450 3044 ratione
477 2979 516 3044 et
532 2980 647 3070 grata,
673 2982 712 3043 et
740 2990 1010 3067 nonnunquam
1030 2961 1190 3053 homini-

108 3079 189 3168 bus,
206 3083 376 3178 quamvis
392 3082 497 3171 sanis,
514 3106 590 3156 non
608 3079 754 3157 inutilia
770 3081 884 3168 fiant;
909 3104 986 3179 quo
1001 3088 1109 3178 pacto
1126 3098 1192 3176 per

108 3191 275 3266 multum
291 3218 401 3268 usum
436 3206 501 3270 aut
532 3193 681 3294 longam
699 3193 1004 3269 consuetudinem
1020 3188 1192 3265 nocentia

109 3300 221 3379 simul
238 3313 287 3379 et
315 3307 512 3382 necessaria
539 3307 691 3382 assuetis
706 3305 820 3394 fiant;
853 3315 993 3404 quanta
1008 3301 1153 3377 solertia
1169 3327 1191 3375 a

109 3415 175 3489 tali
202 3418 468 3493 consuetudine
494 3429 533 3492 et
560 3419 796 3494 incommodo
824 3415 1106 3517 praecavendum
1133 3414 1191 3510 sit,

92 3538 324 3626 'quantaque
351 3555 438 3605 cura
465 3539 504 3605 et
530 3530 727 3629 prudentia
742 3554 837 3630 opus
856 3531 904 3605 sit
920 3542 965 3606 ut
981 3527 1064 3603 talis
1079 3551 1192 3628 prava

105 3641 340 3716 consuetudo
350 3641 428 3740 jam
447 3645 651 3717 inveterata
665 3653 752 3718 tuto
768 3643 1017 3742 abrumpatur.

160 3775 314 3828 mccxx.
332 3755 446 3842 Quod
460 3755 575 3828 varias
588 3755 747 3853 corporis
757 3763 877 3853 partes
886 3756 1020 3830 attinet
1033 3775 1192 3852 quarum

80 3918 84 3926 2
107 3863 321 3939 affectiones
344 3891 382 3965 a
402 3867 571 3940 remediis
596 3865 873 3941 stimulantibus
901 3866 1108 3966 promptius
1133 3861 1193 3938 vel

108 3978 258 4076 aegrius
283 4001 369 4051 cum
387 3978 537 4079 reliquis
554 3978 883 4066 communicantur,
901 3977 1004 4053 nulla
1019 3977 1094 4051 fera
1110 3995 1193 4075 pars

111 4092 271 4165 sentiens
295 4100 334 4164 et
358 4092 504 4167 mobilis
530 4089 692 4168 multum
716 4088 814 4170 affici
837 4099 960 4192 potest
985 4091 1075 4190 quin
1106 4085 1193 4160 inde

605 4203 668 4276 ab
