2678 4794
664 343 785 416 xxxiv

186 539 298 641 pulus
325 542 519 640 magistros
546 559 642 626 suos,
667 547 706 611 et
732 539 908 638 quodque
924 538 1092 614 seculum
1108 539 1195 632 (nisi
1212 565 1268 617 res

184 653 346 729 adversae
373 648 588 747 ceciderint)
619 650 806 749 superiora
833 652 969 738 omnia,
1004 674 1091 726 vera
1116 652 1269 729 scientia

185 788 353 868 superare
385 763 527 838 debeat.
595 764 747 838 Sacrum
780 764 943 841 scientiae
975 762 1129 852 flumen,
1161 764 1267 863 quod

183 902 285 955 nuuc
299 876 437 950 mirum
468 887 506 951 et
535 899 631 997 penae
646 876 874 954 immensum
903 875 1200 976 contemplamur
1226 885 1269 950 et

184 1012 410 1076 veneramur,
436 1011 485 1063 ex
502 1013 615 1093 parva
639 999 677 1064 et
702 989 833 1089 ignoto
849 989 953 1064 fonte
969 988 1192 1076 derivatum,
1216 988 1267 1062 la·

183 1102 284 1177 bitur
299 1110 412 1200 atque
428 1100 574 1213 ¹labetur
589 1124 656 1200 per
671 1124 784 1176 omne
798 1125 943 1187 aevum3
969 1100 1091 1200 primo
1105 1101 1268 1200 exiguus

43 1296 50 1308 ,
180 1214 295 1301 rivus,
319 1213 556 1290 incrementis
573 1238 658 1313 quae
673 1212 836 1314 plurima
851 1213 1024 1312 quamvis
1050 1212 1151 1287 lenta
1175 1213 1269 1288 actiq

180 1325 249 1425 pit,
275 1327 403 1401 crescit
427 1325 607 1426 paulatim
636 1328 677 1401 in
706 1325 1154 1426 mmmmm,
1179 1345 1266 1399 con·

180 1435 384 1515 fluentibus
400 1438 767 1536 niminmundique·
783 1436 991 1513 innumeris
1006 1436 1148 1525 rivulis,
1171 1460 1264 1536 quo-

179 1573 264 1627 rum
294 1548 442 1649 unguit
467 1570 552 1625 cum
581 1558 686 1624 tanta
711 1549 809 1624 mole
833 1549 1045 1649 comparati,
1070 1548 1165 1625 nihil
1189 1548 1266 1624 fere

180 1662 229 1738 ad
257 1662 338 1761 ejus
370 1660 670 1762 magnitudinem
705 1661 869 1738 conferre
900 1662 1100 1748 videntur3
1136 1684 1269 1738 omnes

180 1798 279 1864 vero,
305 1775 479 1850 omnibus
494 1774 678 1875 congestis
694 1776 811 1874 aquis,
836 1774 979 1850 flumen
1009 1775 1159 1855 tandem
1188 1774 1269 1850 effi·

180 1888 297 1976 ciunt,
321 1888 431 1986 quale
441 1887 521 1986 jam
539 1896 758 1986 spectamus,
775 1896 936 1974 vastum,
958 1908 1164 1975 amoenum,
1188 1885 1267 1963 feli-

180 1999 236 2074 cia
252 2025 337 2099 quae
354 1999 571 2099 praeterfluit
600 2023 686 2075 arva
712 2000 871 2099 irrigans
895 2009 1011 2098 atque
1035 1998 1266 2075 foecundans.

180 2109 235 2185 Et
261 2110 436 2211 profecto,
462 2113 492 2188 si
518 2111 731 2187 hominibus
756 2134 925 2209 unquam
954 2109 1080 2184 liceret
1105 2110 1267 2208 gloriari,

179 2232 279 2298 certe
294 2224 342 2298 de
358 2223 428 2300 hoc
443 2225 609 2312 maxime
624 2223 859 2324 gloriandum
879 2231 984 2314 esset,
1007 2229 1153 2297 tantum
1172 2221 1270 2330 scili3

179 2347 239 2411 cet
254 2337 448 2436 profecisse
463 2362 584 2438 genus
614 2361 736 2425 snum,
763 2345 803 2411 et
831 2345 910 2410 tam
940 2332 1154 2434 praclarum
1171 2343 1267 2409 tam·

178 2472 255 2549 que
281 2472 445 2550 perenne
459 2450 618 2526 existere
633 2448 777 2550 ingenii
792 2447 949 2523 humani
966 2456 1265 2522 monumentum.

177 2560 339 2638 Tarum
368 2586 458 2638 vero
487 2562 649 2639 scientiae
676 2560 850 2637 humanas
866 2558 1165 2659 magnitudinem
1181 2559 1264 2658 qui·

177 2696 329 2772 cunque
345 2676 416 2749 rite
431 2675 705 2773 contemplatus
720 2673 845 2758 fuerit,
861 2672 893 2745 is
909 2679 1008 2745 certe
1020 2679 1058 2744 et
1068 2669 1116 2743 ad
1129 2694 1265 2772 magna

177 2794 304 2859 natam
320 2807 399 2858 esse
414 2794 582 2869 mentem
606 2782 810 2856 humanam
835 2791 1020 2880 agnoscet,
1045 2790 1084 2856 et
1100 2782 1209 2881 plura
1224 2791 1268 2859 et

176 2895 317 2993 majora
343 2893 466 2968 adhuc
493 2894 541 2967 ab
566 2915 610 2966 ea
638 2891 868 2991 expectanda
896 2914 974 2971 esse
1002 2892 1199 2982 fatebitur;
1223 2904 1264 2971 et

177 2998 288 3082 simil
313 3002 379 3079 tali
402 3004 537 3080 notitia
560 3002 739 3094 imbutus,
772 3027 897 3104 neque
926 3005 1074 3106 propria
1098 3006 1263 3095 scientia,

177 3141 291 3218 quam
308 3116 486 3218 exiguam
503 3140 581 3193 esse
597 3117 742 3204 sentiet,
770 3117 883 3192 nimis
899 3117 1017 3194 elatus
1033 3118 1114 3208 erit,
1138 3142 1264 3218 neque

40 3319 44 3325 ‚
176 3236 243 3306 aut
258 3241 429 3310 veterum
458 3240 526 3307 aut
553 3254 778 3332 magnorum
804 3239 998 3306 auctorum
1024 3227 1264 3330 opinionibus

175 3342 274 3420 ultra
288 3346 446 3421 modum
462 3344 643 3432 addictus,
668 3366 793 3443 neque
808 3366 991 3419 novarum
1007 3366 1131 3419 rerum
1149 3344 1262 3419 nimis

174 3454 345 3554 cupidus,
370 3479 493 3556 neque
520 3456 628 3532 novis
657 3455 895 3556 opinionibus
924 3456 1037 3530 nimis
1065 3454 1261 3542 credulus;

175 3567 314 3645 scilicet
340 3570 408 3668 qui
436 3565 531 3644 bene
546 3569 704 3672 noverit,
728 3567 840 3668 longe
868 3566 940 3642 alia
967 3568 1119 3654 ratione,
1144 3590 1273 3668 quam.

174 3689 241 3756 aut
265 3689 434 3758 veterum
459 3682 688 3769 auctoritate,
721 3689 789 3756 aut
821 3703 1007 3755 novorum
1039 3680 1262 3779 scriptorum

174 3793 410 3892 opinionibus
426 3803 466 3870 et
481 3793 711 3892 conjecturis,
735 3792 1027 3892 promovendam
1050 3816 1127 3866 esse
1144 3792 1259 3869 scien

175 3904 275 3981 tiam.
344 3916 366 3949 ‘⁶
382 3905 448 3981 De
480 3907 704 4006 antiquitate
735 3915 861 3982 autem
897 3906 1037 4005 (inquit
1065 3902 1260 4004 preclarus

173 4030 197 4065 ‘⁸
211 4025 340 4095 auctor
348 4017 430 4118 jam
446 4019 594 4118 citatus)
611 4019 739 4118 opinio
763 4042 878 4116 quam
907 4018 1077 4093 homines
1104 4018 1153 4095 de
1180 4017 1261 4117 ipsa

174 4143 196 4177 ‘⁶
212 4129 569 4232 foventnegligens
598 4132 752 4206 omnino
781 4140 847 4219 est,
886 4140 925 4206 et
951 4131 1019 4205 vix
1045 4130 1160 4206 verbo
1187 4129 1260 4230 ipsi

173 4255 196 4290 “
210 4268 384 4348 cengnsa
434 4242 577 4322 Mundi
593 4243 693 4321 enim
711 4243 859 4329 senium
874 4253 913 4322 et
924 4241 1175 4346 grandaevitas
1191 4267 1273 4345 pro.
