<?xml version="1.0" encoding="UTF-8"?>
<!DOCTYPE html PUBLIC "-//W3C//DTD XHTML 1.0 Transitional//EN"
    "http://www.w3.org/TR/xhtml1/DTD/xhtml1-transitional.dtd">
<html xmlns="http://www.w3.org/1999/xhtml" xml:lang="en" lang="en">
 <head>
  <title>
</title>
<meta http-equiv="Content-Type" content="text/html;charset=utf-8" />
  <meta name='ocr-system' content='tesseract 3.04.00' />
  <meta name='ocr-capabilities' content='ocr_page ocr_carea ocr_par ocr_line ocrx_word'/>
</head>
<body>
  <div class='ocr_page' id='page_1' title='image "./conspectusmedic01greggoog_0242.png"; bbox 0 0 2678 4794; ppageno 0'>
   <div class='ocr_carea' id='block_1_1' title="bbox 123 310 1229 448">
    <p class='ocr_par' dir='ltr' id='par_1_1' title="bbox 123 310 1229 448">
     <span class='ocr_line' id='line_1_1' title="bbox 123 310 1229 448; baseline -0.004 -24"><span class='ocrx_word' id='word_1_1' title='bbox 123 310 217 424; x_wconf 57' lang='lat' dir='ltr'>(ist.</span> <span class='ocrx_word' id='word_1_2' title='bbox 234 363 319 420; x_wconf 79' lang='lat' dir='ltr'><strong>XIX·</strong></span> <span class='ocrx_word' id='word_1_3' title='bbox 418 355 637 417; x_wconf 67' lang='lat' dir='ltr'>immotum</span> <span class='ocrx_word' id='word_1_4' title='bbox 656 359 947 419; x_wconf 74' lang='lat' dir='ltr'><strong>THEORETICAE.</strong></span> <span class='ocrx_word' id='word_1_5' title='bbox 1132 353 1201 431; x_wconf 87' lang='grc'>191</span> <span class='ocrx_word' id='word_1_6' title='bbox 1227 445 1229 448; x_wconf 9' lang='grc' dir='ltr'><em>Α</em></span> 
     </span>
    </p>
   </div>
   <div class='ocr_carea' id='block_1_2' title="bbox 130 1107 1204 1410">
    <p class='ocr_par' dir='ltr' id='par_1_2' title="bbox 130 1107 1204 1410">
     <span class='ocr_line' id='line_1_2' title="bbox 130 1107 1204 1210; baseline -0.001 -23"><span class='ocrx_word' id='word_1_7' title='bbox 130 1114 227 1191; x_wconf 80' lang='lat' dir='ltr'>Car.</span> <span class='ocrx_word' id='word_1_8' title='bbox 243 1108 480 1186; x_wconf 69' lang='lat' dir='ltr'>Xlx-Dc</span> <span class='ocrx_word' id='word_1_9' title='bbox 496 1107 596 1184; x_wconf 82' lang='lat' dir='ltr'><em>uitiis</em></span> <span class='ocrx_word' id='word_1_10' title='bbox 612 1107 859 1197; x_wconf 83' lang='lat' dir='ltr'><em>concoctionic,</em></span> <span class='ocrx_word' id='word_1_11' title='bbox 885 1107 1075 1209; x_wconf 81' lang='lat' dir='ltr'><em>vooiioqnc</em></span> <span class='ocrx_word' id='word_1_12' title='bbox 1092 1134 1204 1210; x_wconf 86' lang='lat' dir='ltr'><em>orgo-</em></span> 
     </span>
     <span class='ocr_line' id='line_1_3' title="bbox 182 1219 1203 1321; baseline -0.002 -21"><span class='ocrx_word' id='word_1_13' title='bbox 182 1247 316 1300; x_wconf 83' lang='lat' dir='ltr'>nornn</span> <span class='ocrx_word' id='word_1_14' title='bbox 345 1246 430 1321; x_wconf 80' lang='lat' dir='ltr'>qun</span> <span class='ocrx_word' id='word_1_15' title='bbox 457 1219 677 1299; x_wconf 71' lang='lat' dir='ltr'><em>concoctioni</em></span> <span class='ocrx_word' id='word_1_16' title='bbox 710 1221 919 1297; x_wconf 73' lang='lat' dir='ltr'>insoniunt</span> <span class='ocrx_word' id='word_1_17' title='bbox 947 1220 1203 1321; x_wconf 65' lang='lat' dir='ltr'>effectionibus</span> 
     </span>
     <span class='ocr_line' id='line_1_4' title="bbox 185 1333 364 1410; baseline -0.011 -1"><span class='ocrx_word' id='word_1_18' title='bbox 185 1333 364 1410; x_wconf 67' lang='lat' dir='ltr'>norbano.</span> 
     </span>
    </p>
   </div>
   <div class='ocr_carea' id='block_1_3' title="bbox 130 1948 1311 3325">
    <p class='ocr_par' dir='ltr' id='par_1_3' title="bbox 131 1948 1311 2767">
     <span class='ocr_line' id='line_1_5' title="bbox 133 1948 1208 2105; baseline 0.004 -32"><span class='ocrx_word' id='word_1_19' title='bbox 133 2017 291 2074; x_wconf 76' lang='lat' dir='ltr'>ncxtu.</span> <span class='ocrx_word' id='word_1_20' title='bbox 311 1948 569 2105; x_wconf 69' lang='lat' dir='ltr'>Arruntios</span> <span class='ocrx_word' id='word_1_21' title='bbox 587 1996 659 2070; x_wconf 88' lang='lat' dir='ltr'><em>cibi</em></span> <span class='ocrx_word' id='word_1_22' title='bbox 675 2021 770 2098; x_wconf 82' lang='lat' dir='ltr'>saepe</span> <span class='ocrx_word' id='word_1_23' title='bbox 785 1997 919 2086; x_wconf 91' lang='lat' dir='ltr'>deficit,</span> <span class='ocrx_word' id='word_1_24' title='bbox 936 2021 1022 2073; x_wconf 89' lang='lat' dir='ltr'>cum</span> <span class='ocrx_word' id='word_1_25' title='bbox 1039 2004 1208 2077; x_wconf 85' lang='lat' dir='ltr'>aventri-</span> 
     </span>
     <span class='ocr_line' id='line_1_6' title="bbox 133 2107 1311 2215; baseline 0.005 -31"><span class='ocrx_word' id='word_1_26' title='bbox 133 2109 224 2195; x_wconf 90' lang='lat' dir='ltr'>culi,</span> <span class='ocrx_word' id='word_1_27' title='bbox 236 2118 319 2183; x_wconf 86' lang='lat' dir='ltr'>tum</span> <span class='ocrx_word' id='word_1_28' title='bbox 332 2107 660 2208; x_wconf 85' lang='lat' dir='ltr'>quoqueareliqui</span> <span class='ocrx_word' id='word_1_29' title='bbox 672 2112 838 2210; x_wconf 88' lang='lat' dir='ltr'>corporis,</span> <span class='ocrx_word' id='word_1_30' title='bbox 852 2120 960 2184; x_wconf 84' lang='lat' dir='ltr'>statu.</span> <span class='ocrx_word' id='word_1_31' title='bbox 995 2110 1207 2190; x_wconf 87' lang='lat' dir='ltr'>Multorum</span> <span class='ocrx_word' id='word_1_32' title='bbox 1306 2204 1311 2215; x_wconf 33' lang='grc' dir='ltr'>Ι</span> 
     </span>
     <span class='ocr_line' id='line_1_7' title="bbox 132 2219 1206 2320; baseline 0.007 -26"><span class='ocrx_word' id='word_1_33' title='bbox 132 2223 262 2320; x_wconf 86' lang='lat' dir='ltr'>itaque</span> <span class='ocrx_word' id='word_1_34' title='bbox 286 2219 500 2294; x_wconf 85' lang='lat' dir='ltr'><em>morborum</em></span> <span class='ocrx_word' id='word_1_35' title='bbox 524 2221 722 2296; x_wconf 75' lang='lat' dir='ltr'>Attorccciu</span> <span class='ocrx_word' id='word_1_36' title='bbox 748 2245 865 2296; x_wconf 90' lang='lat' dir='ltr'>comes</span> <span class='ocrx_word' id='word_1_37' title='bbox 890 2231 946 2294; x_wconf 87' lang='lat' dir='ltr'>est</span> <span class='ocrx_word' id='word_1_38' title='bbox 970 2232 1008 2294; x_wconf 90' lang='lat' dir='ltr'>et</span> <span class='ocrx_word' id='word_1_39' title='bbox 1033 2224 1206 2313; x_wconf 83' lang='lat' dir='ltr'>effectus;</span> 
     </span>
     <span class='ocr_line' id='line_1_8' title="bbox 131 2332 1207 2433; baseline 0.004 -27"><span class='ocrx_word' id='word_1_40' title='bbox 131 2356 257 2433; x_wconf 85' lang='lat' dir='ltr'>neque</span> <span class='ocrx_word' id='word_1_41' title='bbox 273 2344 398 2406; x_wconf 87' lang='lat' dir='ltr'>tamen</span> <span class='ocrx_word' id='word_1_42' title='bbox 416 2354 557 2428; x_wconf 86' lang='lat' dir='ltr'>semper</span> <span class='ocrx_word' id='word_1_43' title='bbox 571 2334 738 2408; x_wconf 87' lang='lat' dir='ltr'>morbosa</span> <span class='ocrx_word' id='word_1_44' title='bbox 761 2332 936 2406; x_wconf 88' lang='lat' dir='ltr'>habenda.</span> <span class='ocrx_word' id='word_1_45' title='bbox 987 2333 1089 2407; x_wconf 89' lang='lat' dir='ltr'>Male</span> <span class='ocrx_word' id='word_1_46' title='bbox 1106 2337 1207 2410; x_wconf 83' lang='lat' dir='ltr'>enim</span> 
     </span>
     <span class='ocr_line' id='line_1_9' title="bbox 132 2441 1206 2544; baseline 0.001 -26"><span class='ocrx_word' id='word_1_47' title='bbox 132 2444 182 2518; x_wconf 88' lang='lat' dir='ltr'>de</span> <span class='ocrx_word' id='word_1_48' title='bbox 197 2444 385 2544; x_wconf 82' lang='lat' dir='ltr'>appetitus</span> <span class='ocrx_word' id='word_1_49' title='bbox 403 2442 547 2517; x_wconf 84' lang='lat' dir='ltr'>defectu</span> <span class='ocrx_word' id='word_1_50' title='bbox 572 2454 849 2542; x_wconf 86' lang='lat' dir='ltr'>conqueruntur</span> <span class='ocrx_word' id='word_1_51' title='bbox 863 2441 1062 2530; x_wconf 85' lang='lat' dir='ltr'>helluones,</span> <span class='ocrx_word' id='word_1_52' title='bbox 1087 2470 1206 2542; x_wconf 91' lang='lat' dir='ltr'>quum</span> 
     </span>
     <span class='ocr_line' id='line_1_10' title="bbox 131 2554 1207 2656; baseline -0.001 -24"><span class='ocrx_word' id='word_1_53' title='bbox 131 2578 276 2656; x_wconf 81' lang='lat' dir='ltr'>corpus,</span> <span class='ocrx_word' id='word_1_54' title='bbox 302 2563 426 2628; x_wconf 88' lang='lat' dir='ltr'>mente</span> <span class='ocrx_word' id='word_1_55' title='bbox 442 2555 575 2640; x_wconf 88' lang='lat' dir='ltr'>sanius,</span> <span class='ocrx_word' id='word_1_56' title='bbox 599 2555 734 2643; x_wconf 89' lang='lat' dir='ltr'>cibum,</span> <span class='ocrx_word' id='word_1_57' title='bbox 763 2579 840 2654; x_wconf 89' lang='lat' dir='ltr'>quo</span> <span class='ocrx_word' id='word_1_58' title='bbox 856 2577 930 2628; x_wconf 91' lang='lat' dir='ltr'>non</span> <span class='ocrx_word' id='word_1_59' title='bbox 948 2563 1043 2653; x_wconf 88' lang='lat' dir='ltr'>eget,</span> <span class='ocrx_word' id='word_1_60' title='bbox 1068 2554 1207 2631; x_wconf 86' lang='lat' dir='ltr'>fastidit</span> 
     </span>
     <span class='ocr_line' id='line_1_11' title="bbox 132 2668 340 2767; baseline -0.01 -25"><span class='ocrx_word' id='word_1_61' title='bbox 132 2676 174 2742; x_wconf 81' lang='lat' dir='ltr'>et</span> <span class='ocrx_word' id='word_1_62' title='bbox 187 2668 340 2767; x_wconf 82' lang='lat' dir='ltr'><strong>respuit.</strong></span> 
     </span>
    </p>

    <p class='ocr_par' dir='ltr' id='par_1_4' title="bbox 130 2777 1208 3325">
     <span class='ocr_line' id='line_1_12' title="bbox 180 2777 1206 2877; baseline -0.001 -23"><span class='ocrx_word' id='word_1_63' title='bbox 180 2800 352 2855; x_wconf 75' lang='lat' dir='ltr'>nexum.</span> <span class='ocrx_word' id='word_1_64' title='bbox 378 2777 515 2852; x_wconf 91' lang='lat' dir='ltr'>Nullus</span> <span class='ocrx_word' id='word_1_65' title='bbox 540 2777 600 2853; x_wconf 92' lang='lat' dir='ltr'>vel</span> <span class='ocrx_word' id='word_1_66' title='bbox 629 2778 758 2853; x_wconf 92' lang='lat' dir='ltr'>debilis</span> <span class='ocrx_word' id='word_1_67' title='bbox 787 2788 841 2853; x_wconf 89' lang='lat' dir='ltr'>est</span> <span class='ocrx_word' id='word_1_68' title='bbox 870 2780 1065 2877; x_wconf 89' lang='lat' dir='ltr'>appetitus,</span> <span class='ocrx_word' id='word_1_69' title='bbox 1092 2779 1206 2853; x_wconf 86' lang='lat' dir='ltr'>sicubi</span> 
     </span>
     <span class='ocr_line' id='line_1_13' title="bbox 130 2889 1205 2992; baseline 0.002 -29"><span class='ocrx_word' id='word_1_70' title='bbox 130 2889 360 2965; x_wconf 83' lang='lat' dir='ltr'>ventriculus</span> <span class='ocrx_word' id='word_1_71' title='bbox 371 2913 483 2988; x_wconf 88' lang='lat' dir='ltr'>quem</span> <span class='ocrx_word' id='word_1_72' title='bbox 498 2893 665 2988; x_wconf 87' lang='lat' dir='ltr'>proxime</span> <span class='ocrx_word' id='word_1_73' title='bbox 677 2902 880 2992; x_wconf 86' lang='lat' dir='ltr'><strong>sumpserat</strong></span> <span class='ocrx_word' id='word_1_74' title='bbox 890 2892 971 2966; x_wconf 94' lang='lat' dir='ltr'>cibo</span> <span class='ocrx_word' id='word_1_75' title='bbox 984 2917 1021 2965; x_wconf 90' lang='lat' dir='ltr'>se</span> <span class='ocrx_word' id='word_1_76' title='bbox 1038 2893 1205 2966; x_wconf 89' lang='lat' dir='ltr'>nondum</span> 
     </span>
     <span class='ocr_line' id='line_1_14' title="bbox 133 3001 1208 3103; baseline 0.004 -29"><span class='ocrx_word' id='word_1_77' title='bbox 133 3001 363 3076; x_wconf 83' lang='lat' dir='ltr'>liberaverit:</span> <span class='ocrx_word' id='word_1_78' title='bbox 390 3001 476 3074; x_wconf 89' lang='lat' dir='ltr'>binc</span> <span class='ocrx_word' id='word_1_79' title='bbox 491 3011 575 3100; x_wconf 90' lang='lat' dir='ltr'>post</span> <span class='ocrx_word' id='word_1_80' title='bbox 590 3003 784 3102; x_wconf 85' lang='lat' dir='ltr'>crapulam,</span> <span class='ocrx_word' id='word_1_81' title='bbox 812 3028 907 3103; x_wconf 87' lang='lat' dir='ltr'>saepe</span> <span class='ocrx_word' id='word_1_82' title='bbox 930 3004 1065 3091; x_wconf 92' lang='lat' dir='ltr'>nullus,</span> <span class='ocrx_word' id='word_1_83' title='bbox 1091 3006 1208 3079; x_wconf 86' lang='lat' dir='ltr'>donec</span> 
     </span>
     <span class='ocr_line' id='line_1_15' title="bbox 135 3112 1208 3216; baseline 0.002 -28"><span class='ocrx_word' id='word_1_84' title='bbox 135 3114 215 3188; x_wconf 85' lang='lat' dir='ltr'>haec</span> <span class='ocrx_word' id='word_1_85' title='bbox 228 3114 323 3188; x_wconf 88' lang='lat' dir='ltr'>bene</span> <span class='ocrx_word' id='word_1_86' title='bbox 338 3112 506 3187; x_wconf 82' lang='lat' dir='ltr'>exhalata</span> <span class='ocrx_word' id='word_1_87' title='bbox 521 3114 642 3189; x_wconf 88' lang='lat' dir='ltr'>fuerit.</span> <span class='ocrx_word' id='word_1_88' title='bbox 686 3114 826 3191; x_wconf 86' lang='lat' dir='ltr'>Deficit</span> <span class='ocrx_word' id='word_1_89' title='bbox 839 3141 998 3216; x_wconf 88' lang='lat' dir='ltr'>quoque,</span> <span class='ocrx_word' id='word_1_90' title='bbox 1016 3117 1208 3215; x_wconf 89' lang='lat' dir='ltr'>siquando</span> 
     </span>
     <span class='ocr_line' id='line_1_16' title="bbox 136 3225 1207 3325; baseline 0.003 -27"><span class='ocrx_word' id='word_1_91' title='bbox 136 3227 322 3300; x_wconf 79' lang='lat' dir='ltr'><em>concoctio</em></span> <span class='ocrx_word' id='word_1_92' title='bbox 348 3225 608 3300; x_wconf 83' lang='lat' dir='ltr'>alimentorum</span> <span class='ocrx_word' id='word_1_93' title='bbox 637 3251 748 3325; x_wconf 87' lang='lat' dir='ltr'>prava</span> <span class='ocrx_word' id='word_1_94' title='bbox 769 3238 843 3314; x_wconf 89' lang='lat' dir='ltr'>est;</span> <span class='ocrx_word' id='word_1_95' title='bbox 877 3251 963 3301; x_wconf 90' lang='lat' dir='ltr'>nam</span> <span class='ocrx_word' id='word_1_96' title='bbox 982 3228 1207 3301; x_wconf 87' lang='lat' dir='ltr'>ventriculus</span> 
     </span>
    </p>
   </div>
   <div class='ocr_carea' id='block_1_4' title="bbox 135 3336 1332 3436">
    <p class='ocr_par' dir='ltr' id='par_1_5' title="bbox 135 3336 1332 3436">
     <span class='ocr_line' id='line_1_17' title="bbox 135 3336 1332 3436; baseline 0.003 -26"><span class='ocrx_word' id='word_1_97' title='bbox 135 3336 292 3411; x_wconf 84' lang='lat' dir='ltr'>crudum</span> <span class='ocrx_word' id='word_1_98' title='bbox 320 3338 443 3412; x_wconf 91' lang='lat' dir='ltr'>cibum</span> <span class='ocrx_word' id='word_1_99' title='bbox 471 3363 567 3436; x_wconf 86' lang='lat' dir='ltr'>aegre</span> <span class='ocrx_word' id='word_1_100' title='bbox 595 3339 777 3414; x_wconf 75' lang='lat' dir='ltr'>intestinis</span> <span class='ocrx_word' id='word_1_101' title='bbox 804 3340 1002 3414; x_wconf 83' lang='lat' dir='ltr'>tradiderit.</span> <span class='ocrx_word' id='word_1_102' title='bbox 1067 3337 1207 3413; x_wconf 85' lang='lat' dir='ltr'>Deficit</span> <span class='ocrx_word' id='word_1_103' title='bbox 1330 3366 1332 3371; x_wconf 48' lang='lat'><strong>¹</strong></span> 
     </span>
    </p>
   </div>
   <div class='ocr_carea' id='block_1_5' title="bbox 135 3451 1209 4332">
    <p class='ocr_par' dir='ltr' id='par_1_6' title="bbox 135 3451 1209 4332">
     <span class='ocr_line' id='line_1_18' title="bbox 135 3451 1205 3551; baseline 0.002 -29"><span class='ocrx_word' id='word_1_104' title='bbox 135 3471 230 3548; x_wconf 87' lang='lat' dir='ltr'>saepe</span> <span class='ocrx_word' id='word_1_105' title='bbox 245 3458 395 3548; x_wconf 87' lang='lat' dir='ltr'>propter</span> <span class='ocrx_word' id='word_1_106' title='bbox 422 3451 718 3524; x_wconf 87' lang='lat' dir='ltr'>exercitationem</span> <span class='ocrx_word' id='word_1_107' title='bbox 742 3452 956 3551; x_wconf 84' lang='lat' dir='ltr'>neglectam,</span> <span class='ocrx_word' id='word_1_108' title='bbox 983 3474 1058 3548; x_wconf 89' lang='lat' dir='ltr'>qua</span> <span class='ocrx_word' id='word_1_109' title='bbox 1082 3459 1205 3524; x_wconf 90' lang='lat' dir='ltr'>totum</span> 
     </span>
     <span class='ocr_line' id='line_1_19' title="bbox 136 3561 1206 3661; baseline 0.001 -27"><span class='ocrx_word' id='word_1_110' title='bbox 136 3584 264 3661; x_wconf 88' lang='lat' dir='ltr'>corpus</span> <span class='ocrx_word' id='word_1_111' title='bbox 280 3561 467 3636; x_wconf 89' lang='lat' dir='ltr'>debuisset</span> <span class='ocrx_word' id='word_1_112' title='bbox 478 3562 617 3661; x_wconf 90' lang='lat' dir='ltr'>depleri</span> <span class='ocrx_word' id='word_1_113' title='bbox 631 3563 783 3660; x_wconf 83' lang='lat' dir='ltr'>(ncxrx)</span> <span class='ocrx_word' id='word_1_114' title='bbox 797 3563 966 3661; x_wconf 90' lang='lat' dir='ltr'>quamvis</span> <span class='ocrx_word' id='word_1_115' title='bbox 979 3562 1206 3636; x_wconf 83' lang='lat' dir='ltr'>ventriculus</span> 
     </span>
     <span class='ocr_line' id='line_1_20' title="bbox 137 3670 1204 3768; baseline 0.004 -25"><span class='ocrx_word' id='word_1_116' title='bbox 137 3670 209 3768; x_wconf 87' lang='lat' dir='ltr'>ipse</span> <span class='ocrx_word' id='word_1_117' title='bbox 224 3675 313 3747; x_wconf 88' lang='lat' dir='ltr'>satis</span> <span class='ocrx_word' id='word_1_118' title='bbox 341 3672 435 3747; x_wconf 90' lang='lat' dir='ltr'>bene</span> <span class='ocrx_word' id='word_1_119' title='bbox 459 3697 497 3746; x_wconf 93' lang='lat' dir='ltr'>se</span> <span class='ocrx_word' id='word_1_120' title='bbox 523 3674 667 3764; x_wconf 89' lang='lat' dir='ltr'>habeat,</span> <span class='ocrx_word' id='word_1_121' title='bbox 693 3685 730 3749; x_wconf 87' lang='lat' dir='ltr'>et</span> <span class='ocrx_word' id='word_1_122' title='bbox 755 3677 941 3750; x_wconf 84' lang='lat' dir='ltr'>concoctio</span> <span class='ocrx_word' id='word_1_123' title='bbox 965 3675 1060 3748; x_wconf 88' lang='lat' dir='ltr'>bona</span> <span class='ocrx_word' id='word_1_124' title='bbox 1084 3674 1204 3748; x_wconf 86' lang='lat' dir='ltr'>fuerit.</span> 
     </span>
     <span class='ocr_line' id='line_1_21' title="bbox 140 3780 1206 3885; baseline 0.001 -28"><span class='ocrx_word' id='word_1_125' title='bbox 140 3780 273 3858; x_wconf 87' lang='lat' dir='ltr'>Deficit</span> <span class='ocrx_word' id='word_1_126' title='bbox 290 3784 366 3857; x_wconf 89' lang='lat' dir='ltr'>fere</span> <span class='ocrx_word' id='word_1_127' title='bbox 381 3809 403 3857; x_wconf 90' lang='lat' dir='ltr'>a</span> <span class='ocrx_word' id='word_1_128' title='bbox 419 3809 607 3884; x_wconf 89' lang='lat' dir='ltr'>suppressa</span> <span class='ocrx_word' id='word_1_129' title='bbox 635 3811 699 3885; x_wconf 93' lang='lat' dir='ltr'>per</span> <span class='ocrx_word' id='word_1_130' title='bbox 727 3797 850 3860; x_wconf 90' lang='lat' dir='ltr'>cutem</span> <span class='ocrx_word' id='word_1_131' title='bbox 880 3786 1133 3870; x_wconf 81' lang='lat' dir='ltr'>exhalatione;</span> <span class='ocrx_word' id='word_1_132' title='bbox 1159 3785 1206 3858; x_wconf 86' lang='lat' dir='ltr'>ab</span> 
     </span>
     <span class='ocr_line' id='line_1_22' title="bbox 139 3897 1205 3996; baseline 0.002 -31"><span class='ocrx_word' id='word_1_133' title='bbox 139 3898 232 3969; x_wconf 91' lang='lat' dir='ltr'>omni</span> <span class='ocrx_word' id='word_1_134' title='bbox 249 3897 365 3970; x_wconf 90' lang='lat' dir='ltr'>etiam</span> <span class='ocrx_word' id='word_1_135' title='bbox 380 3897 574 3971; x_wconf 89' lang='lat' dir='ltr'>ventriculi</span> <span class='ocrx_word' id='word_1_136' title='bbox 603 3898 801 3984; x_wconf 89' lang='lat' dir='ltr'>debilitate,</span> <span class='ocrx_word' id='word_1_137' title='bbox 826 3899 942 3996; x_wconf 88' lang='lat' dir='ltr'>qualis</span> <span class='ocrx_word' id='word_1_138' title='bbox 960 3922 1057 3996; x_wconf 72' lang='lat' dir='ltr'>saepe</span> <span class='ocrx_word' id='word_1_139' title='bbox 1082 3897 1205 3971; x_wconf 94' lang='lat' dir='ltr'>subito</span> 
     </span>
     <span class='ocr_line' id='line_1_23' title="bbox 140 4000 1204 4108; baseline -0.001 -30"><span class='ocrx_word' id='word_1_140' title='bbox 140 4000 341 4091; x_wconf 81' lang='lat' dir='ltr'>inducitur;</span> <span class='ocrx_word' id='word_1_141' title='bbox 376 4017 414 4081; x_wconf 87' lang='lat' dir='ltr'>et</span> <span class='ocrx_word' id='word_1_142' title='bbox 442 4009 481 4082; x_wconf 92' lang='lat' dir='ltr'><em>in</em></span> <span class='ocrx_word' id='word_1_143' title='bbox 508 4011 609 4083; x_wconf 91' lang='lat' dir='ltr'>omni</span> <span class='ocrx_word' id='word_1_144' title='bbox 638 4011 790 4084; x_wconf 90' lang='lat' dir='ltr'>demum</span> <span class='ocrx_word' id='word_1_145' title='bbox 807 4010 906 4083; x_wconf 83' lang='lat' dir='ltr'>febre</span> <span class='ocrx_word' id='word_1_146' title='bbox 922 4011 1108 4108; x_wconf 88' lang='lat' dir='ltr'>appetitus</span> <span class='ocrx_word' id='word_1_147' title='bbox 1133 4006 1204 4081; x_wconf 91' lang='lat' dir='ltr'><em>cibi</em></span> 
     </span>
     <span class='ocr_line' id='line_1_24' title="bbox 142 4116 1202 4218; baseline -0.003 -28"><span class='ocrx_word' id='word_1_148' title='bbox 142 4134 265 4208; x_wconf 80' lang='lat' dir='ltr'>parvus</span> <span class='ocrx_word' id='word_1_149' title='bbox 281 4129 358 4191; x_wconf 90' lang='lat' dir='ltr'>est:</span> <span class='ocrx_word' id='word_1_150' title='bbox 384 4143 504 4218; x_wconf 89' lang='lat' dir='ltr'>neque</span> <span class='ocrx_word' id='word_1_151' title='bbox 521 4123 683 4218; x_wconf 87' lang='lat' dir='ltr'>profecto</span> <span class='ocrx_word' id='word_1_152' title='bbox 698 4122 831 4195; x_wconf 88' lang='lat' dir='ltr'>certius</span> <span class='ocrx_word' id='word_1_153' title='bbox 855 4121 965 4194; x_wconf 88' lang='lat' dir='ltr'>datur</span> <span class='ocrx_word' id='word_1_154' title='bbox 981 4120 1126 4218; x_wconf 85' lang='lat' dir='ltr'>signum</span> <span class='ocrx_word' id='word_1_155' title='bbox 1152 4116 1202 4188; x_wconf 89' lang='lat' dir='ltr'>fe-</span> 
     </span>
     <span class='ocr_line' id='line_1_25' title="bbox 143 4220 1209 4332; baseline 0.002 -34"><span class='ocrx_word' id='word_1_156' title='bbox 143 4220 204 4301; x_wconf 85' lang='lat' dir='ltr'>bris</span> <span class='ocrx_word' id='word_1_157' title='bbox 219 4229 440 4317; x_wconf 88' lang='lat' dir='ltr'>deoedentis,</span> <span class='ocrx_word' id='word_1_158' title='bbox 466 4257 576 4330; x_wconf 90' lang='lat' dir='ltr'>quam</span> <span class='ocrx_word' id='word_1_159' title='bbox 593 4234 664 4307; x_wconf 89' lang='lat' dir='ltr'><em>cibi</em></span> <span class='ocrx_word' id='word_1_160' title='bbox 680 4234 892 4332; x_wconf 88' lang='lat' dir='ltr'>appetentia</span> <span class='ocrx_word' id='word_1_161' title='bbox 920 4230 1048 4305; x_wconf 88' lang='lat' dir='ltr'>redux.</span> <span class='ocrx_word' id='word_1_162' title='bbox 1099 4225 1209 4314; x_wconf 82' lang='lat' dir='ltr'>Quin</span> 
     </span>
    </p>
   </div>
   <div class='ocr_carea' id='block_1_6' title="bbox 0 0 1344 4794">
    <p class='ocr_par' dir='ltr' id='par_1_7' title="bbox 0 0 1344 4794">
     <span class='ocr_line' id='line_1_26' title="bbox 0 0 1344 4794; baseline 0 0"><span class='ocrx_word' id='word_1_163' title='bbox 0 0 1344 4794; x_wconf 95' lang='lat' dir='ltr'> </span> 
     </span>
    </p>
   </div>
  </div>
 </body>
</html>
