2678 4794
39 358 45 365 ’
139 367 188 436 44
546 374 799 432 cousrucrus
1060 375 1148 432 car.
1165 376 1219 431 rv.

138 555 236 647 bilia,
253 579 412 657 quaeque
427 552 488 629 vel
504 562 636 654 praeter
657 551 809 628 solitum
825 550 939 626 laxari
961 551 1022 626 vel
1044 553 1219 641 distendi,

18 712 21 716 ⁴
138 669 201 745 vel
230 671 383 745 demum
411 665 633 740 inflammari
647 675 825 766 possunt;
850 677 935 739 tum
951 665 1113 764 denique
1137 691 1219 766 par·

137 783 247 870 tium,
264 774 537 881 qualescunque
552 779 703 867 fuerint,
720 779 900 853 rationem
912 777 1044 852 habere
1060 788 1218 876 oportet,

137 920 225 995 quae
247 894 339 968 fines
371 916 571 968 nervorum
599 893 833 966 tenuissimos
865 901 904 965 et
936 891 1108 965 acerrime
1137 914 1218 964 sen·

136 1010 269 1084 tientes
295 1017 432 1106 tegunt
447 1016 486 1080 et
514 1005 732 1091 defendunt,
762 1013 800 1079 et
827 1004 906 1078 vim
933 1003 1219 1103 impressionum

135 1119 196 1196 vel
211 1128 352 1220 augent
367 1119 428 1194 vel
446 1129 662 1220 temperant.
705 1117 844 1206 Quales
861 1123 949 1193 sunt
966 1115 1126 1192 cuticula
1137 1114 1218 1189 ubi-

134 1256 209 1332 que
225 1234 398 1333 corporis,
415 1234 512 1308 auris
522 1244 606 1307 tum
622 1241 775 1306 externa
791 1240 876 1304 tum
892 1232 1046 1318 interna,
1063 1226 1218 1327 ejusque

133 1353 278 1419 meatus
293 1338 474 1446 uterque3
499 1356 538 1420 et
553 1346 645 1420 varii
661 1344 815 1418 demum
833 1343 930 1418 oculi
948 1343 1130 1418 humores.

181 1480 322 1534 οων.
347 1459 464 1534 Porro
488 1484 512 1534 a
535 1459 665 1534 multis
690 1459 807 1532 causis
836 1458 999 1544 internis,
1025 1455 1127 1531 nulla
1150 1467 1218 1531 aut

129 1568 289 1666 juvante
317 1582 383 1667 aut
415 1581 655 1646 concurrente
687 1580 850 1657 externa,
888 1593 1013 1644 sensus
1046 1569 1216 1645 nonnulli

131 1683 314 1759 oriuntur.
367 1683 452 1783 Ipsa
469 1708 574 1758 mens
587 1681 645 1756 sui
661 1683 815 1770 conscia,
831 1691 870 1757 et
883 1684 974 1757 varii
991 1682 1070 1779 ejus
1087 1692 1216 1771 status,

131 1797 319 1895 cogitatio,
357 1798 544 1885 memoria,
579 1796 806 1895 imaginatio,
841 1794 1024 1882 voluntas,
1061 1795 1219 1871 affectus

131 1929 270 1997 omnes,
296 1909 370 1984 huc
385 1910 509 1983 referri
526 1920 689 2009 possunt.
740 1909 844 1983 'l'um
861 1932 1013 2011 quoque
1028 1910 1122 1983 varii
1139 1934 1216 1984 cor-
1268 1935 1275 1948 ’

88 2020 108 2120 f
130 2021 229 2119 poris
246 2032 374 2108 status,
390 2022 508 2121 vigor,
526 2021 704 2112 debilitas,
721 2020 894 2109 alacritas,
912 2032 1050 2121 torpor,
1073 2021 1217 2097 lassitu-

132 2132 192 2219 do,
210 2130 324 2219 dolor,
341 2134 519 2222 anxietas,
544 2134 718 2235 pruritus,
744 2135 941 2234 appetitus,
967 2134 1085 2209 veluti
1101 2135 1216 2210 fames

130 2253 171 2319 et
186 2245 275 2333 sitis,
301 2248 561 2348 propensiones
589 2248 742 2322 demum
760 2247 901 2335 multae,
926 2246 1052 2347 quales
1068 2248 1116 2322 ad
1140 2258 1216 2322 tus·

130 2357 213 2446 sim,
226 2359 424 2446 vomitum,
442 2359 570 2435 alvum
586 2361 848 2448 evacuandam,
871 2370 910 2434 et
926 2361 1069 2448 similia,
1086 2360 1216 2460 impel-

130 2469 225 2545 lunt.
293 2470 496 2573 Plerosque
522 2499 611 2548 vero
644 2474 778 2548 horum
810 2498 998 2560 sensuum,
1031 2485 1216 2573 quatenus

129 2584 292 2683 corporei
311 2596 409 2673 sunt,
432 2587 646 2661 adsensum
663 2597 782 2661 tactus
799 2586 930 2660 referre
947 2586 1115 2659 solemus.

180 2717 303 2770 cxcv,
323 2698 468 2785 Sensus,
487 2701 737 2783 tumextemi,
754 2704 837 2772 tum
856 2696 1002 2781 interni,
1021 2718 1214 2791 nunquam

128 2817 297 2880 accurate
321 2809 369 2880 ad
393 2809 522 2882 classes
538 2809 597 2881 vel
614 2831 750 2906 genera
773 2805 876 2879 relati
904 2816 1001 2879 sunt
1052 2805 1213 2881 Externi

129 2940 227 3002 vero,
253 2939 399 3014 semper
414 2929 453 2990 et
470 2919 610 3016 ubique
636 2918 682 2991 ad
707 2918 877 3016 quinque
901 2940 1035 3015 genera
1052 2919 1214 2994 referun-

127 3037 200 3114 tur,
226 3050 361 3125 nempe
391 3028 526 3117 visum,
556 3016 739 3117 andnam,
775 3027 963 3117 olfactum,
988 3041 1142 3130 gustum
1173 3046 1214 3110 et

127 3149 280 3225 tactum.
331 3140 447 3228 Quod
472 3143 610 3240 priores
628 3151 789 3240 quatuor
810 3152 959 3242 spectat,
985 3166 1112 3243 paucae
1137 3170 1213 3221 cor-

126 3276 261 3350 porum
281 3265 519 3329 extemorum
539 3254 744 3354 qualitates,
770 3281 862 3355 quas
879 3257 1137 3356 unusquisque
1154 3284 1213 3334 eo-

1 3397 2 3402 *
125 3389 211 3438 rum
238 3368 406 3467 percipit,
431 3367 536 3442 facile
563 3368 601 3442 in
629 3366 757 3445 classes
773 3395 794 3445 a
811 3395 850 3445 se
865 3371 1025 3445 invicem
1054 3372 1214 3449 diversas

125 3476 366 3567 reducuntur,
392 3490 430 3554 et
459 3480 506 3554 ad
524 3503 644 3555 unum
672 3491 711 3556 et
727 3485 919 3583 proprium
949 3509 1096 3560 sensnm
1123 3486 1214 3560 refe-

126 3600 270 3664 runtur.
313 3592 513 3691 imprimis,
530 3595 619 3693 qnia
637 3620 764 3671 sensus
780 3598 859 3696 ipse
876 3599 1059 3698 singulare
1076 3608 1114 3672 et
1131 3623 1214 3697 pro-

126 3702 250 3800 prium
269 3728 452 3804 organum
469 3706 592 3798 habet,
609 3733 734 3808 neque
746 3711 832 3784 alibi
849 3713 1050 3810 incorpore
1066 3711 1227 3799 insidet*

126 3825 193 3889 aut
208 3817 332 3914 quivis
359 3820 474 3892 modo
500 3823 654 3925 excitari
670 3832 812 3920 potest3
847 3834 930 3898 tum
948 3846 1099 3922 qnoque
1125 3825 1215 3921 quia

127 3920 253 4003 sensils
278 3952 460 4030 organum
490 3932 537 4006 ab
565 3957 646 4008 uno
673 3959 808 4034 genere
837 3927 1018 4034 impuls‘us
1043 3935 1214 4024 afficitur,
1245 4019 1249 4029 ι

124 4039 243 4115 veluti
256 4040 358 4128 lucis,
376 4052 582 4120 tremorum
597 4048 698 4135 ac'ris,
709 4047 971 4146 particularum
983 4046 1189 4121 volatilium
1204 4077 1213 4134 ;

125 4146 207 4228 tum
235 4155 400 4255 denique
415 4158 505 4257 quia
531 4161 787 4260 perceptiones
812 4183 860 4232 ex
877 4158 1030 4258 singulis
1054 4160 1213 4234 istorum

122 4287 311 4361 sensuum,
328 4273 575 4370 quantumvis
592 4273 691 4348 inter
707 4298 746 4348 sc
762 4272 909 4349 differre
926 4272 1132 4361 videantur,
1148 4271 1212 4346 ali·
