2678 4794
177 352 249 423 2⁸0
304 315 306 319 ⁵
572 352 822 419 cousmoros
955 433 959 441 Ι
1018 328 1142 416 'cau
1160 360 1264 418 xxrr.

180 541 368 646 phthiseos
384 537 553 641 periculo.
596 537 624 612 J
625 559 761 610 uvenes
777 542 940 633 quoque,
952 535 1087 632 partim
1105 540 1154 613 ob
1170 540 1266 614 hano

55 704 57 709 ·
181 659 335 733 nimiam
358 651 544 751 sanguinis
567 647 843 736 abundantiam,
867 660 1009 745 partem
1036 649 1085 723 ob
1109 663 1268 728 austum

182 769 344 847 universi
359 763 516 863 corporis
531 762 710 861 vigorem,
735 761 959 861 gravissimis
976 760 1138 836 febribus
1154 772 1193 836 et
1210 765 1268 836 in-

181 876 489 958 flammationibus
506 874 657 948 obnoxii
676 873 785 947 fiunt.
836 873 980 948 Puella
990 887 1175 972 praterea,
1192 875 1267 949 sin-

181 995 345 1096 gularem
369 986 641 1062 constitutionis
657 985 915 1071 mobilitatem,
941 987 1042 1085 prius
1059 986 1126 1059 vix
1143 987 1267 1059 obser-

181 1105 351 1191 vandam,
387 1112 426 1174 et
449 1100 600 1175 sortasse
625 1124 647 1173 a
672 1109 772 1174 statu
795 1097 1016 1198 genitalium
1042 1109 1267 1198 organorum

156 1284 160 1303 ,
180 1209 457 1317 quodammodo
471 1213 709 1313 pendentem,
726 1213 934 1312 acquirunt,
955 1234 1030 1310 qua
1046 1211 1093 1284 ad
1110 1209 1267 1310 hysteri-

184 1344 245 1403 σπι
260 1327 439 1428 proclives
455 1326 562 1401 fiunt

230 1457 419 1518 nccccxr.
440 1438 552 1513 Virili
567 1440 667 1515 atati
684 1437 826 1538 optima
841 1434 1063 1536 plerumque
1079 1446 1118 1510 et
1137 1434 1264 1510 firmis·

181 1553 274 1628 sima
290 1552 466 1627 valetudo
482 1552 688 1650 contingit:
713 1549 893 1623 nimirum
910 1573 1028 1648 quum
1046 1572 1176 1622 omnes
1193 1568 1264 1624 cor,

180 1669 279 1768 poris
295 1676 415 1767 partes
425 1665 563 1764 justam
574 1664 861 1764 proportionem,
878 1678 917 1736 et
929 1662 1099 1749 formam,
1115 1673 1156 1736 et
1166 1663 1264 1762 vigo

178 1796 268 1867 rem,
299 1768 397 1878 jam¹
416 1777 558 1878 adeptae
583 1776 667 1864 sint,
702 1797 825 1874 neque
858 1774 975 1847 nimia
998 1774 1058 1848 vel
1087 1775 1264 1850 universe

178 1893 404 1991 oompaginis
420 1890 481 1965 vel
497 1889 729 1989 quarundam
754 1908 830 1988 prae
845 1886 924 1961 aliis
941 1888 1109 1986 partibus
1142 1886 1265 1986 rigidi-

178 2014 234 2078 tas
247 2004 446 2091 accesserit,
463 2021 586 2102 neque
595 2003 653 2077 vis
666 2008 825 2078 metrosa
837 1998 994 2087 deficiat,
1006 2022 1132 2100 neque
1143 2011 1264 2074 motus

156 2116 379 2191 humorum
405 2116 640 2216 languenam
668 2125 708 2190 et
732 2115 784 2189 sic
800 2114 918 2189 viria
946 2113 1084 2187 morbis
1102 2112 1264 2187 infantiae

123 2316 125 2320 Α
178 2238 245 2306 aut
264 2228 475 2326 juventutis
500 2229 577 2304 fere
600 2229 798 2316 immunes,
823 2226 915 2302 senii
932 2225 1070 2299 morbis
1096 2227 1265 2303 nondum

179 2341 265 2417 facti
283 2343 357 2417 sint
373 2343 537 2419 obnoxii.

229 2464 432 2532 nocemur.
460 2457 585 2532 Status
602 2463 727 2530 autem
745 2452 903 2554 corporis
918 2452 1085 2540 humani,
1103 2452 1265 2527 strictius

179 2568 231 2642 sic
246 2561 377 2657 metus,
395 2568 519 2643 nullus
532 2568 854 2671 profectoexistit;
872 2566 1151 2666 quamprimum
1162 2564 1266 2639 enim

179 2701 284 2754 snam
309 2680 572 2779 perfectionem
589 2681 784 2780 attigerit,
810 2681 946 2767 statim,
972 2678 1146 2777 quamvis
1171 2700 1267 2776 sape

178 2789 292 2878 lente,
317 2791 502 2879 dilabitur,
527 2803 567 2866 et
591 2815 676 2866 sane
704 2813 771 2892 per
799 2791 943 2865 easdem
962 2814 1097 2879 causas,
1123 2787 1265 2888 quaid

177 2900 278 2997 prius
294 2902 341 2974 ad
357 2918 460 2975 suam
478 2903 740 3002 perfectionem
757 2903 1007 3000 perduxerant
1024 2907 1113 2996 (ΧΗ,
1132 2907 1232 2999 xix).

229 3018 447 3087 neocoilin.
486 3013 773 3112 Rigescentibus
814 3015 934 3113 primo
975 3017 1138 3115 partibus
1178 3038 1265 3113 qum

180 3124 342 3198 maxime
366 3126 675 3224 comprimuntur,
710 3126 852 3200 arteria
887 3127 990 3201 brevi
1027 3128 1138 3205 nimis
1162 3127 1267 3203 dorm

181 3246 219 3310 et
235 3237 366 3312 validae
390 3237 501 3325 liunt,
526 3247 564 3311 et
589 3247 819 3313 mulctantur
835 3239 1025 3338 paulatim,
1055 3253 1095 3316 et
1123 3240 1203 3314 vim
1228 3249 1266 3316 et

181 3349 392 3425 firmitatem
418 3345 597 3424 venarum
634 3349 784 3424 tandem
822 3362 971 3452 aequant
995 3353 1056 3427 vel
1091 3360 1264 3452 superant

182 3463 388 3551 (ccccxm'v,
405 3470 592 3562 ccocxnr),
617 3478 694 3562 quo
710 3464 754 3538 fit
783 3465 926 3565 utplus
946 3465 1050 3563 justo
1075 3464 1265 3566 sanguinis

180 3572 220 3644 in
237 3576 341 3647 venis
357 3585 585 3674 congeratur,
603 3578 804 3678 prasertim
820 3578 859 3651 in
877 3579 921 3652 iis
937 3578 1102 3676 partibus
1125 3579 1166 3652 in
1184 3577 1265 3678 qui·

180 3683 250 3758 bus
267 3684 478 3784 languidius
495 3699 678 3776 movetur,
704 3701 742 3763 et
766 3712 922 3788 quarum
942 3714 1046 3765 vena
1063 3690 1182 3765 valvis
1210 3714 1265 3766 m·

180 3796 273 3883 rent,-
298 3808 336 3871 et
364 3817 496 3896 parum
523 3800 653 3876 auxilii
671 3799 808 3875 habent
835 3812 980 3878 amotu
996 3803 1265 3878 musculorum.

182 3910 242 3986 Sic¹
258 3911 296 3983 in
314 3912 511 3988 abdomine
529 3915 692 4013 (ccccm
709 3926 747 3989 et
764 3914 803 3988 in
821 3917 939 4015 capite
957 3917 1153 4017 (ccccxxr),
1184 3940 1266 4015 pro·

144 4060 147 4067 =
179 4030 283 4097 vecta
300 4030 418 4112 aetate,
435 4025 618 4125 plurimus
635 4028 784 4127 sanguis
801 4052 895 4127 saepe
912 4030 1135 4129 congeritur,
1163 4028 1266 4106 unde

180 4134 425 4226 ammons,
449 4146 489 4212 et
512 4139 695 4213 viscerum
719 4139 997 4234 obstructiones,
1034 4150 1073 4218 et
1100 4143 1266 4244 hydropa

180 4248 389 4351 aliquando,
406 4257 444 4327 et
461 4250 646 4356 paralysis,
663 4261 703 4326 et
720 4251 930 4362 apoplecio.
