2678 4794
122 376 193 442 182
419 408 423 415 ¹
512 384 762 441 CONSPECTUS
990 392 1077 447 CAP.
1095 392 1193 450 xv11.

123 564 284 639 succedit
301 561 487 661 expiratio,
512 561 564 634 itu
579 560 726 649 directa,
743 572 787 636 ut
802 570 873 650 abin
897 563 1050 640 immani
1067 570 1117 656 vi,
1133 593 1198 669 per

121 700 163 750 os
179 686 219 749 et
247 698 358 761 nares,
383 696 473 770 quas
501 682 621 771 partes
647 674 869 748 transeundo
884 686 1015 764 verrat,
1040 680 1200 777 expella-

121 796 194 862 tur.
229 784 427 860 Convulsio
443 783 520 882 ipsa
536 784 628 858 tussi
644 784 765 859 multo
780 785 1032 862 vehementior
1046 799 1111 876 est,
1129 791 1202 863 vix

122 900 171 971 ad
195 897 385 971 arbitrium
411 896 605 970 excitanda
632 907 698 971 aut
726 896 924 986 imitabilis,
949 899 979 972 si
1003 901 1203 998 propensio

123 1008 225 1084 fortis
239 1008 353 1095 adest,
369 1006 584 1082 difficillime
599 1008 871 1107 aompesoenda,
888 1032 1092 1109 corpusque
1116 1012 1201 1087 uni-

123 1144 281 1207 versum,
298 1120 416 1219 magis
431 1145 546 1219 quam
563 1120 682 1207 tussis,
699 1120 878 1218 quatiens,
895 1130 934 1195 et
949 1121 1124 1196 excitans.

171 1252 311 1307 ncxrn
337 1232 397 1306 Ut
414 1232 522 1307 tussis
539 1232 586 1305 ab
602 1232 804 1305 imitatione
816 1230 996 1332 glottidr's,
1013 1244 1051 1308 et
1066 1258 1202 1333 asperae

121 1343 272 1430 arteriae,
297 1356 336 1417 et
353 1342 625 1431 truncatorum,
642 1352 681 1417 et
696 1343 890 1443 pulmonis,
915 1346 966 1419 sio
981 1348 1200 1424 sternutatio

122 1455 169 1528 ab
193 1456 397 1529 irritatione
412 1457 638 1530 membranoe
663 1455 808 1530 narium
832 1456 1050 1557 plerumque
1073 1460 1201 1547 oritur,

122 1568 238 1642 rarius
254 1592 276 1641 a
291 1589 469 1642 oonsensu
486 1591 573 1641 cum
592 1567 743 1640 remotis
759 1568 941 1667 partibus3
967 1571 1046 1669 pari
1060 1569 1136 1643 seru
1158 1596 1201 1647 ao

123 1680 232 1754 tussis
248 1681 399 1767 ratione,
424 1704 569 1754 causam
587 1677 803 1753 irritationis
819 1692 1041 1770 summovet,
1063 1681 1123 1756 vel
1137 1682 1200 1757 ab·

124 1793 265 1892 stergit,
282 1802 321 1866 et
337 1792 479 1890 corpori
493 1792 609 1891 igitur
621 1813 717 1888 saepe
731 1790 890 1891 prodest,
906 1792 1102 1893 aliquando
1111 1818 1201 1869 vero

123 1914 241 1989 nocet
276 1903 412 1978 scilieet
436 1904 467 1977 si
489 1903 600 1977 nimis
625 1901 822 1976 vehemens
846 1901 966 1996 fuerit,
1001 1916 1067 1981 aut
1089 1906 1200 1985 nimis

125 2037 220 2113 saepe
235 2016 400 2114 repetita,
416 2024 482 2093 aut
498 2015 608 2091 nimis
624 2014 690 2089 diu
706 2015 928 2093 continuata.
