2678 4794
130 255 214 312 err.
229 247 337 306 xm
431 243 653 302 immensas
670 244 958 303 annonarios.
1135 237 1207 315 175

128 429 358 528 interrupta,
385 435 424 500 et
439 423 546 498 valde
562 447 700 498 sonorae
724 425 969 523 expirationes
994 427 1205 518 succedunt,
1243 469 1245 472 >

126 543 226 618 adeo
242 551 286 616 ut
300 538 445 638 spiritus
462 559 732 635 nonnunquam
748 536 823 610 fere
848 538 1124 627 intercludatur,
1148 543 1209 616 vel

127 678 218 730 vasa
233 652 448 751 sanguinem
462 649 634 723 vehentia
650 649 836 747 pulmonis
853 649 950 724 ultra
966 653 1120 726 modum
1138 654 1208 728 dis-

127 766 405 841 tenta-demum
423 770 653 861 rumpantur,
669 785 744 858 non
762 762 839 836 sine
851 762 1099 838 suffocationis
1114 766 1209 863 peri-

122 879 222 954 culo.
274 877 450 952 Nascitur
465 874 684 974 plerumque
695 875 742 948 ab
753 876 866 949 animi
882 874 1075 951 affectione
1085 877 1208 976 aliqua

124 1014 236 1078 nova,
261 990 348 1074 levi,
374 995 491 1088 grata,
520 986 669 1074 ludicra,
703 1011 800 1085 aegre
824 987 1053 1074 definienda;
1090 989 1151 1063 vel
1187 995 1241 1062 a·

130 1103 344 1179 titillatione
360 1101 518 1201 partium
543 1100 700 1197 corporis
716 1101 961 1196 quamndam,
990 1125 1076 1199 quae
1099 1101 1210 1176 acrio·

132 1239 211 1292 tem
228 1238 375 1289 sensum
395 1212 540 1286 habent.
590 1211 802 1285 Vehemens
817 1212 980 1310 periculo
996 1237 1070 1289 non
1089 1223 1209 1301 mrem

135 1327 301 1402 modicus
332 1324 588 1399 saluberrimus
621 1321 795 1409 habetur;
831 1348 981 1398 cursum
1005 1327 1104 1399 enim
1130 1350 1210 1400 san·

138 1437 266 1538 prinis
280 1448 377 1536 grate
392 1445 606 1535 promovet,
636 1444 674 1508 et
690 1444 811 1508 totum
829 1459 959 1534 corpus
975 1439 1098 1536 quatit
1113 1440 1210 1513 exci-

89 1584 99 1592 ·
140 1558 293 1648 tatque3
317 1572 382 1624 nec
407 1548 531 1622 minus
554 1547 704 1621 forsitan
729 1547 878 1622 adrem
904 1551 1074 1647 pertinet,
1107 1552 1210 1649 quod

138 1671 301 1737 mentem
317 1661 546 1761 gravioribus
570 1660 666 1734 curis
689 1684 840 1735 vacuam
858 1655 1021 1735 denotat.
1072 1663 1210 1740 Risum

139 1775 335 1851 comitatur
346 1772 474 1849 vultus
491 1773 623 1862 hilaris,
640 1772 760 1848 verbis
776 1772 876 1849 haud
892 1771 995 1847 facile
1011 1775 1212 1875 depingen-

137 1887 215 1964 dus.

187 2022 380 2077 nuxxxlx.
418 1999 549 2075 Fletus
581 2001 669 2077 huic
702 1959 903 2100 opposilus,
937 2001 966 2075 si
998 2024 1121 2076 causas
1150 2023 1213 2074 ex-

139 2112 293 2189 citantes
324 2123 540 2213 spectamus,
572 2114 841 2188 machinatione
872 2116 1035 2211 partium
1068 2139 1143 2214 qua
1173 2112 1216 2187 fit

139 2249 271 2325 parurn
303 2225 449 2311 differt;
484 2226 570 2300 huic
602 2248 753 2324 quoque
784 2223 894 2322 plena
918 2226 1106 2324 inspiratio
1131 2250 1215 2299 con-

141 2337 262 2439 tingit,
297 2348 335 2413 et
359 2339 496 2424 breves,
521 2338 653 2425 fractae,
679 2362 818 2412 sonorae
842 2339 1096 2435 expirationes,
1131 2361 1215 2411 curn

141 2474 227 2527 voce
252 2450 355 2524 edita
377 2448 532 2549 querula
567 2459 681 2548 atque
705 2451 856 2546 ingrata.
931 2448 1072 2522 Vultus
1107 2446 1217 2520 simul

141 2564 252 2639 tristis
276 2573 344 2650 est,
382 2574 419 2638 et
443 2562 641 2660 lachrymae
675 2560 929 2635 effunduntur.
1004 2560 1071 2633 Ab
1095 2559 1219 2656 aliquo

142 2677 242 2774 gravi
268 2676 384 2749 animi
405 2673 551 2761 affectu,
586 2696 744 2747 moerore
772 2671 962 2770 imprimis,
999 2670 1220 2770 plerumque

141 2788 266 2876 oritur,
283 2787 521 2886 eundemque
534 2785 697 2861 multum
710 2784 831 2858 levare
843 2783 955 2858 solet:
983 2783 1109 2857 saltem
1127 2783 1220 2882 peri·

144 2899 221 2974 urla
249 2925 273 2972 a
297 2898 363 2972 tali
391 2900 505 2973 animi
534 2896 668 2972 affectu
702 2896 877 2970 instantia
904 2897 998 2987 (uxr,
1032 2903 1220 2995 cessum)

142 3036 254 3111 qnam
270 3011 413 3110 optime
429 3034 639 3110 praecavere.
690 3007 855 3083 Infantes
872 3032 1023 3106 quoque
1046 3035 1068 3082 a
1097 3008 1221 3082 dolore

144 3123 303 3221 corporis
318 3146 415 3222 saepe
443 3123 545 3197 flent.
594 3123 697 3198 Raro
722 3120 945 3221 periculosus
970 3132 1035 3209 est,
1064 3123 1134 3195 nisi
1159 3122 1222 3196 ali-

147 3234 296 3332 quando
310 3235 523 3323 infantibus,
540 3236 675 3334 quibus
692 3244 730 3308 et
747 3236 839 3309 risus
856 3246 895 3307 et
911 3232 1021 3308 fletus
1049 3234 1221 3307 alerissi-

145 3345 218 3419 mis
233 3348 347 3421 musis
363 3347 653 3421 vehementiores
682 3361 769 3422 sunt
786 3370 900 3446 quam
916 3346 1060 3420 adultis.
1111 3346 1223 3421 Uter-

146 3481 220 3556 que
246 3456 442 3558 tyrtanis
469 3460 798 3558 frequentissimus,
827 3469 866 3532 et
893 3457 1122 3544 immodicus,
1147 3480 1223 3532 non

147 3579 280 3659 tamen,
297 3581 343 3646 ut
360 3571 519 3659 videtur,
544 3572 623 3645 sine
638 3590 744 3645 eausa
760 3570 892 3669 aliqua,
917 3594 1003 3644 vera
1019 3569 1078 3643 vel
1094 3570 1225 3668 imagi·

149 3683 256 3771 uaria,
272 3683 447 3780 quamvis
464 3707 609 3756 cansam
626 3682 721 3756 hanc
748 3706 844 3781 saepe
859 3682 978 3755 nolint
1004 3682 1118 3756 fateri.
1166 3683 1224 3756 U-

150 3801 276 3892 terque
293 3794 436 3868 homini
452 3796 632 3893 proprius,
658 3795 807 3869 fortasse
823 3795 910 3892 quia
927 3796 973 3869 ab
989 3796 1101 3869 animi
1117 3795 1222 3869 affec-

152 3903 311 3980 tionibus
327 3906 454 3992 oritur,
470 3905 641 4004 qualibus
657 3905 790 3981 belluae
805 3918 937 3981 carent.

197 4038 288 4092 nxc.
330 4016 521 4115 Singultus
557 4018 708 4093 forsitan
744 4020 800 4094 his
824 4020 1120 4094 annumerandus
1157 4025 1223 4098 est,

152 4128 288 4228 quippe
305 4128 372 4226 qui
389 4153 482 4228 saepe
498 4132 641 4230 integra
651 4130 863 4208 valetudine
878 4133 1065 4209 utentibus
1075 4127 1223 4204 accidat,
