2678 4794
160 388 247 444 ω».
264 389 408 446 xxxm.
459 386 680 444 unnrcrun
698 389 988 448 annoanmcn.
1160 375 1232 449 ⁵01

152 591 224 666 pus
242 569 386 643 modico
398 565 523 664 frigori
535 566 718 666 objicitur,
735 567 796 642 vel
812 567 938 643 nullus
954 566 1084 642 saltem
1099 577 1233 668 praeter

150 681 301 756 solitum
318 681 414 756 calor
439 679 636 756 adhibetur
663 683 762 755 inter
787 691 985 781 argentum
1013 682 1145 756 vivum
1173 705 1233 758 su·

148 794 339 882 mendum,
366 806 449 868 turn
467 817 563 891 saepe
580 795 726 868 urinam
743 793 938 894 insigniter
953 806 1091 871 movet.
1143 794 1231 870 Hoc

146 915 271 980 autem
289 907 423 981 certius
441 905 561 979 adhuc
577 905 674 994 facit,
691 906 722 981 si
732 929 808 982 nou
819 906 940 981 solum
957 906 1089 983 datum
1107 907 1229 997 fuerit,

146 1018 212 1091 sed
227 1008 398 1093 unacum
411 1017 484 1092 alio
495 1017 779 1108 medicamento,
795 1019 915 1095 veluti
926 1017 1025 1095 scilla
1037 1021 1230 1110 maritima,

145 1140 212 1203 aut
227 1129 381 1237 digitali
398 1154 593 1229 purpurea,
610 1130 713 1230 quod
725 1130 765 1204 id
773 1133 880 1230 quasi
895 1133 943 1208 ad
960 1157 1065 1208 renes
1081 1133 1228 1234 dirigat

144 1241 378 1339 Hujusmodi
403 1244 622 1343 compositio
648 1254 687 1319 et
712 1244 924 1341 conjunctio
941 1246 1228 1322 medicamento-

143 1377 240 1443 rum,
257 1357 464 1431 remedium
481 1355 706 1432 diurnium
722 1357 891 1431 omnium
908 1357 983 1433 fere
999 1383 1086 1457 quae
1106 1358 1228 1433 bacte-

145 1486 217 1539 nus
235 1470 384 1565 cognita
399 1470 539 1544 fuerint
555 1468 848 1554 efficacissimum
865 1468 1015 1566 proebet.

195 1598 408 1656 Mccccmv.
426 1581 630 1668 Postremo,
655 1582 754 1656 inter
768 1580 932 1654 remedia
958 1579 1144 1658 dicresim
1170 1607 1226 1659 re·
1303 1648 1306 1653 .

140 1711 287 1766 censere
303 1704 448 1798 oportet
465 1693 591 1768 oleum
616 1715 817 1768 commune
844 1701 884 1766 et
913 1693 1016 1781 mite,
1043 1693 1155 1791 quod,
1180 1703 1226 1769 ut

139 1801 293 1879 idoneus
322 1815 451 1880 auctor
475 1816 643 1892 testatur,
668 1815 708 1879 et
735 1804 962 1903 experientia
987 1805 1088 1880 haud
1116 1826 1224 1905 parca

138 1917 312 2003 ostendit,
329 1918 381 1991 ita
397 1919 561 1993 adhiberi
578 1926 700 2017 potest
716 1924 762 1991 ut
778 1917 925 1990 urinam
938 1915 1224 2017 insignitermo-
1260 1964 1263 1970 Α

139 2036 247 2112 veat;
272 2029 462 2116 nimirum,
487 2032 518 2104 si
534 2030 717 2103 abdomen
744 2053 790 2104 eo
813 2031 1014 2104 inunctum
1044 2029 1156 2105 fuerit
1184 2040 1224 2106 et

139 2137 254 2236 probe
269 2140 451 2214 fricatum.
501 2141 617 2215 Ratio
637 2139 750 2236 hujus
777 2142 830 2213 rei
859 2142 946 2215 satis
974 2140 1129 2218 obscura
1144 2152 1221 2219 eat:

138 2249 260 2324 oleum
288 2253 410 2350 ipsum
441 2250 588 2325 nullum
616 2248 824 2336 stimulum,
859 2251 1013 2339 fricatis),
1039 2256 1221 2352 exiguum

137 2365 292 2438 omnino
321 2364 464 2463 corpori
493 2363 579 2437 dare
612 2371 755 2461 potest;
793 2370 832 2434 et
864 2367 929 2435 vix
963 2361 1137 2437 credibile
1166 2376 1222 2439 est

136 2473 261 2549 oleum
279 2479 357 2550 cuti
374 2477 570 2549 admotum
590 2473 865 2549 exhalationem
881 2473 1065 2572 perillam
1082 2475 1135 2548 ita
1151 2477 1220 2549 im‘·

137 2585 265 2685 pedire
287 2599 332 2662 ut
355 2590 463 2663 urina
478 2587 566 2661 inde
582 2585 762 2688 copiosior
777 2585 851 2660 fiat.
903 2585 1051 2660 Notum
1077 2596 1134 2660 est
1160 2586 1221 2662 fri·

137 2700 308 2786 cationes,
334 2700 536 2800 praesertim
553 2724 638 2797 eum
656 2698 749 2786 oleo,
774 2699 958 2773 actionem
975 2722 1147 2772 vasorum
1166 2723 1219 2772 re·

134 2811 362 2887 sorbentium
382 2813 587 2912 plurimum
604 2833 750 2910 augere,
775 2819 814 2885 et
838 2809 1027 2885 interdum
1053 2819 1218 2886 tumores

133 2922 295 3022 insignes
322 2937 472 3000 artuum
502 2925 790 3023 hydropicorum
818 2922 921 2997 brevi
947 2923 1140 3009 discutere,
1177 2933 1218 2997 et

133 3037 219 3110 satis
232 3037 418 3135 probabile
429 3037 589 3125 videtur,
606 3058 788 3135 niagnum
805 3034 913 3110 illum
931 3037 1049 3110 urinae
1064 3035 1215 3110 fluxum

132 3149 255 3246 quiin
272 3151 356 3224 solis
373 3150 448 3224 fere
472 3149 685 3248 hydmpicis
701 3173 720 3222 a
738 3147 992 3222 fricaticnibus
1016 3164 1104 3223 cum
1133 3147 1216 3223 oleo

131 3259 345 3336 observatus
361 3270 427 3347 est,
452 3284 588 3360 magna
605 3260 734 3335 saltem
762 3282 810 3334 ex
839 3268 953 3357 parte,
978 3259 1090 3336 fuisse
1106 3259 1214 3335 effes

130 3379 216 3445 tum
233 3375 337 3470 aquis
354 3372 478 3458 denuo
494 3373 693 3471 resumptis
710 3380 747 3446 et
763 3370 811 3444 ad
827 3393 932 3444 renes
949 3369 1088 3445 delatis·

182 3506 383 3560 arcccenv.
422 3485 592 3559 Effectus
619 3483 889 3559 diareticorum
917 3484 1004 3557 satis
1031 3481 1213 3583 simplices

131 3607 232 3683 sunt,
249 3608 288 3671 et
303 3596 492 3671 intellectu
511 3597 665 3670 minime
681 3594 871 3681 difficilem
896 3596 1141 3684 radiantem,
1158 3620 1212 3670 ses
1283 3632 1287 3643 ·

126 3709 295 3784 eundum
324 3720 494 3784 naturam
524 3709 710 3784 variorum
738 3706 1095 3784 medicamentorum
1125 3733 1212 3807 quae

127 3819 213 3895 data
230 3821 390 3909 fuerint;
416 3844 577 3921 quorum
596 3820 732 3896 scilicet
747 3820 817 3894 alia
833 3818 894 3911 (ut
909 3843 958 3894 ex
974 3840 1103 3896 eorum
1119 3842 1210 3893 enu.

127 3935 331 4008 moratione
359 3936 445 4011 satis
475 3935 709 4035 perspicuum
739 3938 809 4029 est)
827 3929 936 4030 plane
965 3930 1211 4007 calefacientia

126 4057 226 4132 sunt,
252 4047 322 4120 alia
338 4047 598 4147 refrigerantia,
624 4046 694 4120 alla
717 4045 837 4120 urinae
852 4043 1090 4119 acrimoniam
1107 4041 1209 4116 haud

125 4180 256 4256 parum
276 4169 425 4258 augent,
450 4160 519 4236 alia
543 4159 700 4236 eandem
728 4157 908 4235 minuunt
934 4166 1048 4256 atquc
1073 4155 1208 4235 obtun-
