2678 4794
164 301 241 386 224
387 333 392 342 ·
460 372 463 377 .
564 331 815 386 cousracrns
1071 332 1155 386 cnr.
1173 319 1281 387 xxj

163 532 213 583 na
229 508 409 584 retinetur
434 506 670 605 aliquamdiu,
701 506 837 605 majore
864 508 977 606 copia,
1004 509 1176 604 quamvis
1192 510 1247 581 in·

163 622 245 695 vito
261 622 390 708 adhuc,
408 619 465 693 vel
482 619 594 692 inscio
612 619 741 693 saltem
758 629 970 719 aegrotante,
999 621 1148 694 taudem
1163 647 1246 720 pro·

164 731 323 808 fluxura.

215 868 399 921 nccxmv.
425 845 554 918 Homo
571 845 687 918 urinae
703 846 936 919 incontinens
955 870 1049 943 saepe
1065 844 1118 928 fit,
1137 869 1248 942 prop-

163 966 223 1033 ter
237 957 474 1043 debilitatem,
501 957 694 1055 paralysin,
719 958 836 1044 ulcus,
853 957 1001 1044 vulnus,
1027 981 1179 1054 gravem
1209 966 1251 1028 et

162 1069 376 1144 diuturnam
416 1070 660 1143 irritationem
686 1070 825 1158 vesicae,
862 1071 1062 1168 praesertim
1089 1067 1249 1142 musculi

163 1182 229 1279 qui
245 1183 339 1255 ostio
355 1181 435 1279 ejus
451 1183 692 1280 praeponitur,
723 1182 841 1256 veluti
858 1207 880 1254 a
896 1181 1047 1268 calculo,
1064 1191 1130 1254 aut
1146 1204 1248 1278 para·

160 1291 233 1391 lysi
260 1293 432 1392 generali,
462 1302 528 1367 aut
555 1304 664 1391 partu
693 1293 835 1368 difficili
854 1318 1023 1392 magnam
1041 1294 1119 1365 vim
1136 1293 1248 1391 parti·

37 1477 43 1487 ,
160 1404 231 1479 bus
256 1406 387 1480 vicinis
423 1406 615 1481 inferente.
692 1406 820 1481 Simile
844 1406 980 1479 vitium
1016 1406 1054 1479 in
1081 1404 1249 1502 plurimis

160 1517 299 1590 morbis
315 1519 541 1604 observatur,
565 1518 745 1618 imprimis
770 1521 810 1591 in
836 1518 996 1592 febribus
1013 1529 1051 1591 et
1081 1516 1249 1616 hydrope

159 1629 300 1727 capitis,
325 1631 391 1704 ubi
409 1640 536 1704 tantus
553 1655 660 1729 sopor
690 1639 756 1717 est,
781 1639 825 1704 ut
840 1654 937 1726 aeger
964 1631 1247 1728 propensionem

160 1763 237 1815 non
255 1744 441 1841 percipiat,
467 1742 637 1840 quamvis
667 1742 773 1815 solito
790 1741 941 1815 stimulo
958 1743 1078 1814 vesica
1105 1743 1193 1839 ipsa,
1209 1750 1249 1813 et

143 1854 230 1955 ¹qui
255 1878 342 1929 curn
368 1879 412 1927 eo
450 1856 684 1929 consentiunt
710 1852 866 1927 musculi
902 1854 1159 1950 respirationis,
1187 1878 1248 1952 pa·

161 1978 277 2041 ream.
344 1968 419 2039 Par
442 1964 518 2040 fere
542 1967 635 2040 ratio
660 1976 725 2051 est,
751 1991 816 2054 cur
841 1965 951 2056 multi
977 1967 1083 2063 pueri
1102 1966 1248 2039 urinam

161 2101 236 2150 non
257 2078 351 2151 bene
363 2079 537 2166 retinent,
553 2079 753 2177 praesertim
768 2079 865 2151 inter
881 2101 1066 2164 somnum,
1083 2077 1248 2176 alioquin

160 2190 360 2264 sanissimi:
404 2191 594 2278 nimirum,
623 2192 760 2289 quibus
796 2188 1009 2262 secretiones
1040 2191 1156 2288 magis
1191 2215 1248 2264 co·

160 2302 274 2400 piosae
292 2312 389 2389 sunt,
406 2312 444 2376 et
461 2304 578 2377 somni
595 2303 740 2378 altiores
758 2302 858 2375 haud
875 2301 966 2374 adeo
983 2301 1104 2375 faciles
1120 2312 1249 2400 ruptu,

160 2423 199 2488 et
214 2414 317 2488 fibrae
332 2438 460 2488 omnes
478 2406 732 2489 musculorum
750 2414 967 2500 mobiliores,
999 2424 1039 2486 et
1055 2414 1172 2512 igitur
1188 2438 1249 2488 ve·

160 2527 233 2601 sica
260 2526 553 2626 amplificationis
578 2524 696 2626 magis
723 2528 918 2626 impatiens
947 2551 1063 2624 quam
1100 2525 1247 2602 adultis.

162 2639 277 2712 Urina
293 2663 564 2738 nonnunquam
581 2663 679 2738 aegre
696 2641 906 2714 continetur
919 2648 1067 2737 propter
1086 2648 1249 2713 tumores

160 2752 322 2848 partium
336 2752 544 2826 vicinarum
559 2755 716 2825 vesicam
729 2753 1022 2848 comprimentes,
1035 2749 1154 2822 veluti
1168 2775 1249 2850 gra-

160 2860 363 2934 viditatem.
415 2862 637 2961 Aliquando
666 2873 799 2959 praeter
813 2872 979 2935 naturam
1011 2862 1156 2958 ejicitur
1173 2864 1248 2937 vio·

160 2972 369 3058 lentissime,
387 2974 446 3046 vel
462 2975 622 3073 spusmia
632 2973 874 3072 generalibus,
889 2974 949 3047 vel
964 2974 1249 3048 vehementibus

160 3085 469 3158 contractionibus
487 3084 741 3159 musculorum
759 3086 1016 3184 respirationis,
1043 3085 1170 3185 quales
1195 3096 1249 3160 to

160 3206 244 3270 tum
271 3197 454 3271 abdomen
493 3197 602 3271 valde
631 3197 897 3296 comprimunt,
928 3198 1047 3273 veluti
1077 3199 1116 3271 in
1147 3199 1249 3285 tussi,

160 3313 437 3399 sternutatione,
455 3311 541 3397 risu,
558 3319 681 3408 partu,
699 3314 762 3384 &a

210 3443 384 3497 nccxtv.
413 3424 601 3522 Denique,
631 3424 729 3497 inter
752 3423 869 3498 urinae
893 3423 984 3497 vitia
1008 3446 1249 3497 annumerare

160 3537 304 3630 oportet
330 3535 553 3610 calculorum
590 3536 858 3622 formationem,
897 3535 1023 3635 quales
1048 3546 1106 3611 tot
1132 3546 1250 3610 tanta·

160 3668 234 3744 que
259 3645 353 3719 mala
390 3646 561 3721 facessere
598 3648 716 3722 solent
742 3648 886 3747 (urin).
955 3649 1086 3733 Urina,
1115 3656 1249 3746 praeter

160 3782 294 3856 aquam
320 3758 495 3857 salesque,
522 3763 730 3860 portionem
756 3759 855 3834 baud
879 3760 1055 3859 exiguam
1082 3762 1250 3834 continet
1301 3754 1303 3758 ’

159 3880 263 3944 terrae
287 3881 325 3943 et
359 3871 564 3971 glutinosae
601 3876 714 3972 partis
738 3874 938 3972 sanguinis,
971 3871 1051 3969 jam
1079 3869 1254 3946 nonnihil.

158 3993 348 4081 corruptae,
365 3995 403 4057 et
420 3986 460 4057 in
480 3985 695 4060 ulteriorem
712 3987 985 4084 corruptionem
1003 4009 1139 4083 pronae.

208 4119 394 4171 nccxnvr.
436 4097 540 4171 Hinc
565 4098 622 4184 fit,
660 4111 705 4173 ut
729 4099 908 4172 sanissimi
945 4099 1057 4172 etiam
1088 4097 1249 4172 bominis

159 4209 275 4298 urina,
301 4209 506 4308 copiosum,
532 4210 625 4285 dum
649 4210 823 4309 frigescit,
862 4211 1111 4289 sedimentum
1138 4210 1250 4308 depo·
