2678 4794
56 452 141 508 car.
159 450 217 504 xr.
348 445 562 502 azemorum
579 446 861 502 annoanmcn.
1065 435 1134 506 107
1183 461 1184 464 Ν

60 624 318 711 ventriculum,
343 624 441 697 inter
456 624 571 697 varias
600 634 720 722 partes
743 623 1016 708 intestinorum,
1041 620 1135 695 inter

58 737 306 813 ventriculum
324 734 385 809 vel
414 736 632 810 intestinum
650 746 792 811 rectum
810 745 848 808 et
865 732 1051 808 musculos
1074 733 1134 806 ab·

57 850 210 925 dominis
228 860 269 922 et
286 858 433 946 septum
451 858 709 923 transversum.

99 985 265 1038 cecmx.
307 960 516 1034 Consensus
554 962 705 1059 quidam
748 960 939 1046 naturales,
982 959 1134 1057 quidam

59 1074 209 1148 morbosi
229 1084 342 1146 sunt:
368 1072 513 1158 scilicet,
541 1072 602 1145 alii
619 1075 659 1146 in
676 1096 763 1147 sano
778 1097 927 1170 corpore
943 1072 1134 1146 observan-

59 1198 125 1272 tur,
151 1186 201 1260 ad
232 1187 323 1258 vitae
350 1194 389 1256 et
417 1186 580 1258 sanitatis
609 1209 763 1258 munera
792 1184 1049 1271 conducentes,
1073 1185 1135 1257 vel

60 1296 165 1394 plane
192 1296 399 1380 necessarii3
424 1297 485 1369 alii
515 1319 589 1369 non
620 1298 690 1369 nisi
709 1295 838 1370 morbo
856 1296 935 1394 jam
953 1297 1135 1369 existente

63 1431 98 1481 se
114 1405 323 1497 ostendunt,
349 1408 504 1507 ejusque
521 1410 671 1507 signum
689 1419 727 1480 et
742 1430 824 1505 pars
841 1418 940 1481 sunt.
991 1407 1134 1506 Hujus-

63 1517 162 1592 modi
179 1518 275 1593 inter
288 1542 412 1593 renem
431 1532 469 1593 et
486 1519 746 1607 ventriculum,
775 1542 878 1593 nares
896 1520 954 1593 vel
971 1544 1134 1618 asperam

60 1632 224 1705 arteriam
241 1643 280 1704 et
308 1643 457 1730 septum
482 1644 742 1720 transversum,
767 1632 879 1731 pedes
896 1643 935 1706 et
951 1634 1133 1706 ventricu-

59 1740 140 1829 lum,
166 1744 208 1817 in
241 1742 393 1832 calculo
418 1744 589 1846 podagra,
620 1745 799 1847 hysteriu,
830 1744 1041 1844 gravedine,
1070 1745 1133 1818 ola

59 1865 257 1929 servantur.

99 1988 229 2041 oeenx.
259 1967 465 2055 Postremo,
490 1969 659 2044 nonnulli
689 1994 885 2045 consensus
910 1970 949 2042 in
980 1969 1133 2042 sanitate

58 2100 247 2177 nunquam
263 2080 494 2167 obseruandi,
507 2085 642 2156 etiam
633 2107 672 2156 m
685 2084 821 2159 morbis
834 2082 1010 2169 insoliti,
1000 2106 1038 2155 m
1051 2081 1132 2180 qui-

58 2188 205 2265 busdam
233 2190 448 2267 morborum
476 2195 657 2322 exemplis
683 2196 865 2269 observati
881 2204 989 2278 sunt,
1014 2193 1131 2267 veluti

59 2288 205 2378 tricenus
220 2328 242 2377 a
260 2304 425 2392 vulnere,
450 2309 622 2404 quamvis
650 2307 799 2381 fortasse
827 2305 1034 2387 levissim03
1072 2304 1132 2376 vel

58 2412 116 2487 ulii
130 2416 315 2502 rarissimi,
337 2415 455 2491 veluti
471 2417 630 2491 doloret
646 2416 741 2490 calor
757 2416 967 2514 plantarum
992 2415 1131 2512 pedum

59 2526 104 2598 ab
129 2526 248 2601 ulcere
275 2529 315 2601 in
333 2530 472 2615 vesica;
514 2528 574 2601 vel
600 2526 702 2601 dolor
727 2527 897 2600 brachii
888 2526 1070 2610 numanis,
1095 2535 1133 2598 ct

59 2640 206 2714 tandem
222 2640 377 2728 lethalis,
402 2642 657 2716 interminum
675 2638 912 2713 reddendam.

47 2780 73 2825 e
99 2775 264 2827 cccnxr.
289 2752 405 2827 Ratio
422 2753 550 2829 harum
569 2776 689 2827 rerum
710 2754 795 2826 satis
812 2751 984 2834 obscura;
1011 2772 1132 2847 neque

57 2862 160 2961 plena
193 2864 393 2965 explicatio
421 2867 600 2942 hactenus
624 2866 711 2940 duta
734 2876 798 2939 est.
865 2863 984 2939 Juvat
1008 2874 1131 2935 tamen

58 2976 241 3050 monuisse
264 2976 459 3075 plerosque
488 3003 693 3065 consensus,
726 2988 808 3052 turn
835 2975 1020 3076 generales
1047 2983 1131 3048 tum

57 3088 236 3184 speciales,
257 3083 418 3187 pendere
433 3114 456 3163 a
472 3114 586 3178 nexu,
603 3114 716 3188 quem
733 3114 861 3164 omnes
878 3088 1036 3187 corporis
1052 3111 1131 3186 par-

59 3206 113 3271 tes
129 3222 217 3272 cum
231 3200 377 3275 cerebro
403 3199 563 3278 habent:
600 3204 716 3300 idque
742 3211 840 3276 certa
867 3202 1009 3274 ratione
1033 3209 1132 3272 certo

58 3309 210 3385 stimulo
230 3313 456 3413 (ubicunque
471 3315 504 3388 is
520 3315 670 3389 demum
688 3314 858 3388 admotus
874 3312 1000 3408 fuerit)
1026 3308 1132 3382 affec

58 3429 150 3509 tum,
167 3422 227 3497 vel
242 3435 379 3500 statum
393 3427 558 3501 universi
570 3427 725 3526 gewis
736 3425 885 3501 nervosi
901 3435 1055 3510 mutare,
1072 3420 1133 3495 vel

60 3535 235 3665 quasdam
265 3561 344 3636 prae
378 3539 515 3613 eaeteris
549 3552 669 3637 partes
701 3539 748 3612 ad
781 3549 928 3614 motum
970 3536 1131 3610 incitare.

62 3644 174 3723 Secto·
176 3650 291 3736 euim,
307 3649 368 3724 vel
384 3674 600 3749 compresso,
625 3651 684 3724 vel
701 3651 898 3736 obstructo,
923 3647 984 3722 vel
999 3648 1133 3746 quovis

63 3759 165 3835 modo
192 3760 291 3850 laeso,
315 3784 430 3836 nervo
453 3761 665 3837 alterutrius
689 3744 865 3861 partium
874 3786 959 3860 quae
983 3783 1132 3834 consen·

65 3868 164 3959 liunt,
190 3873 252 3947 vel
281 3872 446 3962 demum,
471 3873 556 3949 laeso
584 3874 781 3950 multum
771 3901 851 3976 rpso
866 3874 1024 3961 cerebro,
1048 3895 1132 3946 con·

66 4000 178 4059 murs
203 3984 332 4059 nullus
357 3995 434 4071 cst;
468 3989 638 4086 quamvis
663 3998 782 4086 partes
806 3990 896 4087 ipsae
919 3987 967 4060 ad
991 3997 1133 4059 contac-

66 4096 136 4169 tum
164 4097 311 4172 stimuli
340 4123 378 4172 se
402 4099 482 4173 vim
509 4125 612 4174 suam
640 4111 853 4175 moventem
878 4122 953 4173 non
971 4098 1133 4172 amisisse

66 4188 302 4284 ostendemus.

107 4342 286 4401 eccuxu.
312 4323 393 4401 Alii
410 4349 498 4403 vero
525 4348 732 4412 consensus,
755 4324 951 4419 utriusque
979 4313 1132 4417 generis.
