2678 4794
607 393 675 465 xix

102 585 230 664 lubrico
246 585 457 661 admodum
475 584 717 660 fundamento
729 586 884 675 innixus,
901 589 948 664 ab
962 589 1168 681 Aristotele,

99 714 133 775 et
158 700 332 785 Plutone,
360 708 398 771 et
427 698 507 795 ipso
535 697 773 796 Pythagora,
798 707 836 773 et
866 700 990 799 Magis
1006 706 1172 802 AEgypti,

98 812 244 886 forsitan
272 823 312 884 et
340 808 484 883 ultimis
514 809 631 882 Indiae
658 811 729 882 oris
755 809 876 909 primo
903 811 1093 901 derivatas,
1126 817 1173 887 de

97 923 298 1008 elementis,
323 932 364 994 et
390 922 699 1018 temperamentis,
724 930 762 994 et
787 922 976 996 harmonia
1003 947 1174 1001 numero-

99 1060 193 1121 mm,
219 1045 258 1108 et
283 1033 482 1130 imparium
511 1056 750 1106 numerorum
769 1034 808 1106 vi
825 1045 863 1106 et
888 1035 1112 1122 excellentia,
1137 1061 1173 1109 a·

101 1147 177 1245 pud
193 1146 354 1219 medicos
369 1143 576 1229 invaluisse,
602 1153 641 1217 et
658 1145 724 1217 vix
750 1144 911 1231 tandem,
937 1157 1002 1220 aut
1031 1170 1078 1220 ne
1107 1148 1174 1221 vix

101 1258 264 1354 quidem,
287 1265 370 1355 post
385 1257 441 1330 bis
458 1255 561 1329 mille
577 1278 691 1329 annos
715 1265 754 1328 et
782 1257 950 1354 amplius,
975 1260 1172 1356 pristinum

106 1370 303 1468 imperium
318 1367 531 1466 deposuisse.

62 1496 91 1525 “
152 1480 310 1555 Gravius
325 1489 451 1553 autem
467 1479 619 1566 malum,
645 1489 683 1552 et
699 1478 883 1554 difficilius
900 1480 1110 1570 delendum,
1127 1482 1173 1557 ab

103 1589 188 1691 ipsis
217 1591 367 1665 medicis
392 1591 599 1667 derivatum
625 1602 690 1679 est,
716 1596 782 1690 qui
811 1618 898 1668 cum
925 1607 1040 1669 artem
1068 1619 1174 1670 suam

101 1705 246 1803 proprio
263 1703 388 1777 llarte
403 1703 529 1790 solere,
556 1704 680 1802 deque
708 1730 752 1778 ea
777 1706 1022 1804 philosophari
1038 1707 1173 1804 incipe-

101 1829 191 1904 rent,
216 1826 256 1890 et
282 1825 424 1889 tantam
449 1815 586 1890 molem
615 1818 770 1915 propriis
796 1818 1110 1892 observationibus
1136 1825 1175 1890 et

104 1927 275 2003 doctrinis
292 1926 447 2001 fundare
463 1937 651 2026 cuperent,
671 1929 711 2000 in
728 1929 929 2026 pessimum
947 1953 1103 2003 errorem
1120 1929 1177 2002 in·

102 2040 281 2125 ciderunt,
317 2063 398 2113 raro
424 2039 650 2139 distinguere
679 2040 777 2114 soliti
805 2042 902 2115 inter
927 2066 984 2116 res
1010 2066 1112 2114 veras
1138 2049 1178 2113 et

100 2152 217 2239 suctus,
242 2175 338 2250 quas
354 2150 415 2223 vel
439 2151 664 2225 observando
691 2151 750 2225 vel
775 2153 1014 2250 periclitando
1042 2151 1177 2226 didice-

102 2274 192 2350 rant,
217 2287 376 2362 suasque
392 2262 439 2337 de
456 2263 511 2338 his
528 2265 636 2338 rebus
660 2264 851 2363 opiniones
876 2275 915 2340 et
944 2265 1177 2361 conjecturas.

106 2376 201 2463 Quae
215 2377 351 2473 cuique
367 2374 504 2474 placuit
530 2375 576 2446 de
604 2398 644 2446 re
673 2377 803 2471 quavis
830 2377 966 2472 opinio,
1002 2398 1082 2446 eam
1111 2398 1180 2469 pro

108 2510 195 2561 vero
224 2488 360 2584 etipse
389 2487 547 2585 sumpsit
575 2495 614 2557 et
640 2484 729 2557 alios
756 2486 892 2558 docuit.
943 2486 1069 2570 Quam
1085 2483 1181 2556 mole

109 2621 194 2671 vero
211 2597 287 2671 haec
302 2608 417 2673 artem
435 2597 614 2671 medicam
641 2595 785 2669 colendi
810 2596 903 2670 ratio
927 2595 1082 2681 cesserit,
1110 2618 1183 2668 me·

105 2710 236 2785 dicinae
252 2710 399 2784 annales
414 2709 622 2784 luculenter
638 2708 783 2796 docent,
801 2721 839 2781 et
855 2707 1088 2782 bibliothecae
1105 2730 1181 2780 me-

106 2822 195 2897 dieae
211 2822 344 2897 melius
361 2822 481 2896 adhuc
510 2831 549 2895 et
572 2822 706 2896 certius
732 2831 925 2897 testantur.
976 2822 1082 2908 Quot
1098 2820 1182 2894 libri

108 2934 323 3031 opinionum
341 2934 442 3033 pleni
459 2959 548 3032 quas
565 2957 667 3007 nunc
679 2934 756 3008 dies
768 2920 929 3019 delevi&
954 2942 1049 3031 quot
1064 2956 1182 3008 came-

109 3042 225 3121 lorum
244 3071 357 3121 onera
371 3047 558 3134 librorum,
579 3070 672 3145 quos
689 3045 886 3133 consulere,
903 3069 951 3118 ne
967 3045 1085 3118 dicam
1104 3069 1184 3143 per-

110 3156 233 3254 legere,
251 3160 386 3234 frustra
399 3168 595 3246 tentamus,
611 3158 703 3231 adeo
719 3157 869 3232 difficile
885 3168 940 3231 est
957 3155 1184 3254 distinguere

113 3268 203 3343 inter
217 3295 305 3345 vera
321 3283 361 3345 et
377 3270 473 3357 falsa,
498 3273 595 3343 inter
623 3271 812 3368 opiniones
828 3277 1034 3341 suetorum
1064 3274 1102 3341 et
1128 3290 1185 3341 res

113 3380 201 3477 ipsas
216 3408 310 3481 quas
328 3383 617 3470 observaverant,
642 3393 681 3455 et
708 3405 799 3479 quas
815 3379 935 3453 omnis
953 3379 1085 3453 medici
1102 3378 1184 3478 plu·

112 3492 245 3568 rimum
263 3496 454 3568 interesset
470 3495 625 3567 novisse.

158 3605 280 3679 Patris
296 3606 413 3703 ipsius
440 3605 633 3679 medicinae
661 3606 804 3704 scriptu,
832 3604 953 3703 qualia
983 3604 1110 3679 saltem
1140 3598 1188 3676 ad

115 3738 178 3789 nos
193 3719 440 3814 pervenerint,
464 3718 578 3816 impia
594 3716 754 3791 filiorum
785 3715 1014 3813 aliorumque
1030 3714 1189 3811 discipu·

115 3825 227 3902 lorum
247 3829 457 3904 temeritate
473 3840 653 3926 corrupta,
678 3829 725 3901 ab
754 3828 824 3902 hoc
841 3829 933 3902 vitio
949 3852 1023 3901 non
1041 3848 1188 3925 prorsus

117 3938 295 4015 immunis
311 3940 496 4015 videntur.
547 3940 651 4027 Quid
681 3939 797 4012 dicam
816 3940 1021 4038 descriptis
1038 3934 1189 4012 medicis

118 4070 175 4145 per
191 4061 249 4126 tot
268 4051 389 4125 secula
415 4063 497 4147 post
513 4049 769 4149 Hippocratis
797 4059 963 4148 tempora
988 4042 1191 4123 innumeris

117 4159 259 4261 ineptiis
288 4161 530 4260 philosophiae
558 4186 663 4235 vanae
685 4171 728 4257 et
754 4160 943 4235 mutabilis
971 4151 1189 4254 implicitis?

118 4270 218 4359 Quid
246 4273 296 4349 de
313 4272 520 4363 Herculeis,
549 4283 701 4370 tumque
730 4273 825 4348 male
854 4270 1034 4345 collocatis
1054 4259 1205 4351 Galesi.
1245 4338 1250 4345 .

622 4384 689 4459 be
