2678 4794
168 238 238 313 174
562 244 814 303 comederas
978 215 985 223 ’
1040 245 1126 303 our.
1143 243 1240 300 xvrr.

166 451 251 504 rum
268 434 307 502 et
322 425 452 501 vesicae
467 421 602 499 suffieit
616 422 663 495 ad
679 421 824 496 urinam
841 429 879 494 et
896 427 1032 496 stercus
1057 424 1239 523 expellen-

166 542 298 638 dum);
323 539 401 639 pari
416 536 554 610 ratione
580 542 727 633 partum
743 542 973 629 promovent,
997 545 1136 610 etcum
1154 558 1241 609 ven·

150 651 299 728 ·trioulo
314 649 409 725 male
432 647 563 721 affecto
577 655 617 719 et
638 644 719 742 jam
735 655 934 719 nauseante
957 647 1177 744 conspirant,
1203 659 1243 719 et

166 765 353 840 vomitum
368 761 516 835 faciunt

215 897 409 952 ouxmv.
435 872 631 971 Inspiratio
648 879 830 969 praeterea,
855 879 1038 968 quatenus
1054 866 1244 946 thoracem

167 987 360 1072 distendat,
373 987 403 1059 si
421 986 569 1084 spiritus
586 982 809 1083 reprimitur,
826 981 1008 1068 humeros,
1025 994 1064 1055 et
1079 980 1243 1071 dorsum,

166 1111 204 1173 et
219 1097 409 1183 cervicem,
433 1097 528 1197 figit,
550 1106 604 1193 „et
629 1096 681 1171 sie
703 1094 845 1169 firmius
869 1095 1153 1169 fundamentum
1179 1094 1245 1170 dat

122 1244 129 1268 r
164 1209 339 1285 musculis
356 1210 480 1284 trunci
497 1220 536 1284 et
552 1210 783 1284 brachiomm
800 1205 1041 1294 validissimis,
1065 1205 1176 1304 quale
1203 1208 1244 1282 in

112 1343 116 1351 ·
163 1345 275 1395 omne
292 1322 431 1419 majore
446 1323 531 1397 nisu
547 1322 758 1422 requiritur.

213 1455 391 1509 nnxxxv.
419 1435 608 1532 Denique,
630 1433 840 1507 affectiones
856 1432 1026 1531 quaedam
1042 1433 1244 1531 respiratio·

164 1545 232 1632 uis,
246 1547 386 1621 nedum
402 1545 589 1633 morbidae,
607 1554 743 1620 statum
761 1553 844 1620 tum
856 1545 971 1618 animi
987 1558 1067 1619 turn
1085 1548 1244 1646 eorporis

164 1657 340 1746 indicant,
357 1658 471 1756 idque
488 1681 583 1756 saepe
598 1657 713 1731 inscio
728 1665 795 1731 aut
809 1656 959 1731 nolente
975 1656 1136 1732 homine.

215 1788 419 1847 anxxvr.
447 1769 651 1870 Suspirium
668 1769 804 1843 dicitur
820 1767 929 1867 plena
944 1769 1126 1867 expiratio
1141 1779 1243 1845 tanta

167 1883 206 1957 vi
230 1883 334 1971 facta,
359 1892 403 1957 ut
426 1907 531 1957 aures
554 1883 752 1956 astantium
777 1881 891 1955 feriat.
941 1881 1125 1957 Praecedit
1150 1906 1245 1982 saepe

166 1994 355 2091 inspiratio
379 2002 512 2093 praeter
535 1993 687 2069 solitum
709 1994 908 2069 vehemens
932 2004 971 2069 et
994 1994 1112 2093 plena
1180 1996 1245 2070 Fit

166 2115 316 2204 propter
340 2108 557 2205 sanguinem
574 2130 640 2204 per
663 2105 875 2206 pulmonem
894 2106 990 2180 male
1014 2107 1243 2205 expeditum,

155 2218 216 2290 ¹ob
233 2218 446 2293 debiliorem
470 2218 588 2293 cordis
613 2218 841 2319 aliarumque
858 2219 993 2293 virium
1010 2222 1244 2296 moventium

167 2332 361 2405 actionem.
423 2331 529 2406 Hinc
554 2330 693 2406 multos
723 2331 865 2405 morbos
898 2332 1117 2418 comitatum
1151 2333 1246 2408 sanis

168 2451 294 2517 tamen
320 2443 507 2531 familiare,
523 2443 723 2519 'exhaustis
739 2444 878 2518 viribus
904 2444 1014 2542 longa
1030 2444 1158 2543 vigilia
1182 2455 1245 2520 aut

169 2555 287 2630 nimio
303 2555 434 2630 labore.
485 2555 619 2630 Animi
648 2556 800 2636 demum
818 2556 931 2630 index
948 2580 1043 2654 saepe
1067 2568 1132 2644 est,
1159 2583 1245 2656 qua-

170 2677 279 2741 tenus
296 2693 318 2740 a
335 2667 518 2754 moestitia,
543 2666 603 2741 vel
626 2678 741 2754 metu,
767 2668 826 2741 vel
849 2670 1014 2766 graviore
1039 2670 1173 2766 quovis
1196 2667 1247 2744 af·

170 2777 269 2851 fectu
286 2780 445 2876 corporis
461 2780 556 2852 vires
573 2778 775 2877 frangente,
792 2780 973 2878 originem
990 2780 1111 2855 ducat.

218 2909 431 2963 anxxvu.
466 2890 570 2963 Huic
602 2891 878 2987 quodammodo
905 2889 1024 2966 affiiris
1062 2903 1117 2967 est
1146 2894 1248 2969 Osci-

169 2998 270 3085 tatio,
304 3012 489 3097 quantum
518 3026 540 3073 a
566 2999 795 3099 languidiore
828 3005 1014 3102 sanguinis
1048 3015 1153 3080 motu
1182 3030 1250 3106 per

108 3118 113 3127 '
168 3109 362 3208 pulmones
378 3111 537 3196 oriatur;
562 3111 616 3184 ita
632 3121 677 3186 ut
704 3110 861 3187 alterum
878 3141 944 3213 pro
960 3115 1071 3191 altera
1087 3141 1162 3192 uon
1192 3119 1248 3192 in·

58 3271 64 3285 .
168 3221 297 3297 desire
313 3223 487 3298 substitui
516 3223 640 3321 possit.
691 3223 869 3300 Oscitatio
886 3237 941 3302 est
963 3231 1103 3328 ingens,
1128 3229 1249 3328 plenu,

169 3359 298 3410 sonora
313 3337 512 3434 inspiratio,
541 3335 667 3410 hiante
682 3360 745 3409 ore
760 3335 866 3426 facta,
896 3363 1007 3437 quam
1024 3366 1130 3438 aequa
1147 3343 1250 3440 expi-

169 3448 262 3520 ratio
291 3449 384 3522 solet
411 3447 592 3546 excipere,
618 3459 658 3522 et
685 3450 872 3525 interdum
901 3453 1069 3526 omnium
1097 3465 1248 3529 artuum

30 3580 34 3587 ·
139 3559 288 3633 lvalida
316 3560 485 3634 extensio
503 3561 710 3650 oomitatur,
742 3589 827 3662 quae
848 3563 1111 3663 pandiculatio
1127 3568 1249 3642 vocari

169 3671 269 3745 solet.
319 3671 486 3747 Affectio
502 3674 759 3765 esurientibus,
776 3675 1037 3763 somniculosis,
1062 3676 1186 3752 labore
1210 3691 1248 3753 et

167 3782 303 3881 vigiliis
319 3785 516 3874 exhaustis,
546 3787 753 3873 familiaris3
780 3788 973 3887 hystericis
1000 3790 1183 3887 frequens,
1211 3801 1248 3865 et

167 3896 264 3969 inter
272 3898 480 3970 'sanissimos
491 3901 602 3973 etiam
615 3902 786 3999 contagio
797 3926 861 3975 seu
874 3901 1080 3975 imitatione
1098 3904 1248 3999 (eccur)

167 4008 303 4083 mirum
322 4034 418 4107 saepe
434 4011 473 4082 in
492 4012 646 4086 modum
664 4026 874 4111 propagata.

216 4143 445 4198 nrxxxvm.
463 4122 577 4199 Risus
588 4136 643 4200 est
656 4126 765 4224 plena
781 4125 979 4225 inspiratio,
996 4125 1057 4199 cui
1072 4127 1251 4224 repetita,
