2678 4794
135 437 219 496 cnr.
234 436 287 490 xr.
405 433 624 489 naurcnoa
643 435 931 494 aanouaarca.
1136 430 1203 500 lul

178 634 386 688 cccxxxvi
410 613 559 700 Contra,
576 615 642 713 qui
658 613 768 689 inviti
784 625 871 692 sunt
887 625 1023 704 motus,
1039 617 1107 690 vix
1122 641 1201 715 per·

132 726 338 825 cipiuntur;
375 747 498 824 neque
521 727 560 799 in
587 751 674 802 sano
702 751 850 828 corpore
874 729 1012 828 percipi
1040 739 1203 828 possunt,

128 838 247 926 Quod,
267 839 299 911 si
316 836 566 926 vehementes,
582 840 797 937 imperfecti,
808 839 1010 928 abnormes,
1025 839 1205 930 difficiles,

127 962 187 1024 aut
210 950 388 1048 impediti
412 949 560 1038 fuerint,
598 965 689 1026 tunc
717 975 842 1026 sensus
869 952 1023 1051 quidam
1046 951 1203 1042 molesti,

128 1062 239 1138 veluti
255 1061 365 1136 dolor
380 1071 446 1137 aut
462 1065 637 1152 anxietas,
655 1074 865 1139 nascuntur.

174 1196 416 1250 cccxxxvn.
443 1174 564 1249 Medii
588 1176 654 1251 hos
679 1178 785 1264 inter,
810 1186 935 1251 motus
958 1178 1203 1277 respirationis

131 1307 275 1384 nempe,
299 1286 368 1361 sibi
394 1287 573 1385 pennisai,
602 1311 734 1385 parum
752 1289 981 1364 sentiuntur:
1007 1289 1081 1377 sed,
1098 1289 1201 1365 adhi-

134 1397 209 1471 bita
224 1398 336 1472 animi
361 1401 577 1485 attentione,
602 1399 740 1499 percipi
757 1410 919 1498 possunt.
968 1400 1084 1488 Quod
1100 1403 1130 1476 si
1146 1403 1201 1476 in·

134 1507 238 1585 solito
252 1533 351 1585 more
378 1512 426 1585 ad
443 1524 609 1586 nostrum
627 1511 819 1586 arbitrium
844 1524 1092 1601 exerceantur,
1117 1524 1201 1589 tum

131 1622 296 1721 majorem
314 1646 462 1699 sensum
474 1625 634 1711 faciunt;
658 1623 829 1724 impediti
841 1623 1031 1699 bominem
1046 1626 1202 1701 miserri-

127 1757 184 1809 me
198 1745 346 1834 angunt
361 1738 563 1828 (cmxxxvr,
580 1747 619 1812 et
635 1744 751 1836 seqq.)

171 1871 416 1924 cccxxxvrn.
455 1848 620 1924 Musculi
654 1847 854 1924 voluntarii
878 1855 1005 1923 motus
1036 1847 1141 1947 justo
1164 1859 1204 1923 et

127 1958 246 2034 ualido
268 1985 353 2048 usu,
379 1961 490 2036 modo
514 1961 672 2035 hicnon
697 1960 836 2035 nimius
862 1960 985 2049 fuerit,
1014 1959 1202 2049 fimriores,

129 2072 348 2160 mobiliores,
372 2082 411 2147 et
427 2073 618 2149 validiores
641 2071 859 2161 redduntur,
884 2082 923 2147 et
951 2074 1068 2174 magia
1093 2075 1204 2150 torosi

126 2183 242 2260 fiunt:
272 2184 372 2273 hinc,
388 2185 435 2261 ab
451 2187 527 2285 ipsa
543 2186 670 2273 forma,
699 2185 747 2260 de
763 2185 903 2260 viribus
920 2185 1079 2260 bominis
1100 2186 1203 2284 judi·

126 2319 202 2372 care
217 2297 393 2373 solemus.
440 2298 518 2373 Res
543 2297 788 2397 sculptoribus
803 2297 906 2370 ‘bene
921 2298 1203 2396 perspectaqui

128 2407 344 2485 abantione
356 2410 571 2497 Herculem,
587 2408 689 2508 quod
699 2407 747 2481 ad
758 2406 954 2494 musculos,
971 2407 1041 2481 alia
1057 2408 1203 2504 Apolli·

131 2542 227 2609 nem,
241 2521 309 2597 alia
325 2522 511 2597 Venerem
528 2522 735 2620 exprimere
751 2529 898 2593 norunt.

175 2656 380 2710 cccxxxlx.
397 2635 531 2712 Robur
545 2642 585 2708 at
608 2630 792 2708 mobilitas
809 2627 1040 2729 singulorum
1056 2652 1202 2704 muscu-

125 2742 242 2822 lorum
258 2773 332 2824 usu
360 2758 567 2848 augentur:
593 2746 687 2846 quin
703 2752 743 2820 et
759 2742 934 2844 plurium,
958 2744 1027 2842 qui
1050 2743 1098 2817 ad
1113 2765 1203 2817 eun·

124 2855 207 2934 dem
235 2872 384 2935 motum
410 2860 661 2959 prestandum
694 2857 913 2956 conspirant,
950 2855 1203 2933 musculorum

122 2970 346 3070 conjunctio,
362 2997 458 3072 saepe
472 2972 638 3071 repetita,
655 2972 733 3070 ipsa
748 2968 1026 3059 consuetudine,
1051 2965 1203 3058 facilior,

125 3083 339 3183 promptior,
355 3096 394 3158 et
409 3085 609 3158 accuratior
624 3081 678 3157 fit

175 3217 313 3271 cccxi..
344 3196 384 3272 si
400 3220 489 3270 vero
514 3204 640 3271 motua
655 3193 902 3283 vehementes,
925 3192 1078 3280 insoliti,
1106 3191 1203 3266 diffi-

128 3302 222 3393 ciles,
244 3317 312 3383 aut
336 3307 507 3383 diuturni
523 3306 672 3395 fuerint,
698 3317 781 3383 tum
798 3307 893 3381 vires
921 3305 1202 3393 exhauriuntur,

125 3416 237 3493 homo
251 3418 486 3520 defatigatur.
537 3419 727 3507 Actiones,
755 3416 1030 3518 qualescunque
1059 3439 1203 3491 exerce·

125 3528 196 3620 but,
209 3531 417 3619 debiliores,
432 3533 592 3618 incertae,
608 3540 648 3606 et
669 3530 837 3607 memuloe
852 3529 972 3618 fiunt3
998 3552 1123 3605 sensus
1147 3529 1204 3603 in·

123 3652 247 3741 gratus
261 3643 323 3719 sui
339 3645 493 3743 generis,
519 3643 653 3719 deinde
666 3644 782 3732 dolor,
808 3653 934 3742 postea
949 3641 1125 3742 rigiditas,
1149 3663 1204 3714 ar·

59 3812 62 3819 .
126 3754 236 3831 tubus
251 3754 501 3831 laborantibus
517 3756 707 3842 accedunt,
720 3754 888 3830 debilitas
898 3763 939 3828 et
951 3753 1107 3854 languor
1122 3752 1204 3828 uni·

128 3887 227 3942 verso
243 3867 407 3967 corpori:
435 3893 522 3967 quae
536 3868 660 3943 omnia
675 3867 841 3966 requiem
858 3876 898 3940 et
913 3890 1085 3941 somnum
1102 3863 1203 3940 forti-

129 3984 179 4052 ter
192 3979 362 4054 suadent.
411 3981 454 4055 Si
482 3980 585 4056 nulla
610 3980 777 4054 laborum
803 3978 1025 4053 intermissio
1051 3980 1203 4052 interce·

130 4087 197 4193 dat,
227 4091 359 4190 ingens
373 4102 415 4166 et
430 4092 623 4168 universus
642 4093 780 4168 virium
806 4091 980 4177 defectus,
1009 4090 1205 4184 subitaque

131 4199 314 4278 interdum
330 4205 445 4280 anani
471 4205 639 4298 defectio,
665 4205 799 4284 ultima
814 4204 966 4280 demum
993 4223 1092 4276 mors
1115 4198 1205 4296 ipsa,

133 4309 174 4388 iis
187 4314 303 4393 linem
319 4316 529 4418 imponunt
