2678 4794
288 1310 383 1387 Cur.
399 1305 628 1384 XLI.-De
640 1296 809 1379 remoto
823 1293 1080 1399 epispostieis.

146 2140 262 2196 nncr.
293 2068 592 2207 Quncuuoun
604 2111 767 2187 remedia
778 2108 839 2187 vel
851 2118 1005 2186 tenuem
1019 2109 1229 2198 humorem,

145 2229 206 2307 vel
222 2255 304 2330 pus,
328 2251 394 2330 per
418 2224 747 2300 inflammationem
775 2234 814 2298 et
842 2225 1149 2323 suppurationem
1179 2245 1227 2297 ex

146 2344 302 2418 minutis
312 2341 406 2417 vasis
422 2339 598 2426 educunt,
615 2335 862 2438 Epirpaotica
874 2337 1081 2435 generatim
1100 2335 1226 2411 dicun·

147 2466 232 2531 tur:
259 2454 449 2555 speciatim
475 2476 562 2525 vero
585 2451 656 2525 hoo
684 2473 818 2524 nomen
846 2448 958 2523 datur
985 2443 1227 2551 veuicuton'ic,

147 2567 352 2667 emplastris
373 2564 510 2642 scilicet
524 2588 572 2638 ex
585 2562 696 2640 moloc
710 2558 926 2638 ueoioatort‘o
941 2558 1071 2636 aliisve
1085 2558 1226 2633 aeribus

148 2678 426 2754 medimmentis
442 2675 557 2764 factis,
585 2701 670 2776 quae
686 2674 764 2749 cuti
779 2672 952 2770 imposito
968 2668 1225 2746 inflammatio-

148 2814 236 2864 nem
252 2790 427 2877 excitant,
452 2798 491 2862 et
507 2788 717 2874 cuticulam,
743 2784 863 2859 multo
887 2783 1105 2883 interposito
1121 2779 1220 2855 tenui

148 2899 316 2989 humore,
350 2927 373 2975 a
406 2901 568 2998 subjectu
597 2911 683 2975 cute
712 2908 888 2997 separant,
913 2908 954 2970 et
983 2897 1024 2970 in
1051 2891 1217 2968 vesiculas

148 3011 305 3086 elevant.
357 3013 429 3087 Sed
446 3035 520 3084 non
538 3011 650 3084 modo
667 3010 791 3085 tenuis
816 3019 855 3084 et
883 3006 1085 3106 pellucido
1099 3003 1218 3078 istius·

148 3121 251 3195 modi
285 3121 420 3194 humor
448 3145 514 3219 per
542 3130 726 3195 recentem
756 3119 1088 3196 inflomfflationem
1114 3137 1223 3215 quum

149 3231 509 3311 oaeloeoesicatotos
519 3232 656 3307 excitat
668 3233 809 3307 detrahi
820 3243 953 3332 potest,
971 3228 1226 3308 verumetiam

50 3344 56 3359 “
150 3370 221 3444 pus
237 3371 397 3421 crassum
413 3354 452 3418 et
467 3344 593 3418 album
610 3345 755 3444 copiose
776 3345 894 3431 educi,
919 3344 1146 3420 siidoneum
1162 3363 1227 3414 un·
1287 3376 1290 3383 =

150 3467 335 3555 guentum
351 3455 411 3530 vel
427 3455 666 3554 emplastrum
689 3458 806 3533 acrius
821 3456 916 3555 parti
927 3454 1008 3553 jam
1024 3455 1228 3531 inflamma-

150 3577 201 3641 tae
221 3566 288 3641 diu
304 3577 343 3640 et
358 3567 571 3664 frequenter
596 3568 811 3668 imponitur,
840 3568 942 3667 quod
969 3564 1228 3642 inflammatio-

151 3701 239 3753 nem
255 3677 443 3778 produeut,
469 3689 508 3753 et
524 3679 599 3757 sere
624 3681 672 3755 ad
700 3680 849 3755 libitum
866 3690 1077 3779 perpetuet
1133 3672 1231 3752 Veri·

151 3789 333 3868 catorium
350 3798 487 3880 autem,
505 3804 549 3866 ut
565 3805 727 3880 vocatur,
744 3799 979 3891 perpetuum,
996 3801 1152 3866 tantum
1168 3789 1229 3862 do·

151 3897 237 3977 loris
266 3912 305 3976 et
333 3900 510 3977 molestiae
534 3905 710 3993 faoessere
722 3901 824 3991 solet,
850 3913 893 3976 ut
923 3903 1120 3978 oommuni
1151 3898 1232 3977 usui

151 4011 308 4087 minime
323 4023 454 4113 aptum
472 4015 539 4099 sit;
565 4027 605 4090 et
621 4014 737 4115 magis
761 4015 835 4087 fere
860 4014 1011 4112 prodest
1028 4038 1128 4090 nova
1145 4008 1233 4090 treti-

151 4123 296 4200 cotorio
308 4126 445 4200 iterum
461 4124 685 4226 iterumque,
701 4126 762 4200 vel
778 4124 898 4202 eidem
914 4125 1007 4218 loco,
1024 4129 1057 4204 si
1072 4127 1136 4205 hio
1151 4123 1235 4203 satis
