2678 4794
130 262 224 322 car.
241 259 346 318 xvn.
413 253 635 314 rmcrcrnm
654 254 944 317 rnaonnrron.
1123 342 1127 347 ‚
1148 253 1219 331 173

140 442 293 542 linguae,
328 435 518 525 labiorum,
545 437 793 538 gingIvarum,
822 437 1004 543 dentium,
1032 441 1107 530 veli
1134 467 1250 543 pen·¹

140 555 221 630 dull
239 551 358 653 palati,
388 551 476 623 ossis
493 550 615 647 palati,
642 559 680 623 et
696 551 785 637 nasi,
815 561 854 624 et
870 551 1025 626 demum
1048 559 1222 655 gutturis,

137 668 247 742 variis
275 664 397 738 modis
423 662 731 761 conspirantium;
757 687 835 761 qua
858 664 1009 739 tandem
1039 667 1222 742 machina-

138 780 245 865 tione,
263 801 342 851 vox
358 766 564 873 interrupta
593 786 632 849 et
648 784 803 863 mutata,
832 777 872 850 in
895 776 1017 852 literas
1034 780 1223 856 distinctas

132 915 197 967 seu
225 890 412 964 elementa
437 887 636 962 formatur:
677 887 743 982 bas
768 889 895 988 ,prima
921 900 1032 965 aetate
1055 912 1132 992 ¹per
1166 894 1222 968 in·

133 1005 312 1080 stinctum
331 1000 437 1100 quasi
464 1011 502 1072 et
518 999 765 1073 imitationem
781 1001 978 1091 discimus,
1006 1005 1147 1079 nedum
1170 1005 1222 1078 la·

134 1116 229 1191 boris
245 1114 394 1199 conscii,
416 1135 485 1185 nec
502 1110 603 1185 modi
620 1136 698 1210 quo
714 1111 876 1211 singulas
892 1113 1014 1190 literas
1030 1115 1219 1192 efficimus.
1239 1185 1241 1189 .

83 1245 104 1270 ·
183 1249 371 1303 naxxxn.
398 1222 706 1322 Uniuseujusque
730 1249 819 1299 vero
845 1226 961 1301 literae
987 1230 1080 1304 ratio
1102 1230 1219 1328 profe-

138 1339 273 1425 rendae,
297 1349 335 1411 et
354 1338 578 1411 machinatio
604 1337 768 1434 partium
784 1362 861 1438 qua
877 1339 1067 1428 formatur,
1093 1343 1219 1418 sedula
1259 1355 1263 1361 '

139 1450 387 1525 observatione
411 1450 567 1523 detectae
592 1459 701 1534 sunt3
730 1472 853 1548 neque
877 1459 1004 1526 tantus
1029 1452 1129 1527 labor
1154 1481 1217 1554 ge-

139 1562 219 1636 neri
236 1561 394 1636 humano
410 1586 557 1662 prorsus
573 1559 716 1634 inutilis
732 1561 828 1635 fuit:
855 1561 923 1638 hac
948 1565 1048 1638 enim
1073 1568 1217 1656 notitia,

139 1675 235 1749 varia
250 1673 405 1773 loquelae
420 1675 514 1746 vitia
539 1674 717 1773 corrigere
744 1674 927 1750 doeemur.
980 1677 1105 1753 Immo
1130 1691 1218 1754 sunt

135 1787 269 1886 quibus
286 1811 403 1861 unum
421 1811 515 1884 opus
532 1799 587 1860 est
603 1809 810 1860 sermonem
828 1797 952 1861 mutos
970 1788 1108 1864 docere.
1159 1790 1217 1865 Hi

133 1901 299 1999 plerique
324 1900 426 1974 surdi
455 1911 613 1987 tantum,
639 1924 714 1973 non
739 1902 885 2000 organis
911 1900 1068 2000 loquelae
1094 1904 1215 1976 manci

133 2022 200 2087 aut
225 2013 440 2113 imperfecti,
470 2024 690 2087 nascuntur:
726 2036 803 2087 nec·
819 2037 926 2089 voces
954 2026 1109 2114 possunt
1132 2016 1215 2088 imi·

133 2126 212 2212 tari,
246 2150 337 2223 quas
367 2148 560 2222 nunquam
587 2126 761 2198 noverint
793 2127 961 2200 existere.
1035 2128 1140 2215 Quin
1176 2138 1215 2202 et

133 2238 235 2337 pueri
259 2238 339 2336 jam
354 2236 559 2335 loquentes,
588 2238 618 2309 si
635 2260 721 2310 casu
737 2238 869 2334 quovis
897 2239 998 2311 surdi
1015 2239 1124 2326 fiunt,
1150 2240 1214 2313 ob-

131 2362 335 2425 mutescere
364 2349 491 2425 solent.
543 2350 656 2423 Nunc
672 2372 760 2421 vero
785 2348 947 2445 utrique,
977 2350 1053 2423 sive
1082 2364 1214 2426 natura

132 2463 206 2537 aive
237 2464 365 2537 morbo
394 2463 495 2537 surdi
526 2471 565 2534 et
591 2461 675 2533 ideo
694 2459 789 2533 muti
817 2458 903 2533 facti
921 2470 1019 2546 sunt,
1050 2471 1151 2535 tactu
1174 2474 1213 2535 et

132 2575 210 2650 visu
227 2600 448 2675 organorum
467 2572 633 2671 loquelae,
660 2571 752 2645 dum
781 2569 950 2669 loquitur
969 2571 1112 2669 aliquis,
1142 2573 1213 2647 dis-

132 2699 219 2762 eunt
235 2687 358 2762 literas
374 2688 614 2785 distinguere,
643 2692 682 2757 et
698 2683 849 2757 tandem
877 2683 952 2758 suis
968 2685 1113 2782 organis
1130 2709 1212 2783 pro
1266 2741 1268 2745 Α

131 2796 242 2874 fene:
280 2825 375 2898 opus
401 2822 526 2873 revera
551 2797 655 2872 taedii
683 2797 848 2897 plenum,
884 2797 948 2870 sed
973 2797 1097 2871 nobile
1122 2823 1211 2897 prae-

131 2912 259 2986 mium.

176 3045 376 3101 naxxxrn.
395 3022 639 3122 Opitulantur
654 3031 827 3121 praeterea
842 3023 1087 3123 respirationis
1112 3048 1210 3097 mus-

130 3134 204 3209 culi
228 3137 335 3210 variis
360 3137 567 3211 actionibus
591 3138 773 3210 viscerum
799 3135 1015 3210 abdominis.
1079 3137 1210 3235 Ipsum

130 3270 197 3344 per
212 3246 402 3336 abdomen,
428 3259 466 3322 et
485 3248 591 3347 jecur
616 3249 827 3348 praesertim,
858 3249 1045 3348 sanguinis
1063 3259 1209 3322 motum

125 3382 343 3456 promovere
359 3361 546 3449 videntur,
571 3359 713 3436 alterno
729 3370 768 3436 et
783 3361 907 3435 valido
923 3385 1019 3460 soepe
1036 3385 1112 3458 quo
1134 3361 1209 3459 agi·
1235 3350 1238 3356 ’

126 3480 255 3547 tantur
270 3485 389 3549 motu.
429 3474 635 3572 Contractis
651 3499 739 3548 vero
756 3485 861 3573 septo
877 3483 1081 3548 transverso
1099 3472 1208 3546 simul

123 3593 164 3657 et
179 3586 355 3661 musculis
371 3587 589 3674 abdominis,
605 3586 788 3661 abdomen
806 3594 940 3673 totum,
965 3598 1004 3658 et
1029 3586 1208 3683 quicquid

124 3693 164 3769 in
179 3721 224 3772 ec
240 3707 310 3787 est,
326 3697 445 3773 veluti
462 3701 501 3772 in
512 3697 614 3797 prelo
631 3698 937 3796 comprimuntur.
976 3697 1051 3771 His
1068 3699 1210 3771 viribus

125 3806 347 3912 plerumque
364 3835 457 3910 opus
475 3810 588 3885 estad
600 3810 725 3884 alvum
744 3811 991 3884 evacuandam
1007 3822 1045 3883 et
1062 3810 1207 3883 urinam

127 3921 349 3999 reddendam
376 3924 571 4022 (imprimis
595 3922 643 3998 ad
668 3921 917 4023 superandum
944 3925 1113 3996 renixum
1141 3921 1207 4020 qui

128 4049 153 4101 a
182 4035 357 4111 musculis
391 4038 525 4111 ostium
561 4037 689 4110 vesieae
727 4043 765 4107 et
799 4059 912 4109 anum
951 4034 1208 4108 claudentibus
1316 4039 1319 4043 ’

133 4144 257 4234 oritur;
284 4148 353 4222 hoc
370 4149 469 4223 enim
487 4157 668 4245 superato,
696 4148 753 4222 vis
769 4147 987 4223 contrahens
1016 4145 1206 4218 intestino·
