2678 4794
62 394 212 457 ,esu
229 391 297 447 xx,
418 391 640 448 numerum
658 392 946 450 rnuoaurrcu.
1129 385 1209 453 als,

121 572 281 658 omnino,
296 569 472 644 ductibus
488 572 768 646 exoementibus
785 570 956 658 admot03
982 571 1059 646 sive
1074 573 1106 646 is
1121 573 1199 649 cize-¹

120 685 203 760 mr'ci
218 686 296 758 sive
312 683 513 759 nwcdaniei
527 686 671 783 generis
687 685 808 761 fuerit.
860 672 945 784 lpsa
954 685 1201 761 manducandi

117 799 212 872 actio
228 787 379 870 salivam
396 798 478 886 ciet,
506 809 545 871 et
569 822 673 896 sapor
695 798 778 885 cibi,
807 799 1009 898 prasertim
1034 798 1200 884 acriorisr

116 911 432 984 medicamentum
449 909 579 1014 fortius
596 910 645 983 fel
661 920 808 997 movet;
832 921 871 985 et
895 911 1013 984 infans
1030 933 1105 984 non
1123 934 1201 984 mo·

117 1022 163 1096 do
179 1023 236 1096 lac
253 1048 275 1095 e
292 1023 461 1097 mammis
475 1023 579 1097 ducit
590 1023 769 1122 sugendo,
787 1024 852 1097 sed
868 1023 948 1121 ejus
961 1024 1200 1097 secretionem

117 1144 331 1234 pmmovet;
356 1133 553 1232 aliquando
577 1135 700 1223 etiam,
727 1145 771 1210 ut
786 1136 944 1223 videtur,
970 1135 1035 1210 ubi
1052 1135 1200 1209 nullum

119 1247 189 1323 fuit
205 1258 322 1334 antea,
340 1246 397 1322 lac
412 1248 539 1321 venire
555 1247 653 1321 facit.

167 1382 328 1435 nccxrv.
361 1360 586 1436 Secretiones
603 1359 790 1459 pleraeque
805 1369 1005 1458 perpetuae,
1022 1371 1061 1435 et
1077 1361 1124 1434 ad
1142 1361 1200 1436 vi-

122 1479 197 1543 tam
214 1483 252 1547 et
279 1474 472 1548 sanitatem
489 1473 707 1546 necessariae.
758 1472 855 1547 Sunt
876 1481 1000 1573 tamen
1017 1474 1199 1571 quaedam,

122 1583 255 1658 scilicet
282 1608 367 1683 quae
393 1585 621 1683 generationi
645 1585 861 1670 inserviunt,
887 1595 953 1659 aut
968 1587 1199 1661 nutrimento

118 1697 202 1772 novi
218 1696 397 1783 animalis,
425 1720 512 1794 quae
538 1707 637 1769 certo
654 1707 820 1794 tempore
836 1696 1021 1795 incipiunt
1045 1707 1084 1770 et
1105 1697 1199 1771 desi·
1256 1692 1261 1701 ’

117 1819 221 1896 nunt,
239 1819 277 1883 et
295 1820 395 1883 certo
414 1809 830 1884 stimuloinducuntur.
883 1808 1018 1882 Semen
1036 1807 1200 1882 maseuli·
1255 1906 1257 1911 .

117 1943 218 2009 num,
246 1930 285 1996 et
301 1921 470 2020 genitalis
488 1923 634 2012 humor,
663 1923 692 1997 si
709 1923 793 2021 quis
810 1921 932 2010 suerit,
949 1921 1198 2009 foeminarum,
1242 1922 1254 1981 ’ἴ

118 2032 283 2108 rixante
299 2044 447 2109 aetatem
463 2035 640 2133 puberem
658 2045 920 2110 secernuntur:
947 2059 1070 2134 neque
1092 2043 1199 2108 vetu-
1241 2068 1250 2087 ··

116 2142 157 2218 lis
174 2146 230 2220 vis
256 2146 427 2246 genitalis
455 2158 521 2234 est,
550 2170 673 2246 neque
701 2145 849 2220 forsitan
876 2148 964 2221 viris
993 2148 1094 2221 senio
1122 2148 1199 2222 fere

116 2261 296 2333 confectis.
349 2260 427 2334 Lac
443 2284 594 2359 quoque
611 2261 678 2333 vix
695 2260 895 2332 secernitur
923 2259 994 2331 nisi
1018 2273 1102 2356 post
1118 2282 1198 2356 par·

116 2381 215 2458 tum;
246 2371 349 2470 quod
366 2373 503 2472 insigni
519 2375 616 2446 inter
631 2381 781 2445 uterum
799 2381 838 2443 et
855 2392 1032 2442 mammas
1049 2392 1197 2444 consen-

116 2485 169 2557 sui
188 2484 427 2558 tribuendum
446 2497 509 2558 est

161 2619 311 2671 mcxv,
338 2598 483 2671 Mirum
500 2597 597 2670 inter
612 2594 729 2668 varias
746 2592 961 2668 secretiones
983 2592 1198 2666 observatur

118 2708 374 2808 aequilibrium,
391 2710 443 2783 ita
455 2721 500 2782 ut
517 2707 594 2807 pari
611 2708 686 2780 fere
698 2706 839 2779 ratione
854 2729 896 2780 ae
912 2705 991 2778 aliae
1003 2713 1198 2803 augentur,

115 2820 189 2897 aiiae
206 2823 434 2908 minuantur,
452 2846 528 2921 quo
539 2831 690 2895 cautum
704 2828 770 2906 est,
787 2842 976 2917 necorpus
988 2818 1080 2891 adeo
1092 2814 1198 2890 facile

115 2943 151 3007 et
166 2935 291 3008 subito
309 2935 476 3033 (uxum)
503 2944 546 3008 ut
562 2933 667 3007 aliter
678 2931 793 3019 fieret,
811 2931 1056 3007 exhauriatur.
1107 2928 1197 3003 Hoc

115 3044 292 3144 imprimis
308 3042 469 3121 notabile
486 3057 541 3120 est
556 3047 655 3120 inter
670 3044 827 3119 halitum
844 3045 940 3119 cutis
956 3054 995 3121 et
1012 3043 1196 3130 sudorem,
1242 3108 1247 3119 .

117 3166 153 3228 et
167 3158 320 3245 urinam,
346 3168 384 3231 et
401 3161 648 3232 excretionem
665 3157 758 3241 aivi3
783 3157 954 3255 quemvis
981 3158 1022 3230 in
1039 3154 1117 3228 aliis
1141 3177 1196 3229 se

117 3267 332 3344 cretionibus
349 3269 446 3342 idem
465 3294 562 3368 saepe
578 3269 801 3342 observetur.

161 3403 323 3458 uccxvr.
351 3382 576 3456 Secretiones
592 3380 672 3455 aliae
688 3380 767 3454 aliis
793 3378 1003 3453 hominibus
1019 3377 1194 3476 copiosio-

113 3516 164 3568 res
180 3495 240 3570 vel
257 3496 447 3594 parciores,
464 3494 669 3570 blandiores
681 3492 743 3567 vel
755 3492 917 3578 acriores,
935 3500 1042 3564 sunt:
1070 3501 1108 3564 et
1118 3489 1193 3564 fere

112 3630 183 3704 quo
199 3609 390 3706 parciores,
421 3632 465 3680 eo
481 3605 632 3711 acriores
650 3605 823 3679 evadunt.
877 3603 1088 3677 Infantibus
1116 3627 1193 3676 om-

113 3740 171 3793 nes
188 3720 362 3794 humores
391 3719 516 3793 blandi
547 3729 586 3792 et
614 3718 751 3816 copiosi
768 3726 865 3804 sunt,
895 3716 925 3790 si
950 3740 1037 3789 eum
1062 3714 1193 3788 iisdem

113 3826 327 3906 humoribus
344 3832 382 3903 in
400 3831 528 3906 adulto
544 3831 696 3905 homine
708 3830 907 3926 comparati
920 3829 1068 3903 suerint.
1105 3827 1193 3899 Foe-

116 3943 219 4017 minis
236 3968 388 4041 quoque
405 3943 573 4018 nonnihil
590 3967 701 4041 quam
719 3941 807 4014 viris
823 3941 1027 4014 blandiores
1044 3962 1120 4011 esse
1138 3961 1192 4011 so-

115 4047 195 4128 ient.
248 4055 479 4152 Hujusmodi
497 4057 691 4130 varietates
708 4055 746 4127 in
765 4052 887 4138 saliva,
914 4051 1058 4134 sudore,
1075 4049 1192 4135 urina,

116 4158 200 4253 felle,
233 4169 383 4254 semine,
415 4192 510 4267 saepe
539 4169 788 4241 observantur.
857 4166 955 4239 Sunt
983 4160 1120 4258 quibus
1151 4181 1193 4232 os

117 4292 248 4380 sempor
264 4279 399 4368 madet,
428 4302 550 4380 neque
579 4280 657 4356 sitis
688 4278 763 4355 ulla
786 4286 851 4352 est.
900 4278 998 4349 Sunt
1013 4269 1080 4368 qui
1096 4268 1193 4345 mul·
