2678 4794
178 315 251 404 ³24
587 331 837 394 consancrus
1052 335 1259 393 cmxxv.

178 535 256 614 que
279 511 411 590 multae
433 509 664 588 medicinales
686 535 794 611 aqum
816 509 857 585 in
880 509 988 585 variis
1013 512 1152 588 morbis
1169 513 1266 590 salu-

180 625 357 703 berrimas.
407 625 480 702 Sed
496 623 544 698 dc
559 623 616 698 bis
632 645 709 698 non
728 622 788 698 hic
803 629 860 697 est
875 620 977 697 locus
993 625 1137 723 agendi.

230 750 378 816 mxxvr.
394 737 496 814 Pura
506 744 633 812 autem
642 760 738 837 aqua
748 734 908 822 fontana,
919 737 1120 835 prasertim
1133 759 1265 810 recens

180 859 220 925 et
235 850 378 952 frigida,
393 848 571 949 optimus,
594 858 633 924 et
649 846 919 935 saluberrimus,
944 857 982 922 et
1010 845 1085 921 fere
1100 846 1263 946 gratissi-

177 986 265 1039 mus
281 950 499 1048 sitibntibus‚
525 960 603 1034 sive
619 959 714 1035 sanis
731 960 808 1035 sive
836 960 952 1060 aegris,
977 967 1087 1057 potus
1103 968 1179 1043 est;
1204 956 1264 1030 ni-

179 1075 313 1149 mirum
330 1071 397 1172 qui
423 1071 525 1146 sitim
555 1071 763 1172 restinguit,
789 1094 919 1171 corpus
944 1070 1142 1170 refrigerat,
1166 1071 1263 1145 acria

178 1183 289 1258 diluit
321 1193 360 1258 et
396 1184 447 1259 sic
483 1184 671 1274 obtundit,
696 1183 851 1271 urinam,
885 1191 924 1257 et
953 1206 1048 1282 saepe
1076 1181 1260 1269 sudorem,

176 1305 314 1384 movet,
339 1296 453 1371 noxia
469 1294 634 1396 expellit,
659 1295 849 1395 putredini
872 1295 1004 1382 obstat,
1033 1293 1258 1369 concoctioni

175 1405 392 1507 opitulatam
409 1418 448 1483 et
464 1408 619 1483 demum
636 1405 884 1483 ventriculum
901 1406 1055 1481 roborat.

175 1554 179 1561 ·
224 1540 392 1596 nxxvrn
420 1520 518 1595 Sunt
534 1529 670 1608 tamen,
700 1518 870 1618 quamvis
886 1516 1106 1617 paucissimi,
1123 1517 1257 1617 quibus

174 1628 318 1732 frigida,
356 1642 507 1732 propter
539 1631 723 1732 insignem
756 1628 819 1704 vel
856 1628 971 1704 totius
1006 1631 1165 1728 corporis
1199 1626 1256 1703 vel

175 1742 373 1821 ventriculi
398 1746 547 1820 tantum
571 1740 836 1828 infirmitatem,
873 1764 941 1816 suo
965 1739 1101 1839 frigore
1127 1764 1254 1817 nocere

175 1854 332 1933 ridetur.
382 1850 458 1930 His
481 1853 669 1928 interdum
694 1851 821 1927 eadem
846 1875 953 1951 aqua,
978 1851 1038 1926 vel
1072 1853 1254 1929 levissime

172 1967 366 2064 tepefacta,
382 1966 443 2042 vel
460 1966 562 2040 nocta
577 1975 616 2040 et
631 1965 769 2058 iterum
784 1964 990 2065 fiigesoens,
1017 1973 1057 2038 et
1085 1966 1137 2041 sio
1153 1965 1253 2065 quasi

172 2075 325 2165 mollita,
342 2077 429 2152 satis
444 2078 650 2155 conveniet

223 2208 407 2267 mxxvm.
427 2190 619 2266 Homines
644 2214 733 2266 vero
761 2212 906 2289 semper
932 2197 970 2262 et
994 2189 1136 2288 ubique
1158 2187 1198 2264 iu
1214 2188 1252 2262 li-

99 2303 108 2321 ·
170 2301 349 2401 quoribus
366 2301 586 2402 quibusdam
613 2303 841 2379 fermentatis
868 2311 907 2376 et
927 2302 1195 2379 inebriantibus
1210 2302 1253 2377 si·

170 2411 289 2489 bimet
326 2415 579 2517 comparandis
612 2415 759 2492 solertes
791 2416 913 2503 fuere;
953 2426 992 2490 et
1024 2414 1254 2491 tenuioribus

171 2525 302 2603 saltem
326 2526 542 2628 hujusmodi
566 2527 755 2629 liquorum
780 2553 848 2633 pro
873 2537 966 2629 potu
983 2529 1187 2616 communi,
1208 2528 1251 2603 si·

172 2647 236 2712 cut
252 2638 521 2730 meracioribus,
550 2639 709 2718 luxuria
736 2665 844 2718 causa
869 2665 964 2742 saepe
988 2648 1170 2727 utuntur;
1202 2641 1251 2715 ita

170 2756 216 2821 ut
232 2751 344 2825 multi
360 2774 427 2850 per
442 2752 566 2852 plures
581 2777 707 2843 annos,
723 2740 870 2855 aquam,
896 2779 981 2854 quae
997 2751 1071 2827 sola
1099 2752 1175 2827 fere
1189 2775 1250 2825 na·

172 2857 298 2932 turalis
314 2870 426 2957 potus
442 2864 515 2937 dici
532 2875 655 2963 queat,
685 2890 733 2939 ne
759 2866 871 2940 semel
900 2866 1053 2965 quidem
1080 2873 1247 2964 gustave-

169 2967 255 3042 rint.
303 2963 411 3058 Quin
428 2981 468 3047 et
484 2973 597 3048 multi
613 2976 657 3049 iis
668 2978 722 3050 ita
736 2988 960 3066 assuescunt,
989 2985 1033 3053 ut
1049 2987 1138 3077 potu
1154 2997 1246 3073 quo·

168 3079 252 3154 dam
270 3102 415 3156 meraco
430 3083 509 3157 sine
524 3085 630 3183 gravi
646 3086 880 3162 incommodo
896 3112 1017 3163 carere
1029 3095 1224 3188 nequeant.

219 3207 371 3270 Mxxrx.
395 3191 461 3268 Ex
477 3194 521 3269 iis
538 3194 752 3294 liquoribus,
779 3199 867 3275 vina
882 3209 921 3274 et
937 3201 1120 3276 cerevisia
1134 3199 1250 3275 vario

166 3326 251 3381 ram
268 3323 449 3406 genarum
463 3306 629 3382 maxime
644 3307 685 3383 in
700 3334 772 3386 usu
789 3321 888 3400 sunt,
916 3322 954 3387 et
979 3315 1073 3387 sanis
1091 3310 1248 3387 homini·

166 3414 236 3490 bus
264 3416 340 3492 fere
367 3414 461 3506 'tuta
490 3427 531 3493 et
555 3418 684 3495 multis
712 3423 819 3523 aegris
834 3421 1014 3512 salutaria,
1041 3424 1156 3500 modo
1182 3446 1247 3499 rua

164 3533 295 3640 natura
310 3526 407 3604 b'ona
421 3527 561 3605 suerint
591 3531 690 3623 (satis
717 3533 853 3611 seilicet
867 3534 1097 3623 fermentata,
1125 3556 1246 3637 neque
1282 3536 1310 3550 ‘

162 3634 283 3712 adbuc
297 3639 346 3714 ad
361 3663 504 3723 aoorcm
520 3643 633 3720 nimis
649 3648 865 3747 vergentia),
893 3671 1016 3747 neque
1043 3648 1165 3723 nimia
1190 3672 1246 3724 oo·

161 3748 223 3849 pia
238 3761 437 3851 assumpta

209 3880 341 3938 xxxx.
368 3863 613 3944 lnoommodo
636 3892 725 3945 vero
748 3870 924 3969 quodam,
960 3869 1020 3944 vel
1045 3870 1246 3971 aliquando

159 3973 323 4073 periculo
346 3973 483 4076 aliquo,
507 3981 548 4054 in
572 3981 703 4058 multis
723 3980 844 4083 longis
860 3983 996 4058 morbis
1013 4007 1089 4058 non
1107 3992 1243 4062 orent

158 4082 303 4188 Corpus
336 4088 519 4188 imprimis
556 4095 740 4182 nutriunt,
777 4094 881 4195 quod
917 4112 1014 4196 aqua
1042 4120 1119 4172 non
1144 4096 1242 4183 facit,

155 4194 269 4300 idque
292 4194 412 4279 forsan
440 4225 524 4276 cum
551 4203 615 4278 tali
641 4205 805 4283 subsidio
828 4208 982 4284 minime
997 4232 1092 4307 opus
1118 4219 1186 4297 est,
1202 4217 1238 4281 et
