2678 4794
615 265 708 342 xxvi

126 463 166 547 in
195 461 392 565 pristinum
418 460 528 532 decus
554 457 649 532 nihil
677 459 918 533 imminutum
948 460 1196 535 restituerunt.

130 572 288 649 Cbemiei
319 595 415 657 vcro,
454 571 591 644 Graecis
624 579 663 644 et
691 571 878 646 Arabibus
905 572 1039 670 pariter
1065 573 1198 659 infesti,

126 687 301 783 utrisque,
325 683 525 758 victoribus
553 707 595 757 ac
623 683 740 771 victis,
766 683 905 756 bellum
932 682 1200 759 denuntiarunt

123 809 229 872 atrox
260 804 297 867 et
323 795 557 882 inexorabile,
582 795 695 893 quod,
720 806 845 869 contra
862 806 1029 868 veterum
1055 795 1200 869 Graeco-
1261 861 1264 865 r

71 928 89 947 '⁸
126 932 207 984 rum
224 918 454 983 assectatores
473 908 674 1000 (Arabibus
703 908 863 993 interim,
889 907 1112 1004 quibuscum
1128 908 1200 1005 pri-

125 1044 188 1094 mo
203 1019 429 1095 decertatum
446 1021 576 1108 fuerat,
601 1020 749 1119 penitus
775 1019 930 1119 deletis),
955 1043 1020 1119 per
1044 1019 1120 1094 duo
1146 1042 1199 1093 se-

122 1129 216 1218 cula,
241 1133 339 1205 varia
354 1131 514 1220 fortuna,
538 1143 741 1232 gesserunt.

173 1243 372 1319 Veteribus
382 1270 470 1320 vero
481 1247 659 1345 paulatim
669 1246 855 1345 neglectis,
873 1270 1076 1346 eorumque
1089 1243 1200 1319 scien·
1257 1248 1266 1258 “

124 1355 186 1441 tia,
223 1356 289 1431 diu
310 1357 458 1454 jactata,
483 1382 619 1456 magna
646 1382 694 1431 ex
721 1368 824 1456 parte
853 1357 1030 1433 oblivioni
1059 1357 1200 1443 tradita,

129 1467 287 1543 Cbemici
303 1469 452 1543 tandem
469 1493 592 1543 rerum
609 1470 721 1568 potiti
737 1479 835 1556 sunt,
862 1492 1073 1567 novamque
1089 1469 1201 1541 seien-

125 1579 189 1654 tiae
205 1590 338 1654 nostrae
354 1580 509 1655 formam
527 1581 719 1655 dederunt.

94 1731 137 1745 -
175 1690 250 1766 His
274 1703 398 1768 autem
430 1692 533 1768 brevi
559 1693 649 1768 novi
665 1693 797 1780 hostes,
823 1717 919 1766 nova
935 1691 1039 1779 bella,
1065 1715 1200 1789 nempe

125 1829 210 1881 cum
227 1805 515 1893 Motbeumticis,
539 1804 736 1892 instabant,
762 1805 829 1904 qui
858 1803 1029 1901 subjectis
1044 1803 1202 1902 imperio

126 1941 203 2004 suo,
221 1926 325 2005 terra,
344 1919 444 2005 mari,
461 1917 553 2006 luce,
570 1918 684 2005 astris,
702 1926 781 1991 tota
797 1916 950 1991 demum
968 1916 1202 2001 serenatum,

126 2038 266 2103 nostras
283 2030 433 2103 tandem
458 2029 673 2104 invaserunt
697 2040 736 2103 et
758 2027 863 2103 facile
879 2036 1105 2126 occuparunt
1123 2052 1204 2124 pro-

126 2140 273 2227 vincias,
299 2141 393 2215 nibil
409 2141 510 2216 enim
530 2140 705 2218 Cbemicis
733 2141 805 2216 fuit
833 2166 910 2240 quo
927 2149 1043 2215 semet
1060 2150 1205 2212 tueren-

127 2260 199 2339 tur,
216 2264 283 2326 aut
299 2254 398 2352 quod
415 2264 644 2354 opponerent
661 2255 834 2329 adversus
847 2253 978 2339 hostes,
996 2249 1205 2337 numeratis,

120 2363 335 2461 postulatis,
363 2365 693 2467 propositionibus,
731 2365 918 2453 lemnmtis,
957 2362 1205 2464 problenmtis,

128 2475 370 2567 theorematis,
395 2478 780 2567 demonstrationibus,
818 2476 1034 2565 corollariis,
1060 2474 1206 2575 emperi-

128 2591 270 2678 mentis,
295 2599 334 2664 et
350 2589 513 2679 calculis,
539 2618 561 2664 a
589 2595 708 2688 capite
738 2592 784 2664 ad
813 2590 945 2662 calcem
977 2599 1144 2672 armatos,
1169 2596 1208 2660 et

128 2723 258 2773 necem
270 2701 437 2796 undique
450 2701 671 2772 minitantes.
722 2697 897 2770 Difficilis
907 2703 1033 2769 autem
1045 2697 1208 2770 victoriae

128 2833 228 2894 usus,
242 2809 416 2905 quamvis
428 2809 580 2882 victoria
595 2807 718 2881 facilis.
769 2805 936 2880 Redacta
952 2807 1051 2880 enim
1069 2808 1108 2880 in
1126 2833 1208 2906 pro-

129 2918 260 2993 vinciae
276 2919 544 2993 mathematicae
561 2917 717 2993 formam
734 2927 814 2991 tota
829 2918 904 2991 fere
920 2942 959 2992 re
976 2918 1127 3007 medica,
1144 2944 1207 2993 an-

129 3030 237 3128 tiqua
253 3055 326 3129 qua
343 3030 478 3129 priores
496 3030 639 3104 domini
665 3032 723 3105 usi
748 3040 852 3105 erant
867 3031 1012 3119 abolita,
1038 3054 1208 3130 novaque

129 3142 339 3217 introducta
365 3142 503 3241 lingua,
528 3142 710 3241 abrogatis
734 3143 870 3243 pariter
888 3140 1154 3219 Galenicorum
1169 3150 1208 3216 et

133 3253 382 3332 Cbemieorum
398 3255 589 3342 institutis,
607 3255 787 3355 novisque
796 3255 1038 3356 promulgatis
1054 3255 1208 3354 legibus,

131 3367 267 3465 quibus
285 3368 506 3467 (proscriptis
523 3368 658 3467 pariter
675 3367 929 3468 qualitatibus,
955 3379 994 3442 et
1015 3365 1209 3450 sternentis,

130 3487 169 3551 et
199 3478 503 3577 temperamentis,
534 3490 573 3553 et
601 3480 835 3568 coctionibus,
865 3491 903 3554 et
932 3477 1091 3556 censibus
1108 3479 1209 3552 Grae·

131 3613 270 3677 corum,
295 3600 334 3663 et
353 3591 512 3668 Arcboeo
528 3589 753 3679 Helumntii,
778 3603 816 3666 et
842 3590 993 3677 solibus,
1018 3588 1210 3691 sulphure,

131 3701 327 3791 mercurio,
352 3700 481 3790 actuu,
499 3701 681 3791 oleolinin
698 3702 1210 3802 efferuescentiisstrmento-

130 3813 303 3902 tionibus,
328 3811 611 3903 ebullitmnibns,
637 3825 675 3889 et
695 3809 1041 3914 deflagrationibus,
1071 3810 1210 3886 Cbemi-

131 3922 280 4019 corum)
297 3925 489 4000 medicinas
504 3926 702 4025 imperium
720 3924 938 3999 translatum
964 3923 1037 3997 fuit
1063 3922 1109 3995 ad
1135 3919 1209 3997 dis-

133 4037 328 4114 tentionem
341 4046 378 4111 et
391 4036 659 4113 remeationem
673 4034 929 4122 mechanicum,
946 4032 1210 4134 adpletborcm

132 4174 260 4230 ererum
274 4160 313 4229 et
327 4150 510 4255 spurium,
534 4150 582 4227 ad
597 4145 878 4229 obstructionem
894 4155 933 4223 et
948 4170 1113 4225 errorem
1130 4144 1216 4234 loci„
