2678 4794
126 300 199 369 482
536 299 788 360 cousvucrus
954 297 1048 352 car.
1065 297 1219 352 xxxxv.

128 488 186 563 vis
211 509 378 562 nervoso·
410 479 679 564 distributione,
718 499 830 573 quam
860 473 1056 561 efficiunt3
1100 475 1217 550 velsi

130 599 222 674 tales
239 596 493 673 convulsiones
505 616 527 665 a
540 591 638 666 vitiis
655 599 722 663 aut
737 587 1006 661 irritationibus
1016 588 1215 662 ventriculi

130 710 312 809 originem
336 708 511 782 ducerent
539 700 657 801 (quod
686 700 840 773 minime
870 724 993 773 rarum
1022 709 1110 798 est),
1137 711 1213 774 tum

131 822 235 898 facile
251 819 433 897 constabit
448 842 524 916 quo
548 826 656 914 pacto
685 813 908 886 vomitiones
937 822 1062 886 essent
1094 813 1211 912 profu·

133 944 236 1009 turae.

184 1068 434 1122 xcccxcvnr.
468 1042 664 1138 Frequens
691 1037 847 1112 vomitio
876 1037 1021 1135 corpori
1051 1037 1207 1113 multum

134 1168 263 1232 nocet:
302 1154 553 1230 ventriculum
583 1150 763 1250 imprimis
792 1146 899 1221 valde
925 1148 1106 1238 infirmat,
1131 1174 1206 1224 cou-

133 1271 337 1343 ooctionem
355 1268 439 1342 ideo
456 1266 622 1340 ciborum
651 1260 865 1358 corrumpit,
889 1271 928 1333 et
955 1260 1008 1333 sic
1036 1261 1205 1359 quodam·

132 1380 246 1455 modo
262 1380 461 1455 necessaria
488 1378 552 1451 tit:
579 1377 674 1450 vires
702 1395 852 1473 quoque
881 1371 1069 1460 exhaurit,
1094 1385 1133 1446 et
1158 1372 1204 1444 ni·

132 1493 248 1565 miam
265 1490 455 1590 sanguinis
479 1490 518 1563 in
549 1489 669 1585 capite
696 1484 981 1583 congestionem,
1009 1483 1071 1558 vel
1101 1485 1148 1558 ad
1172 1481 1204 1556 id

133 1603 284 1678 forsitan
302 1603 579 1687 derivationem,
604 1598 701 1672 facit

183 1738 400 1792 Meccxc1x.
425 1711 615 1787 Evitanda
642 1721 698 1785 est
732 1709 817 1801 (nisi
845 1709 901 1782 res
929 1707 1039 1782 valde
1068 1716 1205 1809 urgeat)

132 1851 208 1901 non
226 1829 338 1902 modo
353 1828 393 1900 in
411 1824 518 1898 valde
534 1822 716 1896 debilibus
739 1832 806 1894 aut
832 1819 1030 1894 mobilibus
1058 1845 1136 1896 non
1160 1845 1205 1895 se·

132 1962 197 2011 cus
213 1963 255 2010 ac
271 1938 350 2011 aliae
366 1935 644 2020 exinanitiones,
670 1933 734 2006 sed
759 1943 798 2005 et
823 1933 862 2006 in
888 1933 931 2006 iis
959 1934 1029 2030 qui
1059 1932 1205 2034 longum

131 2046 267 2119 collum
300 2059 339 2120 et
372 2055 506 2144 guttur
532 2046 726 2144 angustius
755 2044 893 2118 habent
923 2044 1120 2134 (nimirum
1147 2045 1204 2145 qui

132 2157 330 2233 difficulter
346 2182 495 2233 vomere
513 2157 657 2254 solent),
683 2158 787 2239 etin
820 2180 953 2255 magna
971 2156 1164 2256 sanguinis
1175 2181 1206 2230 a·

132 2269 349 2358 bundantia‚
375 2272 577 2369 praesertim
596 2271 662 2346 ubi
682 2270 870 2368 congestio
896 2269 1024 2367 aliqua
1039 2270 1079 2344 in
1096 2271 1206 2370 capite

133 2382 192 2456 vel
208 2398 340 2458 auctus
356 2384 426 2458 hoc
443 2408 569 2458 versus
598 2383 761 2481 impetus
777 2380 902 2467 adest;
927 2382 989 2455 vel
1007 2378 1038 2456 si
1056 2406 1206 2459 necessa·

134 2494 187 2571 ria
203 2496 362 2584 videtur,
389 2504 472 2570 tum
491 2495 639 2595 sanguis
663 2494 765 2592 prius
788 2493 997 2596 mittendus
1014 2505 1095 2570 est:
1120 2495 1205 2569 etin

134 2607 331 2690 ventriculi
348 2617 413 2681 aut
438 2607 695 2681 intestinorum
725 2605 1029 2695 inflammatione,
1059 2618 1124 2682 aut
1149 2606 1205 2680 do

131 2717 208 2792 lore
224 2719 347 2806 colico,
374 2728 441 2792 aut
459 2719 611 2793 demum
629 2719 667 2792 in
687 2717 862 2794 diuturna
879 2729 919 2791 et
934 2719 1123 2816 pertinace
1137 2717 1204 2792 ahi

129 2827 279 2916 duritia,
297 2833 382 2904 satis
400 2829 602 2923 manifestis
618 2831 665 2905 de
681 2832 798 2905 causis
814 2830 973 2905 vomitio
991 2855 1131 2930 semper
1143 2853 1203 2927 pe-

132 2939 285 3015 riculosa
301 2953 366 3015 est.
732 2953 737 2963 '

182 3076 327 3127 mcccc⁴
363 3054 498 3127 Tutior
531 3061 588 3127 est
622 3053 740 3128 multo
767 3080 878 3153 quam
906 3056 1029 3154 primo
1054 3062 1203 3152 aspectu

132 3162 330 3250 videretur,
356 3164 395 3236 iu
412 3163 583 3263 gravidis,
609 3174 647 3239 et
664 3165 865 3264 phthisicis,
889 3166 1012 3267 iisque
1039 3166 1105 3266 qui
1129 3189 1203 3239 san·

130 3274 255 3375 guinis
270 3273 474 3375 profluviis,
498 3275 617 3350 veluti
642 3302 664 3351 a
692 3279 850 3365 naribus,
875 3289 942 3353 aut
959 3278 1201 3379 pulmonibus,

130 3397 197 3461 aut
213 3387 428 3473 ventriculo;
453 3399 519 3461 aut
538 3398 654 3478 utero,
678 3389 864 3477 laboraut;
889 3404 929 3466 et
959 3417 1058 3492 saepe
1074 3394 1114 3467 in
1129 3416 1200 3491 gra

130 3499 281 3573 vissimo
298 3498 422 3573 dolore
438 3500 567 3598 capitis
582 3513 621 3575 et
639 3517 721 3579 tuta
737 3516 776 3579 et
793 3506 1003 3593 necessaria,
1028 3506 1198 3581 nimirum

130 3609 195 3704 qui
213 3607 311 3681 haud
328 3634 408 3684 raro
424 3636 445 3683 a
462 3622 562 3686 statu
579 3615 776 3690 ventriculi
792 3618 919 3692 oritur.

176 3740 338 3794 Μοῦσαι.
364 3721 526 3798 Facilius
548 3727 713 3801 vomitur
737 3727 911 3827 pleniore,
937 3733 1076 3831 aegrius
1094 3753 1199 3805 vacuo

126 3832 351 3918 ventriculo;
377 3835 463 3910 hinc
474 3835 694 3939 plerumque
704 3857 864 3939 vespere,
881 3843 999 3918 rarius
1009 3869 1120 3918 mane
1129 3854 1198 3916 ten·

124 3952 245 4031 tatur;
270 3969 356 4019 cum
374 3972 463 4022 vero
475 3948 615 4048 aliquid
628 3951 714 4026 boni
727 3952 774 4026 ab
783 3954 986 4052 agitatione
998 3968 1068 4031 aut
1078 3955 1197 4031 stimu-

122 4051 159 4127 lo
176 4057 352 4130 vomendi
367 4069 616 4156 expectamus,
632 4086 708 4162 non
725 4063 888 4140 alienum
906 4068 977 4141 erit
994 4093 1115 4143 vacuo
1130 4065 1197 4140 fere

119 4168 335 4258 ventricula,
356 4180 394 4244 et
412 4181 576 4270 tempore
594 4176 788 4264 matutino,
805 4179 1053 4257 vomitionem
1071 4181 1171 4257 ciere.
