2678 4794
126 306 214 362 cnr.
231 303 331 359 xvn.
411 250 632 361 murdrum
650 306 937 361 canonicarem.
1133 288 1204 362 168

124 482 219 558 adria
235 481 377 558 externi
393 506 460 582 per
471 507 633 582 asperam
649 484 818 558 arteriam
834 484 1015 572 intrantis,
1031 482 1203 557 liberum·

125 618 201 693 que
216 619 301 669 cum
317 604 398 668 aere
414 596 481 693 qui
509 597 548 668 in
578 594 755 694 pulmone
783 607 839 670 est
868 606 1116 671 commeatum
1138 595 1201 667 lra-

127 706 266 794 bentis;
292 718 332 782 et
357 708 458 782 hunc
482 708 598 807 igitur
624 717 706 782 abra
724 709 803 807 jam
832 710 901 784 sub
925 707 1203 807 inspirationem

125 819 293 895 nonnihil
318 844 534 920 expansum,
560 830 599 894 et
614 821 698 894 ideo
715 821 837 895 minus
854 822 1086 907 renitentem,
1110 824 1289 922 quc-t„
1335 841 1339 869 ⁴

124 926 351 1032 quoversum
368 958 435 1032 per
450 933 667 1032 pulmonem
683 934 892 1031 prementis.

168 1068 237 1121 1³1„
278 1045 439 1144 Duplex
474 1070 563 1119 vero
599 1044 821 1119 machinatio
857 1054 923 1135 eat,
960 1070 1034 1144 qua
1072 1068 1204 1119 cavum

128 1155 282 1232 thoracis
307 1157 482 1257 ampliare
507 1156 686 1243 solemus;
720 1167 787 1231 aut
810 1169 915 1257 septo
939 1169 1143 1233 transverso
1167 1179 1206 1229 se

129 1270 376 1359 contrahente,
412 1270 667 1356 descendente,
705 1279 875 1345 centrum
899 1295 1009 1345 suum
1035 1271 1206 1345 deorsum

130 1380 309 1468 trahente,
334 1392 373 1456 et
397 1407 419 1456 a
443 1406 605 1456 concavo
628 1381 811 1455 abdomen
835 1406 962 1457 versus
986 1384 1026 1457 in
1051 1383 1206 1482 planum

133 1488 208 1565 lere
231 1516 353 1580 verso;
377 1504 444 1569 aut
472 1493 649 1568 musculis
673 1493 739 1592 qui
759 1495 860 1568 inter
885 1505 1001 1570 costas
1019 1494 1145 1594 jacent
1170 1517 1209 1568 se

134 1603 427 1681 contrahentibus
467 1617 659 1704 castasque
700 1605 947 1683 elevantibus:
989 1608 1047 1682 bae
1070 1617 1209 1693 autem,

132 1728 279 1816 propter
294 1717 488 1817 obliquum
505 1742 621 1818 quem
648 1741 734 1793 cum
764 1720 868 1817 spina
883 1718 981 1793 dorsi
1002 1718 1140 1792 habent
1165 1720 1209 1795 si÷

132 1837 210 1903 tum
227 1838 268 1904 et
291 1853 444 1919 nexum,
474 1830 607 1904 elevari
636 1840 840 1929 nequeunt,
877 1831 969 1929 quin
1000 1830 1111 1906 simul
1127 1854 1208 1930 pro-

132 1940 329 2016 trudantur
358 1944 445 2042 ipsae
474 1952 705 2017 claternam
731 1968 883 2042 quoque
910 1944 1141 2044 protrudunt,
1169 1956 1209 2018 et

133 2048 241 2128 latera
269 2057 427 2154 pectoris
460 2056 627 2155 opposita
659 2081 680 2130 a
713 2081 751 2130 se
782 2058 942 2132 invicem
976 2058 1208 2157 aliquantum

134 2163 355 2242 dimoveant.

176 2299 260 2354 nur.
287 2279 363 2353 His
388 2280 514 2379 itaque
538 2282 688 2368 viribus,
713 2283 849 2380 quibus
874 2283 934 2357 vel
959 2283 1123 2382 singulis,
1147 2283 1209 2357 vel

137 2392 301 2466 cmnibus
327 2392 438 2467 simul
457 2393 609 2492 junctis,
636 2396 693 2467 uti
719 2394 887 2480 solemus,
913 2405 1024 2491 prout
1048 2417 1105 2466 res
1129 2418 1210 2491 pos·
1283 2430 1285 2441 ι

139 2502 314 2592 tulaverit,
331 2504 463 2579 thorax
472 2529 775 2605 quoquoversum
791 2504 1006 2602 ampliatum
1032 2504 1212 2578 nimirum
1266 2539 1268 2545 ·

139 2607 281 2714 longior,
299 2627 339 2714 et
354 2615 470 2703 latior,
487 2627 525 2690 et
543 2615 757 2715 profundior
772 2617 826 2690 fit.

179 2748 278 2813 nnn.
310 2729 358 2802 In
375 2728 596 2803 validissima
613 2753 700 2802 vero
718 2739 782 2803 aut
799 2727 939 2802 difficili
964 2729 1211 2828 inspiratione,
1323 2748 1326 2755 ·

142 2832 191 2911 ilii
211 2864 367 2938 quoque
402 2841 561 2915 musculi
597 2842 816 2940 conspirant,
854 2854 1040 2941 quotquot
1075 2841 1211 2943 scilicet

145 2962 245 3026 tostas
261 2952 465 3050 superiores
482 2951 541 3026 vel
558 2953 699 3027 elevare
722 2953 874 3052 possint,
898 2954 959 3028 vel
986 2955 1141 3045 firmare,
1167 2964 1211 3029 ut

145 3055 317 3138 inferiores
333 3064 492 3138 validius
509 3075 547 3137 et
564 3065 698 3140 certius
713 3067 760 3140 ad
778 3074 836 3142 eas
853 3066 1053 3142 trahantur.

187 3195 298 3250 mur.
316 3176 467 3250 Thorax
484 3176 535 3250 sic
552 3176 724 3253 dilatatus
736 3178 783 3250 ad
796 3148 987 3278 pristinam
999 3179 1212 3277 amplitudi-

147 3300 223 3358 nem
246 3286 347 3362 brevi
377 3287 577 3374 reducitur,
615 3289 783 3364 relaxatis
821 3292 1003 3390 imprimis
1040 3292 1213 3365 omnibus

147 3396 306 3472 musculis
333 3399 591 3496 inspirationis,
617 3401 669 3474 ita
696 3412 740 3476 ut
755 3405 901 3503 propria
916 3402 1078 3502 partium
1095 3402 1213 3478 dimo·

148 3510 306 3584 larum
270 3535 327 3586 vis
357 3511 539 3585 resiliendi
565 3513 665 3587 haud
682 3539 810 3614 parum
837 3515 885 3590 ad
913 3515 1013 3589 hunc
1037 3514 1212 3591 effectum

150 3621 323 3698 conducat
366 3622 489 3697 Costae
505 3625 618 3711 enirn,
635 3649 705 3724 ope
721 3625 989 3724 cartilaginum,
1006 3635 1045 3698 et
1060 3626 1214 3701 sortium

150 3720 429 3827 immentorum,
454 3760 541 3814 cnm
566 3745 693 3812 sterno
722 3750 759 3810 et
785 3738 891 3813 dorso
914 3738 1065 3837 juncta,
1090 3740 1213 3812 statim

152 3833 270 3921 ferend
285 3849 450 3947 primum
470 3849 790 3924 srtumhocmcdo
806 3850 984 3936 redeunt;
1009 3862 1046 3925 et
1064 3850 1215 3947 quidem
1288 3932 1295 3944 ,

154 3967 264 4046 munte
290 3969 329 4034 et
355 3960 536 4049 facillime,
562 3962 749 4037 scilicet
722 3986 800 4036 srne
824 3961 901 4036 ullo
917 3962 1111 4037 hominis
1100 3962 1215 4060 1psius

155 4077 268 4144 unctu
285 4070 504 4160 voluntario,
521 4085 588 4148 aut
602 4074 679 4148 ulla
697 4073 857 4148 musculi
873 4073 1034 4171 cujusvis
1056 4084 1216 4145 contrac-

157 4168 237 4253 tione
251 4181 379 4258 invita.
429 4183 705 4264 Mediastinnm
729 4210 881 4287 quoque
898 4185 1034 4260 dicitur
1050 4193 1218 4257 centrum

642 4320 668 4373 1.
687 4308 710 4374 2
