2678 4794
618 295 686 369 xxi

116 488 281 588 tinguere
297 489 400 564 inter
416 513 472 564 res
488 491 693 568 observatas
710 502 748 569 et
764 493 921 568 auctoris
950 491 998 565 de
1025 492 1068 564 iis
1088 488 1187 588 judi·

115 604 227 690 cium;
251 606 307 678 ita
334 614 381 679 ut
407 605 588 702 siquando
604 607 674 682 hoc
689 606 800 681 fallax
817 605 938 692 fuerit,
964 612 1063 677 certa
1079 626 1186 700 expe·

112 716 237 790 rientia
254 726 416 805 maneat,
441 730 481 790 et
497 720 670 818 sagaciori
697 729 764 795 aut
787 717 1019 801 fortunatiori
1044 714 1186 789 medico

108 849 215 902 suum
232 854 346 905 usum
364 839 521 930 praestet.

155 941 293 1041 Neque
309 944 450 1018 sanein
468 945 702 1043 opinionibus
719 945 802 1020 solis
820 950 985 1019 errarunt
996 939 1186 1037 scriptores

110 1056 264 1140 medici;
289 1057 329 1129 in
358 1056 457 1154 ipsis,
482 1082 573 1155 quas
602 1058 798 1132 credebant
825 1055 1051 1140 certissimas,
1076 1050 1184 1124 rebus

110 1168 221 1254 sactis,
245 1169 498 1243 observatione
514 1172 711 1268 compertis
727 1181 766 1246 et
782 1168 960 1253 stabilitis,
978 1164 1183 1264 plurimum

112 1304 205 1377 saepe
220 1280 431 1355 hallucinati
449 1296 559 1368 sunt;
585 1284 721 1357 scilicet
737 1307 821 1356 cum
835 1303 969 1355 exuno
981 1278 1041 1351 vel
1057 1273 1183 1374 paucis

114 1390 165 1463 rei
181 1392 340 1488 cujusvis
355 1390 544 1492 exemplis,
573 1396 725 1469 eandem
743 1406 879 1469 certam
897 1403 935 1467 et
951 1399 1180 1466 constantem

111 1503 337 1593 crediderint,
360 1515 399 1579 et
416 1530 483 1606 pro
500 1506 695 1597 acromate,
721 1533 785 1583 seu
806 1505 1025 1608 aphorismo,
1050 1523 1180 1600 posue·

107 1614 188 1691 rint.
239 1618 328 1692 Hoc
342 1618 456 1692 modo
472 1618 649 1718 plurimas
665 1646 721 1696 res
737 1646 804 1720 pro
817 1620 911 1694 veris
928 1616 1080 1719 posteris
1097 1635 1179 1713 pro·

105 1727 288 1817 diderunt,
313 1755 399 1830 quae
424 1753 493 1805 nec
519 1743 608 1807 sunt
633 1759 739 1822 verae,
773 1758 841 1807 nec
869 1732 971 1805 suere
999 1748 1178 1824 unquam.

72 1864 90 1877 ·
104 1839 176 1915 'I'ot
191 1844 371 1918 nimirum
387 1853 477 1918 sunt
492 1847 602 1919 variae
617 1847 776 1945 corporis
792 1843 1030 1927 conditiones,
1047 1845 1178 1933 totque

103 1976 156 2026 res
180 1942 357 2031 externae'
374 1982 458 2056 quae
487 1958 585 2031 idem
615 1959 758 2033 afficere
784 1956 935 2057 possint,
960 1963 1006 2029 ut
1031 1970 1178 2025 summa

101 2068 295 2164 prudentia
324 2080 362 2143 et
390 2071 657 2144 accuratissima
683 2069 1006 2169 circumspectione
1032 2083 1177 2160 semper

100 2203 189 2277 opus
205 2182 265 2268 sit,
291 2192 335 2255 ut
362 2181 455 2280 quid
481 2181 633 2258 effectus
662 2183 817 2283 singulis
846 2178 1087 2256 tribuendum
1116 2174 1175 2258 sit,

100 2288 192 2365 bene
214 2294 497 2392 perspiciamus;
531 2318 654 2393 neque
677 2296 808 2370 morbo
836 2295 1042 2370 tribuamus
1071 2281 1175 2385 quod

103 2402 240 2477 viribus
269 2395 524 2493 remediorum,
548 2429 671 2504 neque
695 2408 874 2492 remediis,
899 2403 1002 2501 quod
1017 2401 1174 2473 Naturae

104 2516 300 2604 conatibus,
322 2519 382 2593 vel
408 2519 527 2592 forsan
560 2518 687 2593 multis
714 2518 823 2590 rebus
851 2513 1012 2586 externis
1040 2529 1174 2606 parum

101 2625 305 2717 observatis,
321 2630 435 2705 tribui
451 2629 572 2704 debet.
623 2629 698 2702 Par
713 2650 863 2727 quoque
878 2624 971 2699 ratio
987 2630 1053 2706 est,
1071 2615 1172 2715 quod

98 2761 224 2836 parum
238 2751 277 2815 et
287 2751 394 2817 caute
410 2743 612 2816 admodum
630 2742 820 2816 fidendum
839 2741 885 2814 sit
903 2734 1060 2811 historiis
1077 2751 1192 2803 mou.

98 2849 236 2942 borum,
261 2866 299 2928 et
316 2855 519 2929 innumeris
536 2865 575 2929 et
590 2857 692 2929 miris
708 2855 756 2928 de
767 2854 906 2928 viribus
923 2847 1171 2924 remediorum

97 2963 407 3071 observationibus
424 2993 514 3066 quas
531 2992 658 3041 omncs
674 2966 749 3039 sere
765 2966 932 3039 homines
961 2984 1102 3060 semper
1131 2965 1170 3030 et

98 3076 232 3176 ubique
250 3080 443 3154 decantare
460 3079 599 3165 solent;
625 3080 776 3152 medicis
805 3103 899 3178 saepe
916 3077 1009 3149 vitio
1025 3084 1170 3148 verten-

99 3197 160 3275 tes,
183 3214 244 3266 eos
262 3202 320 3265 tot
336 3202 488 3291 tamque
504 3191 672 3290 praeclara
684 3215 864 3290 prosperae
880 3189 1077 3264 ornationis
1093 3209 1169 3257 mo-

98 3312 273 3376 numenta
288 3304 486 3403 negligere,
503 3330 587 3401 quae
599 3306 667 3403 ipsi
679 3304 833 3402 propriis
850 3327 888 3376 se
903 3300 1019 3374 oculis
1035 3296 1168 3371 vidisse

97 3422 283 3488 testantur.
334 3415 416 3489 Nec
433 3439 600 3512 unquam
625 3415 774 3488 fortasse
802 3412 929 3488 extitit
958 3412 1168 3511 pharmaco-

94 3524 174 3621 pola
190 3527 499 3601 circumforaneus
516 3539 592 3600 tam
610 3526 693 3598 duri
710 3526 851 3625 ¹frontis,
877 3526 944 3624 qui
968 3523 1073 3623 plura
1102 3534 1168 3595 aut

94 3639 209 3737 magis
225 3640 320 3713 mira
337 3639 385 3712 de
401 3641 475 3713 suis
491 3639 628 3712 arcanis
640 3640 901 3737 praedicaverit,
919 3661 1032 3736 quarn
1044 3633 1168 3719 multi,

93 3772 165 3825 non
181 3751 290 3851 vulgi
308 3751 438 3839 solum,
462 3752 525 3825 sed
543 3753 788 3852 ingenuorum
806 3752 929 3837 etiarn,
955 3745 1169 3822 testimonio

93 3885 164 3950 suo,
191 3863 252 3937 vel
264 3863 514 3961 jurejurando
542 3865 570 3936 si
593 3889 687 3963 opus
711 3874 815 3950 esset,
840 3863 1008 3936 lubentes
1037 3856 1168 3932 confir·

94 3977 285 4062 moverint,
311 3998 432 4072 neque
449 3977 569 4049 arcani
586 3999 707 4074 neque
722 3976 864 4074 praemii
881 3973 1084 4074 participes,
1102 3964 1166 4039 sed

94 4084 183 4161 bona
200 4087 277 4160 fide
288 4073 461 4162 testantes
472 4113 515 4161 ea
527 4114 610 4187 quaa
621 4112 658 4161 se
668 4090 811 4161 novisse
824 4088 1019 4160 crederent.
1065 4080 1167 4162 Qua-

90 4210 237 4300 propter
254 4209 400 4299 oportet
416 4225 491 4275 non
504 4202 614 4276 modo
626 4199 894 4277 observationes
907 4221 998 4296 quas
1010 4185 1167 4266 condere
