2678 4794
56 336 152 397 css.
168 332 281 392 xxtt.
344 284 567 390 MEDICINAE
586 334 876 393 THEORETICAE.
1073 333 1146 409 273

58 517 155 592 dane
179 512 328 614 possint,
362 513 596 612 corporisque
619 513 772 590 demum
798 515 1059 606 oouditionem,
1084 519 1151 597 diu

60 628 288 730 plerumque
313 636 513 725 antequam
539 626 701 701 animam
717 626 944 703 exhalaverit
962 630 1152 706 mori-bun.

59 742 148 827 dus,
170 737 381 812 istiusmodi
397 763 483 827 esse,
508 763 595 838 quse
611 748 650 815 et
666 738 832 816 dolorem
848 750 888 815 et
903 765 1053 819 omnem
1071 766 1151 818 seu·

59 876 147 929 sum
163 852 302 952 pariter
317 850 467 927 auferat.

111 986 421 1048 necenmvur.
435 964 515 1042 Illis
525 964 707 1066 imprimis
719 965 788 1063 qui
799 975 919 1042 morte
931 966 1048 1054 senili
1065 992 1151 1067 quae

60 1075 139 1155 sola
153 1077 330 1152 naturalis
345 1077 420 1150 dici
449 1087 581 1176 potest,
606 1080 864 1167 absumuntur,
880 1080 1035 1180 placida
1051 1104 1150 1156 mors

62 1197 142 1263 est:
166 1189 305 1264 seilicet
318 1189 395 1312 qui
410 1189 512 1265 nulle
540 1190 756 1265 adhibita
721 1216 759 1265 vr
775 1217 861 1289 quae
891 1194 1025 1268 evivis
1048 1217 1150 1292 rape-

62 1309 132 1388 ret,
157 1311 284 1379 mosen
299 1266 426 1376 vivere
453 1303 642 1390 desinunt,
668 1313 713 1377 ut
730 1314 876 1378 maturo
905 1329 1014 1403 poma
1030 1329 1079 1378 ex
1094 1330 1150 1379 or·

63 1409 220 1487 boribus
234 1421 361 1514 sponte
378 1414 526 1491 eadunt.
569 1414 676 1503 Quin
693 1424 732 1489 et
748 1417 901 1491 tantus
890 1439 930 1490 m
947 1417 1003 1491 his
1021 1426 1150 1515 stupor

63 1522 195 1598 adesse
209 1525 307 1617 solet,
333 1536 377 1601 ut
393 1525 504 1626 longe
521 1528 623 1628 prius
648 1553 775 1603 sensus
794 1530 920 1603 omnis
944 1531 1148 1630 sopituset

62 1636 254 1713 extinctus
269 1637 380 1714 fuisse
396 1639 567 1715 videatur
583 1665 697 1740 quam
714 1642 801 1715 vito.
851 1642 987 1741 Neque
1010 1640 1148 1741 profem

62 1755 107 1822 to
121 1748 162 1825 in
189 1751 234 1826 iis
261 1761 330 1828 aut
358 1775 465 1826 musa
491 1751 568 1826 ullu
592 1752 726 1829 doloris
751 1754 874 1827 adesse
898 1754 1057 1840 videtur,
1082 1761 1148 1828 out

62 1857 139 1935 uili
154 1863 395 1939 observantur
410 1865 508 1939 inter
523 1865 759 1940 moriendum
776 1863 910 1940 doloris
927 1865 1070 1940 indicio.

113 1995 388 2051 necctxxxrx.
415 1976 541 2064 Porro,
566 1979 694 2057 eodem
720 1977 796 2052 fere
819 1979 913 2052 ratio
936 1989 993 2054 est
1017 2001 1149 2054 eorum

60 2081 158 2159 letbi
174 2110 265 2186 quos
282 2090 397 2188 magis
408 2089 518 2163 viridi
530 2099 639 2164 aetate
649 2090 741 2165 varii
759 2091 875 2165 morbi
891 2092 1050 2191 rapiunt
1088 2091 1148 2170 Hi

62 2197 192 2286 morbi,
209 2210 299 2299 puto
315 2201 443 2287 febres,
461 2201 681 2300 similesque,
699 2202 778 2275 sine
794 2203 909 2277 dubio
925 2203 1147 2285 donec'vires

62 2311 151 2389 vite
165 2321 205 2387 et
220 2336 347 2389 sensus
363 2314 499 2412 integri
515 2322 724 2414 supersunt,
741 2322 797 2387 sat
814 2338 998 2412 superque
1010 2314 1147 2390 doloris

62 2430 102 2497 et
123 2424 304 2501 molestie
328 2425 533 2501 facessunt:
577 2426 640 2501 sed
665 2449 786 2524 quum
804 2424 884 2521 jorn
910 2425 956 2498 od
982 2435 1148 2499 extrema

48 2545 217 2629 ‚ventum
243 2549 310 2625 est,
336 2538 458 2614 fractis
474 2538 625 2624 viribus,
651 2546 690 2610 et
706 2537 828 2611 deleto
850 2537 925 2611 fere
949 2539 1052 2611 omni
1068 2561 1147 2612 sen-

64 2670 117 2738 su,
133 2652 259 2750 neque
274 2676 382 2726 eausa
399 2651 534 2726 doloris
550 2651 748 2729 vehemens
773 2673 849 2724 esse
866 2658 999 2749 potest,
1025 2673 1148 2749 neque

63 2760 94 2835 ti
114 2760 240 2852 fuerit,
265 2774 416 2864 propter
440 2764 600 2862 corporis
624 2761 886 2852 conditionem,
911 2761 1075 2838 dolorem
1091 2761 1146 2837 ul·

61 2869 141 2948 lum
157 2877 330 2951 excitare.

108 3007 283 3065 ncccxc
310 2987 429 3062 Causa
453 3012 541 3063 vero
558 2987 687 3063 mortis
712 3009 809 3087 saepe
830 2985 913 3063 talis
937 2996 1003 3076 est,
1028 2986 1147 3088 qualis

60 3116 138 3172 non
163 3100 298 3175 modo
299 3123 374 3176 non
400 3111 499 3176 creet
523 3102 698 3186 dolorem,
731 3100 797 3174 sed
820 3123 969 3175 sensum
995 3124 1148 3176 ornnem

59 3208 174 3308 plane
201 3213 316 3311 sopiat
333 3213 554 3312 adimatque.
606 3215 666 3289 Sic
683 3212 794 3287 multi
811 3222 899 3288 sunt
915 3213 1035 3286 morbi
1052 3237 1146 3286 som·

59 3319 256 3410 nioulosi,
245 3346 283 3398 ru
300 3325 438 3424 quibus
454 3327 543 3424 aegri
558 3349 753 3422 nunquam
771 3324 818 3397 de
834 3324 970 3410 dolore,
987 3323 1053 3399 virt
1064 3322 1147 3419 qui·

59 3431 149 3508 dem
174 3433 224 3509 de
246 3436 425 3525 molestia,
449 3445 737 3536 oonqueruutur.
799 3434 971 3534 Synoope
994 3456 1148 3533 quoque

62 3567 156 3644 αρε
180 3549 294 3622 morti
319 3551 534 3623 continuato
568 3557 634 3634 est,
660 3571 783 3647 neque
817 3548 858 3635 in
881 3547 1057 3621 alterutra
1081 3556 1147 3621 aut

63 3652 173 3744 dolor,
196 3671 267 3735 aut
295 3684 423 3735 sensus
441 3660 550 3748 ullus,
578 3662 702 3734 adesse
719 3659 878 3738 videtur.
929 3657 1148 3733 Moriuntur

65 3788 211 3868 quoque
234 3772 423 3847 interdurn
442 3796 519 3846 non
535 3783 648 3870 rupto
663 3794 803 3858 somno,
820 3770 888 3869 qui
904 3771 983 3845 sani
999 3793 1146 3868 prorsus

66 3886 103 3951 et
115 3884 241 3981 vegeti
258 3883 566 3960 obdormiverant.

113 4012 297 4069 ncccxcr.
324 3996 428 4084 Quin
446 3998 541 4072 etin
566 3996 610 4070 iis
635 3965 850 4123 exemplis'
839 4018 880 4068 ιιι
897 3993 1034 4092 quibus
1052 4015 1147 4066 mors

69 4099 330 4184 violentissimo
357 4124 423 4200 est,
458 4111 537 4186 sive
573 4110 677 4186 intus
701 4109 780 4184 sive
816 4107 1045 4185 extrinsecus
1068 4102 1149 4199 ejus

597 4246 618 4306 β
