2678 4794
133 381 218 438 car.
236 378 389 436 xxxrn.
454 375 676 452 nnnrcrnn
694 380 996 436 rusam-:ncne
1135 371 1208 444 457

132 559 321 659 cujusdam
339 557 556 632 secernentis
572 558 731 645 obstent,
756 568 795 631 et
811 559 1051 635 secretionem
1078 582 1145 658 per
1168 559 1209 634 id

131 674 242 748 nimis
258 695 401 770 paream
424 670 590 762 reddant.
641 671 729 746 Hoc
753 672 975 747 beneficium
991 672 1068 748 fere
1084 683 1209 748 totum

132 785 370 860 tribuendum
386 793 443 858 est
460 783 612 858 stimulo
627 786 781 860 remedii
798 787 948 874 admoti,
974 787 1041 886 qui
1068 786 1209 861 deriva—
1250 879 1257 891 .

131 898 272 971 tionem
299 896 488 995 sanguinis
517 907 557 969 et
572 898 628 971 vis
645 921 811 976 acruosae
828 924 906 972 eam
925 909 1064 999 partem
1082 920 1211 973 versus

129 1012 312 1108 adaugeat
328 1012 587 1109 (ccccxxxv);
613 1012 881 1110 impedimento
905 1037 1005 1101 vero,
1029 1009 1210 1112 quicquid

129 1122 281 1196 demum
300 1123 423 1209 fuerit,
440 1123 491 1197 sic
503 1121 616 1196 semel
630 1123 783 1212 sublato,
801 1126 952 1200 secretio
969 1134 1095 1224 postea
1105 1124 1210 1222 justa

129 1246 169 1308 et
194 1235 351 1308 naturali
377 1236 480 1333 copia
498 1234 716 1333 perficietur.
767 1238 964 1313 Eximium
994 1236 1210 1334 hujusmodi

129 1347 345 1445 exemplum
363 1347 402 1420 in
420 1348 631 1446 hydropicis
648 1372 743 1447 saepe
760 1348 883 1424 videre
900 1360 966 1438 est,
983 1350 1119 1450 quibus
1136 1349 1210 1423 uri·

130 1484 179 1533 na
207 1461 281 1533 fere
311 1483 416 1558 parca
445 1460 512 1546 fit;
537 1461 665 1536 eadem
683 1485 770 1536 vero
798 1461 939 1535 idoneis
969 1465 1210 1537 medicamen-

128 1573 176 1646 tis
199 1573 312 1646 semel
336 1585 438 1648 mota
467 1576 519 1648 ita
549 1585 593 1650 ut
622 1575 804 1674 copiosius
826 1573 930 1661 fluat,
960 1575 1082 1673 pergit
1109 1572 1211 1649 baud

127 1709 208 1757 raro
224 1684 338 1758 libere
354 1685 469 1760 fluere
484 1687 550 1760 diu
568 1697 653 1790 post
669 1686 941 1762 medicamenta
957 1686 1100 1761 omissa.

176 1812 382 1872 mcc'cxnv.
403 1799 507 1897 Saepe
517 1800 631 1874 etiam
642 1812 797 1898 prosunt
808 1801 918 1875 variae
928 1800 1209 1884 exinanitiones,

127 1919 205 1984 arte
221 1911 421 1998 concitatae,
447 1913 649 2011 suppressis
674 1913 854 1988 nimirum
871 1913 931 1987 vel
958 1912 1115 1986 minutis
1144 1907 1210 1983 sal·

128 2031 206 2095 tem
235 2022 312 2098 aliis
339 2025 653 2098 exinanitionibus
682 2026 872 2112 morbosis,
903 2034 942 2098 et
971 2025 1074 2123 prius
1102 2020 1210 2096 valde

128 2134 301 2223 molestis,
337 2135 487 2209 fortasse
520 2137 632 2209 etiam
661 2137 727 2209 vix
756 2137 861 2209 aliter
890 2136 1070 2211 sistendis.
1123 2133 1210 2210 Hoc

127 2247 250 2335 modo,
275 2248 322 2322 sd
339 2247 556 2321 firmandam
574 2246 699 2320 alvum
728 2247 793 2321 diu
819 2257 858 2320 et
887 2248 1123 2345 pertinaciter
1139 2245 1210 2320 flu·

128 2370 265 2446 entem,
290 2361 458 2458 copiosus
476 2360 588 2433 sudor
605 2383 701 2457 saepe
718 2358 830 2445 utilis,
855 2358 1042 2433 interdurn
1061 2381 1209 2454 prorsus

127 2473 371 2557 necessarium
396 2483 433 2546 et
452 2471 525 2545 alvi
542 2472 726 2570 purgatio,
743 2470 789 2543 ad
806 2469 1057 2568 reprimendos
1074 2469 1209 2543 nimios

126 2586 286 2671 sudores,
312 2583 372 2657 vel
388 2586 580 2682 ingentem
599 2583 721 2658 salivae
745 2581 905 2667 fluxum,
930 2580 1129 2680 aliquando
1145 2579 1208 2652 bo·

127 2720 220 2772 num
239 2696 455 2770 remedium.

178 2832 399 2884 mcccxnvr.
418 2807 542 2883 Utiles
558 2831 710 2907 quoque
727 2807 825 2881 fiunt
842 2804 973 2879 multae
988 2804 1207 2879 exinanitio-

127 2944 203 3007 nes,
229 2921 410 3020 siquando
426 2945 569 3019 corpus,
586 2920 796 3019 ’suppressis
820 2918 899 2992 aliis
916 2919 1109 3016 quibusvis
1126 2917 1208 2992 soli·

127 3036 185 3121 tis,
211 3035 288 3108 sive
305 3032 543 3121 naturalibus,
564 3033 641 3106 sive
658 3056 754 3119 casu,
780 3033 858 3106 sive
874 3040 952 3104 arte
968 3029 1119 3116 effectis,
1144 3029 1208 3104 ali·

127 3147 220 3245 quid
232 3148 445 3220 detrimenti
456 3170 605 3245 passum
618 3157 684 3220 est.
724 3145 963 3243 Saepeetiam,
980 3142 1208 3242 perlongum

128 3259 446 3344 cousuetudinem,
472 3260 753 3344 exinanitiones,
779 3257 840 3332 vel
864 3283 929 3330 sua
946 3267 1078 3330 natura
1093 3267 1209 3352 atque

128 3373 272 3470 origine
289 3372 478 3457 morbosae,
504 3371 563 3445 vel
582 3372 710 3445 saltem
732 3383 864 3470 praeter
890 3379 1060 3443 naturam
1086 3367 1209 3465 primo
1297 3376 1300 3381 ’

127 3485 318 3570 institutae,
340 3483 458 3557 veluti
475 3482 724 3570 laoemorrlror‘s,
749 3497 814 3558 aut
832 3482 952 3556 ulcera
968 3491 1125 3566 vetusta,
1142 3488 1208 3554 aut

126 3594 199 3670 alvi
217 3596 353 3683 fluxus,
379 3607 445 3671 aut
461 3597 627 3694 copiosus
644 3598 766 3683 sudor,
791 3607 858 3670 aut
874 3597 1046 3693 frequens
1063 3593 1209 3692 sangui·

18 3723 21 3728 '
125 3709 184 3783 nis
201 3710 387 3796 detractio,
405 3711 643 3808 purgationes
652 3710 779 3807 potius
795 3709 968 3783 salutares
985 3733 1099 3806 quam
1113 3728 1208 3780 mor·

125 3822 164 3894 bi
181 3821 289 3908 fiunt,
320 3833 359 3895 et
376 3822 523 3895 tandem
544 3822 590 3895 ad
608 3822 802 3894 sanitatem
820 3819 911 3893 adeo
927 3819 1145 3903 necessarias,
1163 3825 1208 3891 ut

126 3957 213 4008 eum
232 3936 395 4008 maximo
413 3935 523 4032 hujus
554 3933 764 4006 discrimine
793 3934 1080 4030 supprimantur.
1131 3929 1208 4005 Ne·

126 4070 202 4144 que
217 4047 369 4120 obscura
386 4049 489 4134 ratio,
516 4073 601 4145 qua,
628 4069 735 4118 novae
756 4045 1026 4119 exinanitiones
1042 4052 1120 4117 arte
1136 4041 1207 4116 fac·
1240 4120 1243 4132 ,

126 4167 187 4243 tae,
213 4161 364 4257 corpori,
388 4185 409 4233 a
427 4177 594 4234 veterum
613 4159 866 4257 suppressione
882 4157 1073 4244 laboranti,
1089 4155 1207 4229 effica-

127 4271 272 4347 cissime
288 4272 530 4370 opitulentur,
555 4296 629 4348 non
646 4271 760 4351 modo
775 4272 924 4349 obviam
941 4270 1067 4347 eundo
1082 4265 1209 4343 nimia
