2678 4794
110 297 200 356 CAP.
219 292 321 353 xxu.
373 291 594 349 nummum
613 289 900 353 THEORETICAE.
1118 292 1191 365 275

157 494 370 553 ncecxcrv.
388 472 525 547 Efflsta
540 457 671 561 anima,
697 474 850 549 cadaver
866 475 976 576 friget
992 483 1125 567 totum,
1142 482 1188 556 ri-

105 602 185 690 get,
200 587 393 688 putrescit,
419 599 458 658 et
473 587 577 660 brevi
593 587 633 658 in
649 588 803 685 pristina
819 591 999 665 elementa
1025 591 1187 667 solvitur.

154 723 347 777 ucccch.
371 699 510 786 Homo,
529 711 721 796 utcunque
737 701 784 773 de
802 700 979 775 brevitate
996 704 1083 777 vitae
1102 725 1188 785 cou-

104 815 212 915 queri
239 812 364 898 soleat,
390 835 477 885 cum
502 812 580 885 aliis
604 811 823 887 animalibus
847 826 1088 912 eomparatur,
1112 814 1190 889 lon·

99 950 232 1028 gaevus
250 922 440 998 habendus
458 935 523 998 est.
574 924 758 1012 Quamvis
783 926 985 1024 plurimum
1015 928 1075 1001 hic
1101 951 1189 1027 pen-

101 1040 190 1114 deat
207 1062 229 1111 a
245 1037 365 1136 primo
381 1045 493 1132 atque
511 1041 713 1135 congenita.
724 1040 882 1138 eorporis
903 1039 1036 1113 fabrica
1051 1051 1090 1113 et
1106 1064 1190 1114 oon-

104 1151 312 1254 stitutione
330 1147 497 1221 nondum
514 1149 624 1246 plene
640 1148 844 1239 intellectis,
862 1153 1023 1227 multum
1040 1176 1191 1251 quoque

106 1263 269 1336 eonferre
286 1272 408 1360 potest
427 1259 571 1334 mollior
588 1262 703 1336 totius
720 1266 878 1360 eorporis
903 1289 1092 1364 compag0,
1121 1275 1192 1339 tar·

110 1373 196 1447 dius
213 1374 401 1472 rigescens,
426 1371 493 1446 diu
522 1396 694 1460 crescens,
719 1384 758 1448 et
787 1399 865 1448 sero
891 1377 938 1451 ad
956 1377 1095 1474 justam
1122 1377 1191 1452 for·

110 1508 210 1559 mam
226 1487 410 1585 perducta.
771 1587 790 1592 η

158 1620 364 1674 ucccxcvr.
387 1599 598 1675 Verisimile
614 1604 680 1688 est
705 1599 887 1677 molliores
903 1610 942 1678 et
958 1602 1111 1679 laxiores
1127 1603 1191 1677 ho·

107 1710 239 1801 mines,
264 1713 377 1787 modo
393 1713 470 1787 sani
487 1711 635 1800 fuerint,
664 1738 777 1812 quarn
794 1714 971 1789 firmiores
988 1726 1026 1788 et
1042 1714 1194 1788 validio-

108 1848 168 1899 res
190 1824 335 1899 diutius
360 1825 495 1910 vivere,
519 1834 559 1898 et
596 1824 735 1916 tardius
764 1850 967 1911 senescere;
1010 1827 1114 1925 eujus
1138 1826 1193 1899 rei

108 1936 269 2036 plurima
286 1935 456 2034 exempla
484 1937 667 2011 exstitere.
716 1936 893 2013 Plurimis
909 1961 997 2012 vero
1022 1938 1101 2012 aliis
1129 1936 1191 2011 ad-

110 2047 185 2121 hue
200 2072 292 2147 opus
303 2049 382 2133 erit,
399 2049 614 2146 priusquam
629 2049 724 2122 hane
737 2052 957 2125 sententiam
974 2052 1133 2135 stabilire
1150 2048 1190 2123 li·

109 2169 199 2235 oeat.
253 2161 348 2234 Satis
364 2170 491 2234 autern
508 2169 663 2247 constat,
692 2162 844 2248 vetulae,
869 2165 898 2236 si
917 2163 1026 2237 modo
1043 2173 1191 2236 aetatem

109 2298 186 2373 qua
203 2297 347 2348 menses
364 2271 483 2347 solent
498 2272 663 2347 desinere
678 2270 830 2346 feliciter
847 2276 1109 2371 superaverint,
1138 2272 1192 2345 di-

110 2387 215 2463 utius
232 2395 272 2460 et
288 2385 412 2460 sanius
429 2386 553 2458 vivere
570 2408 684 2482 quam
701 2406 813 2470 senes,
840 2393 878 2456 et
901 2385 1036 2456 mentis
1053 2384 1192 2458 viribus

111 2501 237 2574 minus
252 2497 462 2574 imminutis
478 2495 573 2570 frui:
600 2494 785 2594 probabile
801 2495 902 2567 enim
918 2494 1077 2581 videtur,
1102 2494 1194 2568 desi-

108 2613 261 2712 pientiae
276 2619 316 2684 et
332 2611 461 2685 mortis
490 2607 613 2682 senilis
643 2606 797 2681 eandem
814 2606 889 2680 fere
910 2608 1090 2681 rationem
1115 2630 1192 2680 esse

110 2726 279 2822 (eccur).

159 2858 391 2913 ucccxcvu.
424 2836 518 2912 Satis
547 2858 732 2934 superque
748 2836 860 2911 etiam
877 2844 1029 2924 oonstat,
1055 2834 1193 2910 durum

109 2960 149 3025 et
166 2960 393 3049 perpetuum
422 2950 594 3038 laborem,
624 2948 725 3046 quali
742 2973 877 3049 magua
900 2973 981 3048 pars
998 2948 1193 3022 hominum

110 3061 183 3136 sibi
200 3063 350 3159 suisque
366 3062 508 3136 victum
526 3072 712 3165 quaerunt,
728 3063 897 3161 quamvis
913 3087 935 3135 a
954 3062 1082 3136 multis
1099 3082 1193 3134 mor·

112 3171 171 3246 bis
198 3184 356 3275 tueatur,
387 3184 616 3249 senectutem
646 3173 827 3260 festinare,
861 3183 900 3247 et
927 3174 1011 3248 ideo
1035 3183 1194 3246 mortem

118 3296 372 3382 praematuram
399 3286 583 3360 inducere.
634 3285 842 3383 Optimates
859 3285 959 3358 enim
984 3295 1022 3357 et
1048 3283 1195 3373 divites,

116 3397 286 3493 quamvis
310 3396 406 3471 luxu
431 3409 470 3471 et
493 3399 641 3495 ignavia
665 3396 856 3483 debilitati,
886 3405 924 3468 et
948 3392 1076 3469 multis
1100 3418 1196 3494 saepe

110 3507 251 3582 morbis
268 3508 383 3596 fracti,
401 3518 524 3583 tamen
540 3510 680 3583 tardius
696 3518 898 3592 senescunt,
916 3516 955 3580 et
971 3507 1086 3607 igitur
1114 3508 1196 3581 diu·

114 3618 189 3694 tius
215 3622 363 3710 vivunt,
399 3639 513 3720 quarn
537 3621 665 3718 inopes
689 3620 845 3696 artifices
869 3630 982 3719 atque
1018 3619 1195 3718 agricolae,

113 3732 253 3852 puibus
278 3757 335 3808 res
359 3742 527 3833 angustae
550 3732 652 3810 domi
669 3732 950 3831 temperantiam
975 3742 1014 3807 et
1037 3730 1197 3805 laborem

115 3845 206 3921 satis'
217 3856 482 3944 persuaserant.

166 3979 417 4034 ucccxcvnn
433 3958 536 4034 Vitae
552 3957 710 4034 hominis
726 3958 898 4055 spatium,
915 3967 999 4057 post
1014 3955 1198 4031 diluvium

120 4065 279 4159 Nouelli,
295 4071 395 4147 idem
410 4071 485 4146 fere
501 4071 651 4148 videtur
666 4068 777 4144 fuisse
790 4070 933 4168 ubique
949 4081 1128 4143 terrarum
1139 4084 1196 4134 or·

626 4191 689 4259 Ν
954 4196 959 4201 ’
