2678 4794
138 288 210 355 414
535 290 788 353 cowsse'ffls
1001 290 1098 346 CAP.
1117 291 1233 347 xxxx

136 473 278 575 pendet
305 471 353 549 ab
379 470 486 550 asido
502 472 696 551 sorbonico
719 472 818 546 inter
844 467 1174 545 effervesoendum
1190 470 1232 545 ab

138 585 300 663 abalino
316 586 389 661 sale
405 587 604 671 extusum
629 597 668 660 et
684 584 789 660 facile
805 593 844 658 et
871 591 956 657 tuto
972 581 1143 657 obtineri
1171 608 1231 682 po·

138 709 212 774 test
228 698 288 773 vel
304 698 434 773 hausta
451 698 613 773 mixtura
629 699 816 772 statim-ut
843 694 933 769 sales
949 694 1119 793 oppositi
1136 694 1228 771 infu-

137 811 322 885 sifuerint
351 821 390 885 et
405 811 639 888 effervescere
667 809 858 909 incipiant,
887 805 946 883 vel
978 807 1098 882 altero
1128 809 1227 908 prius

136 922 209 996 sale
224 947 319 1022 puro
336 934 494 1022 sumpto,
517 935 556 999 et
572 924 698 998 statim
715 932 842 1022 postea
868 913 983 994 altero
999 919 1149 1011 hausto,
1177 922 1224 994 ita

136 1045 180 1108 ut
195 1036 235 1108 in
253 1035 458 1111 ventriculo
474 1035 551 1110 solo
567 1035 816 1109 effervesmnt.

185 1170 334 1223 Mccxn.
360 1147 538 1222 Proxime
555 1147 704 1222 fortasse
729 1155 814 1245 post
830 1143 1103 1219 medicamenta
1128 1146 1222 1221 resri-

134 1261 299 1359 gerantia
313 1261 520 1335 enumerari
535 1259 674 1333 debent
689 1257 808 1331 multa
827 1257 1103 1333 medicamenta
1119 1254 1219 1333 valde

134 1372 256 1459 odora,
281 1372 342 1446 vel
360 1372 468 1470 plane
486 1372 625 1459 soetida,
651 1395 735 1468 quae
751 1394 869 1468 nuper
892 1381 932 1443 et
948 1369 1038 1443 olim
1057 1371 1098 1445 in
1114 1372 1219 1445 variis

135 1483 273 1558 morbis
287 1508 355 1583 pro
371 1485 584 1561 sociantibus
598 1482 770 1557 remediis
785 1481 951 1556 multum
974 1479 1134 1559 fuerunt
1147 1481 1219 1557 hu·

133 1595 230 1682 data,
260 1606 299 1669 et
315 1597 453 1671 credita
468 1594 892 1695 praesertimplurimum
907 1593 1032 1669 valae
1049 1595 1219 1670 adversus

133 1721 258 1781 motus
295 1707 375 1782 illos
400 1708 592 1783 abnormes
626 1705 801 1780 fibrarum
828 1703 1124 1781 musculosarum
1156 1707 1220 1806 qui

131 1819 565 1919 apasmi,(cccnxxx1n‚
594 1825 854 1917 cccnxxxvrr)
880 1827 1084 1905 uocantum
1110 1818 1218 1905 unde,

131 1933 322 2004 communi
338 1932 414 2004 fere
431 1928 656 2003 medicorum
674 1952 865 2019 consensu,
887 1928 1218 2032 Astapus-mica

131 2040 344 2115 dictasunt.
429 2138 431 2142 Α

180 2173 346 2227 nccxsr.
373 2152 607 2253 Hujusmodi
634 2155 805 2256 exempla
820 2178 897 2232 esse
912 2167 1082 2257 possunt,
1106 2164 1217 2231 casto

129 2287 246 2353 reum,
271 2266 448 2357 mosch-us,
474 2266 666 2358 zibellum,
691 2268 817 2344 oleum
840 2267 1011 2357 animale,
1034 2267 1220 2345 corbones

129 2378 331 2467 ammonias,
357 2404 406 2455 ex
422 2381 641 2457 animalibus
658 2381 842 2467 derivata3
868 2390 908 2454 et
924 2381 1027 2455 varia
1047 2379 1217 2481 petrola

130 2489 190 2565 vel
206 2492 401 2582 bitumina,
426 2493 700 2595 ostbrugrisea,
722 2492 924 2582 suocinum,
941 2492 1099 2591 ejusque
1114 2492 1165 2568 sel
1180 2503 1216 2567 et

129 2601 264 2692 oleum,
296 2631 346 2680 ex
370 2606 552 2682 fossilibus
580 2607 689 2682 rebus
713 2605 933 2703 desumpta;
975 2613 1016 2678 et
1048 2605 1215 2705 plurime

128 2715 253 2813 fruges
281 2719 624 2819 medicamentaque
640 2744 689 2793 ex
705 2719 750 2792 iis
766 2729 901 2816 parata,
917 2715 1038 2792 veluti
1065 2719 1215 2818 wouh,

128 2828 286 2923 atriplex
303 2829 444 2917 foetida,
462 2831 660 2908 valeriana
669 2828 870 2916 officinalis,
879 2824 1103 2905 'ferulaasao
1116 2829 1216 2904 foeti-

128 2935 185 3023 da,
202 2935 323 3015 bahan
338 2942 552 3039 galbanum,
570 2944 694 3016 laurus
711 2943 922 3042 complura,
945 2941 1072 3042 fuligo,
1095 2939 1214 3016 oethcr

61 3140 65 3145 ⁵
127 3045 438 3147 suffusionem
456 3052 588 3127 similia
605 3053 680 3125 fere
695 3054 900 3130 innumera

176 3164 631 3249 nrccxn11.Dehisvero
660 3174 698 3238 et
725 3165 907 3240 similibus
935 3166 1214 3241 medioamentis

125 3274 247 3350 odoris
263 3275 324 3349 vel
352 3276 491 3351 foetidis
507 3267 779 3351 observandum
809 3287 876 3365 est,
901 3277 1003 3351 baud
1021 3303 1138 3378 panea
1166 3301 1211 3352 ex

125 3385 380 3463 effimoissimis
407 3412 536 3462 eorum
554 3389 802 3464 manifestavi
818 3388 1037 3465 stimulante
1066 3391 1209 3491 pollere,

125 3508 163 3570 et
180 3502 313 3574 merito
340 3501 456 3599 igitur
482 3501 579 3578 inter
595 3502 825 3577 stimulantis
841 3503 1005 3577 remedia
1030 3502 1111 3602 jam
1137 3526 1209 3578 esse

123 3612 299 3685 recensita
317 3615 591 3703 (ncsxxxuu,
609 3623 808 3710 mcxcvu).
845 3615 899 3689 Et
916 3616 1002 3692 satis
1013 3616 1208 3692 verisimile

123 3720 272 3797 videtur
288 3749 331 3798 ea
347 3749 412 3823 per
429 3726 522 3801 hanc
535 3729 613 3801 vim
630 3730 878 3826 potiusquam
890 3753 957 3828 per
967 3727 1091 3803 ullum
1109 3728 1209 3804 effec-

123 3847 205 3910 tum
223 3860 309 3910 vere
325 3838 512 3913 sedantem
527 3841 701 3915 adversus
710 3866 875 3941 spasmos
887 3841 1081 3939 prodesse;
1107 3841 1207 3940 eujus

122 3951 175 4022 rei
191 3948 283 4023 ratio
298 3948 385 4023 alibi
403 3952 666 4050 (sresxxxru)
679 3954 757 4051 jam
776 3954 919 4027 reddita
935 3965 1003 4028 est.

172 4084 351 4137 srcxmn.
379 4062 448 4136 Illa
476 4077 601 4140 autem
632 4090 717 4164 quae
746 4088 847 4138 mere
863 4064 977 4142 odora
994 4065 1058 4140 vel
1083 4062 1205 4139 foetida

121 4184 218 4264 sunt,
243 4198 311 4249 nec
337 4176 537 4274 quicquam
564 4177 706 4252 stimuli
732 4177 769 4250 in
798 4199 835 4249 se
861 4175 1011 4265 babent,
1036 4175 1203 4277 quamvis
