2678 4794
617 307 736 382 xxviii

139 506 260 586 labore
284 516 448 592 strueret,
474 512 650 602 tantaque
677 513 756 578 arte
784 512 823 578 et
849 503 1030 603 elegantia
1055 513 1209 591 ornaret,

138 633 215 698 tam
231 623 378 697 firmum
397 625 491 690 esset
503 616 618 715 'quam
635 616 706 691 sibi
727 617 969 716 persuaderet,
995 628 1210 716 tantamque

136 735 260 835 generi
275 732 436 804 humano
448 729 649 804 utilitatem
659 729 921 829 praestiturum.
964 728 1090 804 Multa
1101 731 1211 803 nimi-

136 871 218 922 rum
235 867 331 917 nova
346 843 498 916 materia
514 842 559 915 ad
577 841 617 914 id
633 841 899 940 perficiendum
920 866 1014 940 opus
1030 854 1121 931 erat,
1146 841 1212 916 sed

135 967 347 1055 comparatu
376 952 484 1029 valde
513 953 664 1028 difficili.
728 954 846 1029 Hunc
871 966 997 1029 autern
1022 954 1210 1029 defectum

135 1071 252 1143 bonus
285 1066 546 1142 Bocrhoouius
572 1067 709 1141 intueri
738 1079 804 1143 aut
832 1069 937 1143 fateri
965 1067 1107 1154 noluit;
1145 1067 1209 1140 sed

133 1191 257 1254 vetere
273 1182 435 1269 materia,
461 1204 534 1279 qua
550 1205 662 1255 nemo
685 1181 818 1255 melius
843 1183 901 1255 uti
929 1142 1090 1268 novlhat,
1115 1201 1209 1278 opus

133 1293 304 1391 perficere
321 1304 473 1368 conatus
490 1302 555 1369 est.
606 1293 673 1369 Nil
685 1295 822 1368 mirum
836 1294 961 1392 igitur,
979 1303 1118 1367 tantam
1130 1316 1207 1363 mo·

132 1404 218 1493 lem,
235 1408 405 1504 quamvis
421 1406 468 1480 ad
485 1407 644 1504 speciem
662 1404 952 1505 pulcherrimam,
973 1428 1153 1479 annorum
1171 1415 1209 1476 et

132 1519 362 1616 tempestatis
378 1541 493 1592 noxas
509 1516 606 1591 male
633 1517 857 1602 sustinuisse,
884 1540 1005 1614 neque
1032 1517 1098 1589 diu
1129 1539 1208 1613 per-

131 1628 289 1719 durasse,
315 1631 380 1709 sed
395 1629 578 1704 labefactis
594 1653 730 1730 magna
756 1652 804 1701 ex
825 1639 929 1727 parte
945 1627 1207 1717 fundamentis,

39 1828 42 1833 ,
130 1744 279 1842 proprio
295 1745 445 1819 tandem
461 1743 623 1842 pondere
639 1741 824 1817 corruisse.

109 1891 134 1907 ·
181 1856 415 1932 Boerbaovii
427 1855 601 1930 doctrinis
617 1880 684 1955 pro
700 1853 943 1928 fundamento
955 1862 1058 1927 erant
1075 1853 1207 1953 scripta

130 1979 311 2056 veterum,
327 1978 366 2042 et
382 1969 583 2068 praesertim
595 1965 860 2067 Hippocratis.
910 1966 1102 2064 Quidquid
1120 1990 1207 2040 vero

128 2081 177 2152 ad
206 2104 281 2153 rem
309 2105 414 2155 suam
441 2078 602 2154 conferre
618 2079 815 2165 videratur,
840 2077 1019 2178 quicquid
1036 2087 1206 2152 veterum

129 2191 333 2266 doctrinam
351 2202 390 2267 et
405 2192 676 2266 observationes
688 2192 831 2264 firmare
845 2202 912 2264 aut
929 2189 1109 2263 illustrare
1125 2214 1206 2286 pos·

129 2313 195 2390 set,
219 2306 267 2379 de
283 2305 383 2380 libris
403 2305 653 2381 camanum
677 2314 716 2379 et
745 2302 1094 2377 Mathematicorum
1112 2300 1207 2399 pari-

128 2426 186 2491 ter
202 2417 441 2517 deprompsit,
465 2427 504 2492 et
532 2416 683 2514 adjectis
712 2416 867 2516 propriis
897 2414 1142 2513 opinionibus,
1167 2422 1207 2486 et

128 2529 454 2620 observationibus,
480 2538 519 2604 et
535 2531 706 2616 inventis,
732 2554 817 2628 quae
832 2527 1077 2627 pulcherrima
1092 2535 1205 2611 eraut,

127 2640 288 2740 plurimo
303 2644 455 2741 ingenio
471 2653 510 2714 et
526 2653 604 2714 arte
620 2642 827 2713 elaboravit.
880 2640 949 2723 Sic,
974 2648 1106 2735 praeter
1122 2637 1205 2710 doc-

127 2753 262 2825 trinam
276 2749 601 2849 Hippoeraticam,
619 2751 658 2819 in
675 2749 817 2845 scriptis
833 2746 911 2842 ejus
928 2747 1058 2819 multae
1073 2757 1205 2822 extant

126 2859 174 2932 de
190 2861 290 2933 vitiis
306 2861 519 2945 humorum,
545 2856 768 2944 acrimoniis,
785 2855 913 2944 acidia
938 2866 1005 2931 aut
1021 2857 1204 2947 olcaliaia,

126 2982 165 3044 et
180 2969 380 3058 fermentis,
405 2979 444 3042 et
462 2969 612 3043 materia
624 2969 791 3043 morbosa
807 2969 1025 3067 sanguinem
1042 2995 1203 3045 corrum-

125 3091 248 3181 pente,
265 3081 495 3180 eonjecturae,
512 3106 535 3154 a
550 3080 789 3157 chemicorom
806 3079 957 3156 theoriis
973 3081 1178 3181 desumptae
1192 3112 1203 3171 ;

124 3203 165 3269 et
180 3193 311 3269 multae
326 3194 517 3293 opiniones
534 3218 625 3292 quas
635 3218 684 3268 ex
696 3195 839 3295 scriptis
854 3194 1201 3271 mathematicomm

124 3306 257 3396 hausit,
292 3307 466 3381 devitiis
495 3307 655 3406 partium
685 3298 894 3394 solidarum,
926 3307 1106 3383 debilium
1135 3317 1201 3383 aut

124 3418 288 3506 fortium,
313 3419 481 3493 laxarum
507 3429 573 3495 aut
601 3419 824 3520 rigidarum;
850 3420 897 3493 de
923 3421 1041 3494 nimio
1056 3429 1122 3495 aut
1138 3421 1200 3494 de-

123 3530 271 3605 ficiente
287 3542 394 3604 motu
410 3528 671 3615 circumierim
696 3532 744 3605 de
760 3532 1010 3606 obstructione
1027 3543 1065 3606 et
1081 3556 1200 3608 errore

123 3640 213 3728 loci;
238 3650 277 3716 et
293 3642 340 3716 de
356 3642 496 3718 lentore
512 3651 551 3716 et
567 3643 749 3719 tenuitate
765 3645 973 3719 humorum.

172 3755 249 3829 Pro
264 3755 444 3855 principio
460 3756 672 3831 sumebatur
687 3780 763 3831 non
780 3755 899 3831 solum
916 3781 937 3828 a
950 3755 1200 3842 Boerhoovio,

123 3889 253 3962 verum
270 3867 382 3942 etiam
407 3868 453 3941 ab
478 3862 651 3944 omnibus
679 3869 754 3944 fere
784 3868 1018 3967 scriptoribus
1048 3866 1198 3940 medicis

124 3979 189 4079 qui
216 3989 302 4054 arte
329 3988 477 4078 tempus
504 3981 584 4079 ejus
609 3979 818 4068 floruerant,
844 4004 967 4054 causas
984 3979 1197 4052 morborum

123 4117 264 4191 semper
287 4092 422 4166 haerere
449 4093 511 4167 vel
539 4095 578 4168 in
607 4092 826 4169 humoribus
855 4092 1045 4189 corruptis,
1065 4089 1131 4165 -vel
1159 4091 1200 4164 in

125 4206 293 4282 universa
316 4203 514 4283 solidarum
543 4207 707 4305 partium
731 4227 907 4306 compage
937 4202 1062 4304 aliquo
1089 4204 1202 4280 modo
