2678 4794
185 352 258 424 436
574 369 826 428 consracrus
1024 367 1278 424 esum.

185 554 307 645 partes
324 545 516 634 diluerent,
533 547 591 622 rel
608 549 719 623 etiam
736 547 969 646 aliquatenus
984 545 1187 634 solverent,
1209 571 1272 621 ve-
1289 619 1293 625 .

186 683 271 732 rum
288 661 437 760 insuper
451 661 529 735 aliis
545 662 742 761 assumptis
770 659 1060 740 medicamentis,
1083 683 1175 758 quae
1190 659 1271 733 vim

186 770 390 847 solventem
407 798 512 872 aquae
528 785 717 872 augerent,
733 772 793 848 vel
809 797 900 872 quae
912 772 990 871 ipsa
1006 772 1083 845 vim
1100 771 1267 871 aliquam

186 885 389 975 solventem
406 886 643 985 possiderent.

236 1021 405 1073 Mccxcv.
443 998 627 1087 Quamvis
658 1022 748 1072 vero
781 997 936 1071 minime
967 995 1187 1094 negandum
1218 996 1267 1069 sit

184 1111 355 1209 quaedam
384 1135 432 1183 ex
458 1110 736 1184 medicamentis
760 1108 1038 1183 attenuantibus
1055 1107 1175 1209 vulgo
1190 1107 1264 1183 lau·

183 1224 289 1309 datis,
306 1221 425 1296 veluti
437 1221 527 1296 sales
539 1219 731 1309 alodium,
743 1231 809 1295 sut
820 1244 972 1320 sapones
986 1220 1116 1307 varios,
1132 1220 1264 1294 miram

183 1344 222 1407 et
237 1333 348 1432 plane
364 1334 572 1408 morbosam
591 1334 790 1408 humorum
816 1334 1038 1408 tenuitatem
1065 1332 1265 1432 aliquando

182 1445 365 1532 effecisse3
391 1470 466 1520 non
486 1457 610 1521 tamen
627 1447 762 1520 ideireo
786 1445 1012 1520 credendum
1041 1455 1098 1518 ert
1127 1468 1263 1519 noram

182 1557 290 1633 istam
307 1558 531 1634 tenuitatem
551 1559 615 1632 tali
633 1560 672 1631 vi
689 1558 847 1632 solventi
864 1582 942 1632 esse
957 1556 1209 1644 tribuendam,
1225 1568 1263 1630 et

182 1671 304 1751 multo
333 1673 459 1746 minus
486 1672 612 1746 omnia
641 1671 710 1744 alia
735 1671 968 1744 attenuantia
997 1668 1265 1744 mediuamenta

182 1784 294 1858 simili
311 1786 349 1858 vi
365 1783 523 1884 pollere;
548 1783 746 1882 praesertim
765 1806 885 1879 quum
900 1780 970 1855 alia
986 1792 1024 1855 et
1041 1782 1164 1881 magis
1172 1783 1264 1856 veri·

181 1895 310 1970 similis
327 1897 430 1981 ratio,
446 1919 533 1966 cnm
551 1894 657 1966 istius
673 1893 878 1980 tenuitatis,
894 1904 978 1967 tum
992 1917 1148 1992 quoque
1159 1893 1263 1968 effee-

180 2015 291 2078 tuum
308 2004 461 2077 aliorum
480 2000 648 2102 ejusdem
662 2006 809 2104 generis
837 2007 1096 2093 remediorum,
1120 2008 1210 2082 satis
1223 2006 1262 2079 in

182 2125 358 2214 promptu
375 2116 433 2190 sit.
1258 2152 1261 2159 ·

234 2249 414 2302 Mecxcvr.
433 2227 532 2303 Sales
548 2229 646 2302 enim
665 2226 821 2305 olculini
845 2229 1081 2328 putredinem
1098 2230 1200 2306 illam
1217 2229 1262 2304 ed

181 2365 292 2440 quam
307 2342 421 2414 nostn'
434 2341 608 2416 humores
624 2353 756 2417 natura
771 2344 857 2416 setis
870 2344 977 2441 proni
994 2353 1083 2417 sunt
1093 2345 1261 2441 (dxxxv)

178 2453 344 2529 multum
373 2454 584 2553 adaugent:
610 2455 708 2529 idem
727 2458 803 2529 fere
818 2456 891 2529 diei
909 2465 1034 2555 potest
1049 2455 1098 2529 de
1114 2478 1259 2556 sapone,

179 2566 301 2665 quiin
321 2566 528 2642 ventriculo
545 2568 719 2655 hnmano,
734 2568 801 2642 ubi
813 2567 1041 2666 aooraliquis
1052 2569 1258 2656 rarodeest,

178 2680 243 2752 vix
262 2690 386 2777 potest
404 2705 477 2755 non
503 2683 541 2754 in
567 2705 633 2756 sua
660 2681 840 2755 elementa
856 2679 1000 2754 resolvi.
1055 2679 1261 2754 Verisimile

179 2791 294 2889 igitur
313 2792 473 2879 videtur,
497 2794 680 2891 insignem
698 2791 797 2866 illam
816 2792 1038 2866 tenuitatem
1058 2792 1256 2866 humorum

178 2924 291 2998 quam
310 2901 367 2976 hae
382 2927 438 2977 res
455 2905 667 2993 effecerunt,
694 2906 832 2978 vin'bus
849 2928 978 2978 eorum
1005 2905 1152 3005 septieis
1177 2925 1254 2976 esse

177 3012 446 3108 imputandam.
497 3016 633 3112 Neque
662 3016 910 3091 dubitandum
939 3025 1007 3104 est,
1042 3041 1100 3092 res
1125 3037 1252 3089 onmes

178 3147 262 3222 quae
277 3126 514 3222 putredinem
530 3137 680 3224 augent,
705 3130 928 3203 tenuitatem
944 3128 1106 3228 aliquam
1123 3128 1252 3202 hamo·

177 3261 261 3311 rum
280 3237 389 3311 simul
402 3263 478 3313 esse
490 3237 693 3326 effecturas,
710 3242 880 3337 quamvis
896 3242 1006 3315 variis
1020 3251 1062 3316 et
1078 3242 1167 3317 satis
1180 3264 1254 3315 ma·

177 3349 318 3424 nifestis
334 3353 382 3425 de
398 3352 513 3426 causis
530 3374 597 3448 pro
613 3353 783 3426 remediis
799 3378 928 3452 parum
946 3355 1182 3430 eonveniant

225 3481 420 3537 Mccxcvn.
443 3462 523 3537 Alii
540 3486 629 3536 vero
644 3463 745 3552 sales,
763 3466 963 3563 praesertim
979 3464 1122 3555 neutri,
1139 3464 1253 3541 ueluti

175 3571 320 3646 murias
336 3574 537 3661 ammonite,
562 3573 719 3674 sulphur
734 3575 844 3663 sodoe,
867 3575 1025 3677 mulas
1039 3577 1252 3677 magnesio,

174 3681 286 3759 boras
312 3683 421 3770 sodae,
451 3685 576 3761 aitrus
595 3696 767 3786 potossoe,
791 3713 909 3788 super
932 3689 1069 3764 tartn’a
1078 3697 1253 3790 potussoe',

173 3794 318 3871 murias
333 3796 442 3885 sodoe,
468 3799 528 3872 vel
545 3800 674 3875 saltem
698 3826 795 3899 aqua
818 3802 1051 3889 ruminatae.
1076 3801 1252 3879 dicuntur

172 3907 211 3978 vi
229 3908 386 4006 quadam
405 3921 622 3985 attenuante
639 3912 785 4010 pollere,
811 3925 849 3987 et
870 3913 941 3988 hoe
955 3913 1110 3988 oonsilio
1125 3940 1149 3989 a
1163 3937 1251 3988 non·

172 4017 283 4092 nullis
302 4021 449 4094 medicis
467 4025 649 4120 praescribi
667 4024 794 4098 solent.
845 4024 915 4099 Vis
930 4033 1057 4099 autem
1075 4027 1148 4102 ista
1163 4036 1250 4100 atto

170 4154 289 4205 nuans
305 4159 391 4231 quae
407 4133 451 4206 iis
467 4135 585 4209 inesse
601 4136 727 4223 fertur,
744 4160 871 4211 num-a
884 4137 1061 4236 vialique
1075 4139 1254 4222 solvente,

170 4267 218 4319 an
233 4243 281 4319 ab
297 4243 374 4321 ulio-
384 4269 532 4345 prorsus
543 4298 547 4305 -
560 4246 664 4323 sonte
689 4249 889 4338 derivetur,
917 4249 1080 4325 dubitari
1109 4258 1230 4352 potest
1241 4273 1255 4329 :-
