2694 4792
142 349 215 424 472
550 350 804 406 cousrncrus
978 351 1073 407 car.
1093 355 1249 410 mre.

144 533 274 612 urium
290 528 474 607 afficiendi
489 536 530 603 et
544 528 731 604 vomitum
747 526 957 615 excitandi3
982 529 1132 606 scilieet
1154 556 1245 632 quoe

147 671 224 722 non
240 645 366 732 modo,
390 643 476 717 siin
492 640 744 716 ventriculum
769 642 913 741 ingesta
929 641 1058 731 fuerit,
1084 644 1243 721 hortm·

148 759 234 834 dam
251 781 437 844 nauseam,
452 765 492 830 et
507 754 769 831 vehementem
786 755 988 843 vomitum,
1003 780 1092 832 carm
1103 758 1242 832 imma·

148 873 260 947 nibus
276 871 427 946 nixibus
443 878 556 968 atque
580 866 780 955 doloribus,
804 877 845 942 et
868 893 1006 968 magna
1029 871 1238 958 anxietate,

150 986 276 1072 efficit,
292 984 356 1058 sed
372 983 470 1057 idem
486 981 563 1056 fere
577 980 676 1066 facit,
692 981 886 1056 inassuetis
901 981 1041 1069 saltem,
1060 982 1148 1056 siin
1165 1007 1234 1057 ore

149 1107 301 1174 tantum
318 1120 443 1170 mansa
459 1095 581 1183 fuerit,
600 1094 659 1169 vel
675 1094 706 1168 si
721 1093 849 1168 firmus
859 1093 941 1193 ejus
956 1095 996 1169 in
1013 1093 1236 1193 pulmonem

150 1221 319 1309 receptus
335 1208 459 1296 fuerit,
483 1207 545 1283 vel
569 1207 601 1280 si
623 1205 711 1283 folia
738 1231 807 1306 pro
834 1205 1097 1306 cataplasmate
1122 1231 1235 1307 super

149 1319 399 1396 ventriculum
416 1320 600 1418 imposita,
625 1316 686 1391 vel
702 1318 858 1411 demum
887 1320 919 1394 si
944 1319 1146 1393 desuetum
1174 1319 1232 1394 vel

149 1434 287 1509 infusio
303 1433 383 1532 ejus
407 1433 447 1507 in
473 1432 648 1506 intestina
675 1455 745 1532 pro
772 1429 929 1530 clystere
955 1431 1073 1507 fuerit
1101 1430 1231 1506 inlirsa

149 1546 239 1622 Hoc
255 1568 341 1620 sane
357 1545 448 1619 scire
464 1553 622 1644 oportet,
639 1567 715 1617 non
726 1554 771 1618 ut
783 1555 860 1618 tam
871 1543 1102 1619 horrendum
1118 1544 1232 1618 medi·

150 1667 365 1734 numentum
383 1681 451 1756 pro
466 1656 665 1732 vomitorio
681 1655 944 1755 praeseribatur,
962 1656 1028 1730 sed
1042 1657 1231 1755 utabejns

151 1794 236 1860 usu,
252 1783 359 1845 metu
375 1779 455 1844 tam
471 1779 580 1844 oertae
595 1779 635 1842 et
646 1767 803 1842 crudelis
813 1769 1039 1856 vomitionis,
1055 1769 1231 1844 abstines-

151 1882 430 1981 tuusiquando
445 1880 525 1954 aliis
550 1880 669 1954 modis
686 1879 925 1978 profuturum
939 1881 1147 1971 videretur,
1169 1882 1231 1958 ubi

150 2004 275 2069 tamen
294 1992 507 2090 hujusmodi
522 1993 688 2067 vomitus
705 2017 835 2093 parum
853 1995 1084 2071 oonvmiret

199 2126 450 2179 ucccnxxvr.
468 2104 587 2180 Multi
603 2104 695 2180 salas
707 2106 843 2207 largius
858 2108 1042 2206 assumpti
1058 2132 1231 2184 nausmu

148 2226 189 2293 et
205 2217 392 2292 vomitum
408 2217 532 2292 cient:
557 2219 666 2317 pauci
682 2242 771 2293 vero
793 2219 865 2294 hos
891 2219 1045 2295 consino
1069 2221 1230 2297 adhiberi

123 2378 129 2401 ι
148 2338 216 2405 aut
232 2327 542 2435 interqssvomitoria
557 2331 734 2406 recenseri
751 2331 879 2407 solent.

200 2442 477 2518 neccaxxvn.
505 2443 665 2521 Marias
692 2443 791 2521 sodoe
820 2470 926 2544 aquae
953 2446 1153 2536 admistus,
1175 2447 1232 2522 rel

149 2556 275 2653 potius
290 2579 387 2654 aqua
404 2555 557 2644 marina,
582 2557 613 2630 si
640 2557 734 2632 forte
756 2556 834 2634 haec
850 2569 984 2657 praesto
999 2571 1109 2648 esset,
1134 2559 1231 2660 apud

150 2677 293 2742 veteres
305 2691 373 2765 pro
382 2665 520 2741 leniore
532 2667 803 2745 medicamento
818 2671 984 2747 multum
1000 2672 1044 2746 iu
1062 2697 1135 2748 usu
1151 2674 1229 2760 fuit,

149 2778 361 2875 etquidem
386 2779 473 2854 satis
502 2779 634 2855 idonea
649 2782 800 2858 videtur
829 2795 872 2858 ut
896 2783 1121 2866 adhibeatur
1145 2810 1229 2861 cum

148 2888 340 2965 usitatiora
379 2892 649 2969 medicamenta
686 2896 924 2997 (ucccnxrx)
959 2922 1036 2974 non
1070 2906 1156 2975 suut
1184 2898 1223 2970 in

146 3010 335 3099 promptu

198 3133 487 3189 ucccnxxvnr.
512 3116 724 3208 Ammonia,
748 3146 845 3221 aqua
861 3122 997 3199 scilicet
1014 3121 1228 3200 curbomtia

146 3222 350 3312 ammoto,
375 3224 507 3301 eodem
534 3229 685 3305 oonsilio
714 3233 914 3324 interdum,
939 3259 1065 3335 neque
1093 3238 1229 3336 inepte,

145 3337 353 3427 adhibetur,
379 3340 580 3437 prasertim
610 3341 641 3416 si
668 3343 844 3421 validiore
873 3348 1150 3424 medicamento
1171 3347 1230 3423 vel

145 3471 221 3522 non
240 3461 296 3525 est
311 3475 417 3551 opus,
442 3453 547 3527 vel
520 3479 550 3528 s1
566 3453 724 3532 validius
739 3457 871 3535 datum
888 3459 1012 3548 fuerit,
1038 3461 1106 3535 sed
1124 3486 1228 3562 prop

86 3571 88 3575 ’
144 3562 335 3636 ternarias
365 3587 489 3639 oausas
517 3589 593 3641 non
621 3568 715 3644 bene
743 3573 982 3671 responderit,
1005 3573 1118 3672 eujus
1147 3574 1230 3648 ideo

144 3671 324 3747 senonem
343 3677 527 3754 amnionis
538 3677 672 3778 juvare
688 3694 727 3759 et
743 3709 959 3783 promovere
975 3687 1105 3784 possit

195 3805 455 3866 ucccaxxrx.
481 3791 546 3867 Ex
564 3794 728 3884 metallis,
753 3797 897 3897 aliquot
925 3822 992 3897 pro
1020 3799 1230 3875 vomitoriis

144 3917 243 3993 saepe
276 3902 573 3997 praescribuntur‚
611 3915 650 3981 et
682 3931 808 3984 revera
834 3911 930 3984 bona
956 3910 1231 3986 medicamenta

139 4005 260 4094 fiunt3
286 4015 514 4109 pmertirn
503 4041 543 4092 ιιι
560 4018 716 4095 formam
734 4021 865 4097 salium
882 4047 948 4123 per
964 4024 1101 4098 idonea
1117 4023 1232 4101 adda

138 4118 296 4209 redacta,
323 4149 398 4223 quo
414 4126 583 4205 facilius
572 4156 610 4205 ιιι
628 4157 725 4233 aqua
741 4134 941 4223 solvantur,
966 4145 1006 4210 et
1032 4136 1072 4209 in
1105 4137 1231 4212 minu-

142 4233 310 4327 tissimas,
334 4237 507 4343 qualibus
536 4267 632 4346 sape
657 4271 752 4348 opus
779 4257 846 4339 est,
872 4249 1103 4351 quantitates
1131 4249 1230 4328 divi
