2678 4794
191 348 263 415 434
611 357 863 417 cousruonus
1028 355 1122 411 can.
1142 355 1289 412 mu.

196 536 315 613 veluti
331 536 524 626 olivarum,
547 549 614 613 aut
629 536 932 638 amygdalarum
957 557 1045 632 quoe
1070 534 1218 609 scilicet
1234 558 1289 608 res

196 650 245 723 ud
261 675 373 725 unam
390 675 518 726 omnes
534 651 676 750 aliquid
689 648 922 724 nutrimenti
947 644 1074 720 blandi
1106 656 1149 720 et
1179 647 1286 722 oraui

196 766 372 863 praebeut,
397 765 499 863 quod
516 764 689 840 humores
706 772 837 863 praeter
854 772 1023 834 naturam
1041 772 1180 835 tenues
1196 759 1284 857 spis·

197 887 264 963 set,
288 887 327 951 et
350 878 598 964 acrimoniam,
623 878 728 975 sique
757 875 802 947 iis
831 874 930 959 insit,
955 873 1193 970 aliquantum
1217 870 1283 945 ob-

196 989 332 1063 tundat
347 1005 461 1088 otque
477 990 645 1089 oorrigat.

246 1123 511 1177 uccnxxmx.
529 1101 652 1176 Aliud
669 1124 757 1175 vero
774 1109 813 1173 et
828 1123 975 1198 prorsus
994 1098 1190 1174 diversum
1205 1121 1278 1172 me

166 1306 170 1313 .
196 1212 489 1288 dioumentorum
503 1237 623 1313 genus
633 1213 731 1286 inter
743 1211 933 1310 spissantia
944 1219 1168 1298 reoensetur,
1180 1209 1278 1310 quod

195 1323 306 1424 longe
317 1325 539 1401 aliumtione
551 1350 594 1400 ao
604 1325 685 1423 jam
698 1333 909 1399 enumerata
921 1323 1076 1396 videtur
1087 1324 1275 1421 prodeam

196 1438 314 1512 multu
330 1439 509 1527 nimirum
528 1438 795 1512 medioemeuto
811 1434 1062 1535 astringentia,
1087 1434 1152 1509 vel
1176 1434 1274 1509 roho

196 1552 324 1637 nantia,
350 1551 410 1624 vel
442 1551 554 1624 etiam
585 1547 831 1624 stimulantia:
869 1545 1080 1645 eujusmodi
1109 1546 1277 1647 exempla

195 1683 273 1734 esse
285 1674 451 1760 possunt,
464 1687 593 1738 suoous
606 1663 779 1761 spissatus
791 1658 964 1734 Mimosoe
978 1656 1155 1746 Cateclru,
1167 1683 1276 1759 grana

194 1758 352 1870 quereus
377 1775 570 1861 oocoiferae,
595 1774 713 1847 resina
738 1769 958 1870 pterocarpi
986 1769 1176 1858 druoour’u
1201 1792 1277 1846 rosa

195 1883 348 1969 Gallica,
373 1883 523 1967 olcolod
548 1892 587 1955 et
604 1884 755 1955 demum
773 1879 884 1956 acida
913 1881 1059 1969 fossilia,
1083 1880 1275 1982 nuptura·-

193 2019 285 2080 oum,
311 1995 504 2080 nitrosum,
530 2003 644 2092 etque
659 1992 908 2069 muriaticam.

244 2127 396 2181 mccxc.
415 2108 644 2206 Quicunque
654 2131 776 2181 seeum
791 2106 1018 2206 reputaverit
1027 2130 1144 2206 quam
1157 2117 1274 2184 aretur

192 2217 290 2292 iuter
302 2219 401 2293 varia
418 2218 572 2293 humani
588 2220 748 2319 oorporis
767 2241 927 2306 munera,
941 2219 1121 2318 interque
1136 2232 1274 2297 statum

193 2328 393 2405 fluidarum
411 2342 451 2407 et
467 2332 666 2408 solidarum
684 2332 844 2431 partium
869 2336 1047 2430 (nxxv1),
1072 2333 1274 2410 intercedat

194 2464 325 2532 nexus,
350 2443 455 2519 facile
471 2444 695 2519 intellexerit
711 2443 924 2541 hujusmodi
950 2442 1174 2521 remedia'in
1190 2445 1272 2546 spis·

193 2557 315 2632 sandis
332 2557 551 2633 humoribus
574 2558 740 2632 multum
756 2580 833 2632 esse
849 2555 1056 2656 profutura,
1078 2581 1170 2633 oum
1186 2558 1272 2633 vitia

194 2671 366 2766 quaedam
384 2671 582 2746 solidarum
600 2670 774 2770 partium,
799 2679 838 2743 et
862 2669 947 2742 ideo
971 2670 1159 2745 variarum
1174 2669 1272 2745 nuno

192 2780 349 2867 tionum,
375 2784 568 2882 corrigant,
594 2807 680 2881 quae
695 2780 756 2856 vel
780 2781 941 2856 sinerent
966 2779 1143 2858 humores
1164 2779 1270 2857 nimis

191 2892 387 2975 attenuari,
407 2895 467 2966 vel
485 2894 613 2968 saltem
631 2918 736 2969 causa
752 2903 873 2968 essent
889 2917 956 2967 our
971 2891 1012 2966 hi
1028 2893 1155 2971 minus
1168 2889 1268 2967 facile

191 3001 237 3075 ad
255 3027 386 3077 sanum
404 3016 541 3079 statum
560 3005 731 3080 redirent
781 3005 965 3094 Quamvis
982 3006 1082 3079 enim
1097 2999 1268 3081 nonnulle

190 3134 238 3185 ex
256 3113 300 3187 iis
317 3116 534 3214 sanguinem
553 3114 761 3191 humanum
780 3117 970 3218 spissandi,
995 3129 1034 3193 et
1051 3141 1177 3193 revere
1191 3138 1267 3191 eoa·

190 3222 355 3323 gulandi,
389 3235 609 3324 potestatem
636 3226 805 3315 habeant,
830 3229 987 3303 minime
1014 3229 1191 3305 credibile
1215 3235 1271 3302 ert

190 3360 234 3408 ea
250 3361 417 3437 unquam
434 3338 472 3410 in
491 3336 580 3410 vivo
605 3361 754 3436 corpore
779 3340 849 3416 hoo
876 3340 1044 3428 efficere;
1070 3339 1268 3417 roborando

189 3469 279 3521 vero
303 3474 445 3549 corpus,
470 3459 509 3524 et
538 3452 790 3547 promovendo
818 3454 1096 3528 oonoootionem
1126 3453 1210 3540 eibi,
1231 3458 1268 3524 et

188 3562 488 3656 preparationem
521 3562 721 3661 sanguinis,
751 3574 790 3638 et
819 3564 938 3638 varias
965 3564 1208 3651 exoretiones,
1229 3562 1266 3637 in

186 3670 400 3767 corrigendo
412 3674 580 3748 morbosa
597 3674 798 3751 humorum
821 3677 1004 3752 tenuitate
1015 3676 1120 3752 haud
1132 3697 1262 3778 parurn

187 3779 374 3858 valebunt.

234 3917 397 3971 mccxcn
425 3896 560 3998 Neque
575 3900 762 3976 obscurior
777 3924 899 4000 neque
926 3901 1094 3976 multum
1124 3900 1172 3975 ab
1203 3896 1265 3972 hae

183 4004 302 4080 olima
316 4018 372 4082 est
389 4010 483 4083 ratio
499 4013 747 4087 remediorum
764 4012 999 4110 quorundam
1016 4036 1106 4112 quae
1122 4013 1163 4086 in
1179 4011 1263 4111 spis·

183 4117 305 4192 sandis
330 4118 549 4196 humoribus
573 4125 706 4198 nostris
731 4125 797 4198 vix
827 4126 952 4199 miuus
981 4126 1126 4224 prosint
1155 4143 1263 4224 quam

182 4229 450 4315 medicamenta
474 4231 554 4330 jam
583 4246 820 4320 enumerata3
858 4234 984 4343 qualia
1007 4255 1109 4328 sunt,
1145 4235 1263 4313 erebra
