2678 4794
128 387 216 453 w.
232 386 414 484 mvlll.
466 382 999 455 sssnlcmfflmtoanrlcm.
1136 383 1208 457 dssl

128 579 169 650 et
186 569 328 644 minore
342 566 459 667 igitur
473 564 522 638 ad
537 565 676 647 vicinas
692 576 826 670 partes,
850 564 1080 649 derivatione
1095 566 1211 651 saeta:

129 693 169 756 et
185 681 349 768 demum,
366 678 817 767 excitatasternutationa,
833 687 957 757 totum
974 703 1107 780 oorpus
1123 705 1212 781 qua,

129 794 243 881 tiunt,
266 806 305 873 et
322 817 419 893 pene
434 790 661 871 oonvellunt
1055 868 1059 880 ,

180 929 280 985 mox.
307 906 419 995 Hine
428 905 619 985 interdum
635 905 753 995 utilia,
770 907 974 1006 prasertim
990 906 1154 995 assuatis,
1171 909 1212 987 iu

127 1018 276 1096 defectu
292 1028 359 1095 aut
383 1018 499 1099 nimia
527 1018 709 1118 spissitate
734 1021 837 1101 muci
863 1021 1010 1098 uarium
1029 1020 1147 1113 (unda
1160 1021 1213 1096 ol-

127 1131 246 1209 factus
261 1130 324 1206 vel
348 1131 476 1208 nullus
490 1130 552 1206 vel
576 1130 807 1229 depravatus,
832 1145 871 1215 et
899 1132 970 1234 alia
996 1133 1148 1211 forsitan
1175 1143 1214 1211 et

127 1243 277 1342 majoris
301 1245 483 1323 momenti
508 1245 609 1331 vitia,
635 1243 755 1321 veluti
783 1244 975 1327 oculorum
1001 1256 1069 1322 aut
1096 1244 1213 1328 asur

129 1358 259 1455 eapitis
276 1357 419 1455 morbi),
445 1368 483 1434 et
499 1357 539 1439 ia
556 1368 713 1458 torpore,
739 1357 817 1435 sive
846 1359 991 1456 speciali
1008 1360 1087 1435 sive
1101 1382 1213 1458 gene·

128 1469 206 1556 rali,
225 1481 264 1543 et
280 1469 321 1542 in
337 1468 513 1567 lethargo,
531 1481 570 1543 et
585 1469 753 1569 paralysi,
771 1480 810 1547 et
822 1469 1011 1558 surditate,
1028 1485 1067 1546 et
1083 1497 1213 1549 arnost-

128 1580 217 1667 rosr',
234 1592 274 1657 et
289 1580 515 1680 lippitudine
531 1582 623 1663 varii
639 1583 795 1681 getreris,
817 1605 904 1660 aum
922 1582 1025 1670 sirm,
1042 1594 1127 1659 tum
1144 1584 1212 1663 bu·

127 1693 239 1779 mida,
264 1702 302 1767 et
319 1692 444 1767 dolore
461 1695 601 1793 eapitis,
626 1705 665 1768 et
681 1695 917 1795 quibusdam,
943 1707 987 1771 ut
1004 1695 1131 1779 fertur,
1149 1720 1212 1773 na·

127 1806 225 1889 rium
243 1806 388 1881 morbis.
439 1806 647 1882 Narrantur
663 1832 816 1911 quoque
832 1807 1022 1889 interdum
1041 1807 1213 1908 prodesse

126 1918 168 1993 in
184 1918 273 2005 aliis,
298 1930 337 1993 et
353 1919 506 2017 quidem
524 1921 767 1999 remotiorum
792 1921 957 2021 partium
979 1922 1126 2007 morbis,
1152 1942 1213 1997 ve·

126 2028 200 2107 luti
216 2028 425 2126 gravedine,
454 2029 606 2126 phthisi,
622 2031 913 2109 inflammatione
930 2032 1130 2132 pulmonis,
1147 2035 1211 2111 &a

128 2140 203 2220 Sed
221 2140 268 2219 de
284 2165 414 2220 eorum
424 2165 497 2217 usu
514 2141 552 2214 in
569 2141 627 2215 his
640 2144 776 2217 morbis
788 2144 913 2219 minus
926 2157 1079 2223 oonstat.
1122 2146 1213 2220 Fer.

127 2262 191 2332 tur
207 2276 316 2353 porro
332 2252 552 2329 sternutatio
576 2252 655 2350 ipss
680 2253 822 2331 idoneis
851 2255 1023 2329 remediis
1052 2258 1212 2331 excitata

126 2364 326 2464 aliquando
355 2361 535 2461 profuisse
567 2363 606 2436 in
642 2363 779 2443 morbis
812 2363 1035 2462 quibusdam
1063 2368 1213 2445 nervosi

121 2477 290 2576 genera,
315 2474 627 2563 convulsionibus,
652 2485 810 2575 torpore,
835 2476 1003 2575 paralysi,
1035 2480 1098 2552 &a
1150 2479 1213 2557 Iu·

126 2613 219 2688 gens
235 2589 414 2672 nimirum
432 2599 470 2663 et
487 2587 608 2667 subita
624 2588 694 2663 ista
710 2589 869 2687 oorporis
885 2588 1051 2688 agitatio,
1082 2601 1121 2665 et
1137 2590 1212 2667 fere

127 2701 319 2779 oonvulsio
359 2699 549 2800 generalis,
590 2701 747 2801 abrupta
788 2725 901 2799 prava
942 2701 1212 2779 consuetudine
1327 2800 1330 2810 Ι

127 2814 397 2910 (cccsxxxvr),
423 2824 462 2888 et
491 2825 660 2913 superata
676 2813 826 2889 forsitan
844 2813 1047 2890 irritatione
1062 2813 1125 2889 illa
1143 2837 1210 2890 uu·

126 2927 175 3002 de
191 2926 272 3002 aliae
284 2926 540 3004 convulsionss
557 2927 772 3025 penderent,
789 2926 846 3003 his
862 2926 1140 3025 quodammodo
1156 2952 1210 3003 re.

125 3039 251 3114 medio
266 3064 343 3114 esse
359 3051 492 3139 potest,
517 3049 714 3138 partesque
729 3050 837 3115 antea
866 3048 1054 3137 torpentes
1083 3050 1125 3114 et·
1148 3064 1210 3139 pa-
1300 3072 1302 3075 ·

124 3149 292 3251 ralyticas
309 3152 355 3227 ad
372 3177 520 3231 sensum
548 3164 773 3252 motumque
801 3153 927 3233 denuo
956 3154 1132 3240 sistant
1161 3178 1210 3231 ex

125 3265 278 3337 artubus
294 3264 502 3362 paralyticis
518 3290 790 3364 nonnunquam
808 3267 906 3341 inter
924 3265 1209 3343 sternutandum

126 3375 401 3455 subsilientibus
418 3365 654 3455 manifestum
673 3389 738 3461 est.

177 3509 295 3563 Mnxr.
326 3485 508 3567 Errhino
525 3513 613 3564 vero
639 3491 900 3589 intempestive
925 3489 1091 3571 adhibita
1107 3489 1209 3569 haud

125 3619 258 3698 parum
276 3608 421 3686 nocent,
447 3601 699 3679 exinanitione
715 3602 862 3690 seilicet,
888 3613 926 3684 et
944 3603 1135 3703 sanguinis
1152 3627 1208 3678 oa-

126 3722 198 3810 put
214 3736 342 3785 versus
360 3712 596 3800 derivatione,
622 3714 774 3787 omnino
799 3725 932 3811 praeter
947 3727 1118 3793 naturam
1136 3714 1208 3791 fao

125 3835 186 3899 tar
222 3824 401 3907 olfactum
435 3850 584 3922 quoque
615 3824 842 3912 obtundunt,
868 3826 991 3912 visum
1008 3826 1209 3924 aliquando

125 3932 280 4023 laedunt,
305 3949 344 4012 et
369 3936 744 4036 ventriculumsaepe
772 3937 972 4017 infirmant.
1023 3939 1095 4020 Sed
1127 3938 1207 4028 hoo,

125 4047 288 4127 maxima
303 4048 431 4131 saltem
448 4073 496 4131 ex
514 4059 628 4147 parte.
654 4050 794 4130 viribus
824 4050 1023 4134 narcotira
1050 4050 1208 4132 medioa-

126 4159 244 4241 menti
256 4160 372 4260 vulgo
387 4162 543 4244 adhibiti
560 4160 670 4261 plana
685 4161 926 4247 tribuendum
943 4173 1008 4245 est.
1059 4163 1207 4243 Utcun-

123 4294 201 4372 que
217 4288 305 4348 vero
320 4273 499 4350 absurdus
515 4284 554 4348 et
571 4274 794 4375 perniciosus
819 4274 914 4352 bene
930 4274 1205 4362 valentinam
