<?xml version="1.0" encoding="UTF-8"?>
<!DOCTYPE html PUBLIC "-//W3C//DTD XHTML 1.0 Transitional//EN"
    "http://www.w3.org/TR/xhtml1/DTD/xhtml1-transitional.dtd">
<html xmlns="http://www.w3.org/1999/xhtml" xml:lang="en" lang="en">
 <head>
  <title>
</title>
<meta http-equiv="Content-Type" content="text/html;charset=utf-8" />
  <meta name='ocr-system' content='tesseract 3.04.00' />
  <meta name='ocr-capabilities' content='ocr_page ocr_carea ocr_par ocr_line ocrx_word'/>
</head>
<body>
  <div class='ocr_page' id='page_1' title='image "./conspectusmedic01greggoog_0606.png"; bbox 0 0 2678 4794; ppageno 0'>
   <div class='ocr_carea' id='block_1_1' title="bbox 194 240 1284 364">
    <p class='ocr_par' dir='ltr' id='par_1_1' title="bbox 194 240 1284 364">
     <span class='ocr_line' id='line_1_1' title="bbox 194 240 1284 364; baseline -0.008 0"><span class='ocrx_word' id='word_1_1' title='bbox 194 297 267 364; x_wconf 81' lang='lat' dir='ltr'><strong>ssa</strong></span> <span class='ocrx_word' id='word_1_2' title='bbox 606 240 857 357; x_wconf 72' lang='lat' dir='ltr'><strong>commeans</strong></span> <span class='ocrx_word' id='word_1_3' title='bbox 1110 299 1284 356; x_wconf 72' lang='lat' dir='ltr'><strong>caan.</strong></span> 
     </span>
    </p>
   </div>
   <div class='ocr_carea' id='block_1_2' title="bbox 101 474 1284 4271">
    <p class='ocr_par' dir='ltr' id='par_1_2' title="bbox 101 474 1284 4271">
     <span class='ocr_line' id='line_1_2' title="bbox 195 474 1283 582; baseline -0.006 -24"><span class='ocrx_word' id='word_1_4' title='bbox 195 485 320 582; x_wconf 85' lang='lat' dir='ltr'><strong>ipsum</strong></span> <span class='ocrx_word' id='word_1_5' title='bbox 349 477 498 575; x_wconf 86' lang='lat' dir='ltr'><strong>attinet)</strong></span> <span class='ocrx_word' id='word_1_6' title='bbox 523 476 627 551; x_wconf 87' lang='lat' dir='ltr'><strong>omni</strong></span> <span class='ocrx_word' id='word_1_7' title='bbox 656 474 818 575; x_wconf 89' lang='lat' dir='ltr'><strong>periculo</strong></span> <span class='ocrx_word' id='word_1_8' title='bbox 846 496 1019 549; x_wconf 85' lang='lat' dir='ltr'><strong>vacuum.</strong></span> <span class='ocrx_word' id='word_1_9' title='bbox 1081 474 1283 564; x_wconf 71' lang='lat' dir='ltr'><strong>Praetera,</strong></span> 
     </span>
     <span class='ocr_line' id='line_1_3' title="bbox 196 586 1281 690; baseline -0.007 -18"><span class='ocrx_word' id='word_1_10' title='bbox 196 594 376 673; x_wconf 72' lang='lat' dir='ltr'><strong>detractio</strong></span> <span class='ocrx_word' id='word_1_11' title='bbox 391 590 578 690; x_wconf 77' lang='lat' dir='ltr'>sanguinis</span> <span class='ocrx_word' id='word_1_12' title='bbox 594 612 660 686; x_wconf 91' lang='lat' dir='ltr'><strong>per</strong></span> <span class='ocrx_word' id='word_1_13' title='bbox 675 588 822 661; x_wconf 82' lang='lat' dir='ltr'><strong>arterias</strong></span> <span class='ocrx_word' id='word_1_14' title='bbox 833 586 1037 662; x_wconf 83' lang='lat' dir='ltr'><strong>admodum</strong></span> <span class='ocrx_word' id='word_1_15' title='bbox 1050 586 1198 664; x_wconf 87' lang='lat' dir='ltr'><strong>incerta</strong></span> <span class='ocrx_word' id='word_1_16' title='bbox 1210 602 1281 673; x_wconf 86' lang='lat' dir='ltr'><strong>est;</strong></span> 
     </span>
     <span class='ocr_line' id='line_1_4' title="bbox 198 698 1282 804; baseline -0.005 -24"><span class='ocrx_word' id='word_1_17' title='bbox 198 704 396 804; x_wconf 88' lang='lat' dir='ltr'><strong>aliquando</strong></span> <span class='ocrx_word' id='word_1_18' title='bbox 421 704 521 776; x_wconf 88' lang='lat' dir='ltr'><strong>enim</strong></span> <span class='ocrx_word' id='word_1_19' title='bbox 545 701 613 774; x_wconf 82' lang='lat' dir='ltr'><strong>vix</strong></span> <span class='ocrx_word' id='word_1_20' title='bbox 638 701 724 774; x_wconf 88' lang='lat' dir='ltr'><strong>satis</strong></span> <span class='ocrx_word' id='word_1_21' title='bbox 761 698 893 787; x_wconf 87' lang='lat' dir='ltr'><strong>effluit,</strong></span> <span class='ocrx_word' id='word_1_22' title='bbox 929 698 1126 774; x_wconf 86' lang='lat' dir='ltr'><strong>interdum</strong></span> <span class='ocrx_word' id='word_1_23' title='bbox 1162 703 1282 788; x_wconf 80' lang='lat' dir='ltr'><strong>nimis,</strong></span> 
     </span>
     <span class='ocr_line' id='line_1_5' title="bbox 199 811 1281 917; baseline -0.006 -25"><span class='ocrx_word' id='word_1_24' title='bbox 199 820 414 917; x_wconf 82' lang='lat' dir='ltr'><strong>priusquam</strong></span> <span class='ocrx_word' id='word_1_25' title='bbox 432 813 579 913; x_wconf 87' lang='lat' dir='ltr'><strong>sanguis</strong></span> <span class='ocrx_word' id='word_1_26' title='bbox 595 811 755 886; x_wconf 86' lang='lat' dir='ltr'><strong>cohiberi</strong></span> <span class='ocrx_word' id='word_1_27' title='bbox 778 812 915 908; x_wconf 84' lang='lat' dir='ltr'><strong>possit:</strong></span> <span class='ocrx_word' id='word_1_28' title='bbox 940 811 1030 909; x_wconf 86' lang='lat' dir='ltr'><strong>aegri</strong></span> <span class='ocrx_word' id='word_1_29' title='bbox 1047 836 1210 911; x_wconf 92' lang='lat' dir='ltr'><strong>quoque</strong></span> <span class='ocrx_word' id='word_1_30' title='bbox 1225 815 1281 887; x_wconf 90' lang='lat' dir='ltr'><strong>de-</strong></span> 
     </span>
     <span class='ocr_line' id='line_1_6' title="bbox 200 923 1283 1025; baseline -0.006 -21"><span class='ocrx_word' id='word_1_31' title='bbox 200 930 416 1004; x_wconf 81' lang='lat' dir='ltr'><strong>tractionem</strong></span> <span class='ocrx_word' id='word_1_32' title='bbox 434 923 621 1025; x_wconf 86' lang='lat' dir='ltr'><strong>sanguinis</strong></span> <span class='ocrx_word' id='word_1_33' title='bbox 649 946 715 1021; x_wconf 93' lang='lat' dir='ltr'><strong>per</strong></span> <span class='ocrx_word' id='word_1_34' title='bbox 744 925 890 998; x_wconf 81' lang='lat' dir='ltr'><strong>arterias</strong></span> <span class='ocrx_word' id='word_1_35' title='bbox 919 947 1034 1020; x_wconf 91' lang='lat' dir='ltr'><strong>quam</strong></span> <span class='ocrx_word' id='word_1_36' title='bbox 1065 947 1136 1021; x_wconf 91' lang='lat' dir='ltr'><strong>per</strong></span> <span class='ocrx_word' id='word_1_37' title='bbox 1164 949 1283 1012; x_wconf 86' lang='lat' dir='ltr'><strong>venas,</strong></span> 
     </span>
     <span class='ocr_line' id='line_1_7' title="bbox 200 1033 1283 1138; baseline -0.006 -21"><span class='ocrx_word' id='word_1_38' title='bbox 200 1048 334 1138; x_wconf 86' lang='lat' dir='ltr'><strong>utpote</strong></span> <span class='ocrx_word' id='word_1_39' title='bbox 350 1038 466 1136; x_wconf 86' lang='lat' dir='ltr'><strong>magis</strong></span> <span class='ocrx_word' id='word_1_40' title='bbox 495 1035 666 1122; x_wconf 87' lang='lat' dir='ltr'><strong>subitam,</strong></span> <span class='ocrx_word' id='word_1_41' title='bbox 692 1035 879 1109; x_wconf 88' lang='lat' dir='ltr'><strong>difficilius</strong></span> <span class='ocrx_word' id='word_1_42' title='bbox 908 1033 982 1109; x_wconf 83' lang='lat' dir='ltr'><strong>sere</strong></span> <span class='ocrx_word' id='word_1_43' title='bbox 1009 1038 1224 1134; x_wconf 87' lang='lat' dir='ltr'><strong>patiuntur,</strong></span> <span class='ocrx_word' id='word_1_44' title='bbox 1247 1048 1283 1110; x_wconf 87' lang='lat' dir='ltr'><strong>et</strong></span> 
     </span>
     <span class='ocr_line' id='line_1_8' title="bbox 201 1146 1280 1246; baseline -0.003 -20"><span class='ocrx_word' id='word_1_45' title='bbox 201 1152 310 1226; x_wconf 90' lang='lat' dir='ltr'><strong>citius</strong></span> <span class='ocrx_word' id='word_1_46' title='bbox 343 1150 466 1223; x_wconf 89' lang='lat' dir='ltr'><strong>animo</strong></span> <span class='ocrx_word' id='word_1_47' title='bbox 498 1147 733 1246; x_wconf 88' lang='lat' dir='ltr'><strong>linquuntur,</strong></span> <span class='ocrx_word' id='word_1_48' title='bbox 769 1157 808 1220; x_wconf 90' lang='lat' dir='ltr'><strong>et</strong></span> <span class='ocrx_word' id='word_1_49' title='bbox 840 1146 979 1220; x_wconf 89' lang='lat' dir='ltr'><strong>tardius</strong></span> <span class='ocrx_word' id='word_1_50' title='bbox 1007 1148 1280 1223; x_wconf 86' lang='lat' dir='ltr'><strong>convalescunt.</strong></span> 
     </span>
     <span class='ocr_line' id='line_1_9' title="bbox 202 1258 1279 1359; baseline 0.001 -25"><span class='ocrx_word' id='word_1_51' title='bbox 202 1264 437 1358; x_wconf 81' lang='lat' dir='ltr'><strong>Quapropter</strong></span> <span class='ocrx_word' id='word_1_52' title='bbox 454 1258 555 1333; x_wconf 89' lang='lat' dir='ltr'><strong>nulla</strong></span> <span class='ocrx_word' id='word_1_53' title='bbox 587 1260 717 1332; x_wconf 86' lang='lat' dir='ltr'><strong>arteria</strong></span> <span class='ocrx_word' id='word_1_54' title='bbox 745 1259 856 1332; x_wconf 87' lang='lat' dir='ltr'><strong>incidi</strong></span> <span class='ocrx_word' id='word_1_55' title='bbox 885 1258 1007 1345; x_wconf 90' lang='lat' dir='ltr'><strong>debet,</strong></span> <span class='ocrx_word' id='word_1_56' title='bbox 1034 1273 1279 1359; x_wconf 68' lang='lat' dir='ltr'><strong>praeterquam</strong></span> 
     </span>
     <span class='ocr_line' id='line_1_10' title="bbox 200 1369 1279 1471; baseline -0.002 -24"><span class='ocrx_word' id='word_1_57' title='bbox 200 1397 323 1447; x_wconf 87' lang='lat' dir='ltr'><strong>ramus</strong></span> <span class='ocrx_word' id='word_1_58' title='bbox 339 1371 456 1470; x_wconf 89' lang='lat' dir='ltr'><strong>aliqui</strong></span> <span class='ocrx_word' id='word_1_59' title='bbox 473 1369 696 1471; x_wconf 69' lang='lat' dir='ltr'><strong>temporalis,</strong></span> <span class='ocrx_word' id='word_1_60' title='bbox 713 1370 779 1444; x_wconf 91' lang='lat' dir='ltr'><strong>ubi</strong></span> <span class='ocrx_word' id='word_1_61' title='bbox 788 1394 881 1468; x_wconf 91' lang='lat' dir='ltr'><strong>opus</strong></span> <span class='ocrx_word' id='word_1_62' title='bbox 895 1392 1018 1466; x_wconf 88' lang='lat' dir='ltr'><strong>neque</strong></span> <span class='ocrx_word' id='word_1_63' title='bbox 1031 1372 1279 1468; x_wconf 87' lang='lat' dir='ltr'><strong>periculosum</strong></span> 
     </span>
     <span class='ocr_line' id='line_1_11' title="bbox 202 1470 1281 1582; baseline -0.001 -24"><span class='ocrx_word' id='word_1_64' title='bbox 202 1470 324 1582; x_wconf 81' lang='lat' dir='ltr'><strong>neque</strong></span> <span class='ocrx_word' id='word_1_65' title='bbox 340 1482 449 1557; x_wconf 89' lang='lat' dir='ltr'><strong>valde</strong></span> <span class='ocrx_word' id='word_1_66' title='bbox 464 1507 659 1582; x_wconf 90' lang='lat' dir='ltr'><strong>operosum</strong></span> <span class='ocrx_word' id='word_1_67' title='bbox 677 1493 752 1555; x_wconf 89' lang='lat' dir='ltr'><strong>est:</strong></span> <span class='ocrx_word' id='word_1_68' title='bbox 778 1481 841 1554; x_wconf 90' lang='lat' dir='ltr'><strong>sed</strong></span> <span class='ocrx_word' id='word_1_69' title='bbox 858 1503 905 1554; x_wconf 91' lang='lat' dir='ltr'><strong>ne</strong></span> <span class='ocrx_word' id='word_1_70' title='bbox 922 1480 1000 1554; x_wconf 88' lang='lat' dir='ltr'><strong>haec</strong></span> <span class='ocrx_word' id='word_1_71' title='bbox 1016 1483 1178 1580; x_wconf 91' lang='lat' dir='ltr'><strong>quidem</strong></span> <span class='ocrx_word' id='word_1_72' title='bbox 1195 1494 1281 1557; x_wconf 88' lang='lat' dir='ltr'><strong>arte·</strong></span> 
     </span>
     <span class='ocr_line' id='line_1_12' title="bbox 203 1592 1281 1693; baseline 0 -25"><span class='ocrx_word' id='word_1_73' title='bbox 203 1595 265 1684; x_wconf 90' lang='lat' dir='ltr'><strong>ria,</strong></span> <span class='ocrx_word' id='word_1_74' title='bbox 283 1596 354 1669; x_wconf 94' lang='lat' dir='ltr'><strong>nisi</strong></span> <span class='ocrx_word' id='word_1_75' title='bbox 371 1619 429 1671; x_wconf 84' lang='lat' dir='ltr'><strong>res</strong></span> <span class='ocrx_word' id='word_1_76' title='bbox 445 1593 553 1669; x_wconf 89' lang='lat' dir='ltr'><strong>valde</strong></span> <span class='ocrx_word' id='word_1_77' title='bbox 571 1605 710 1692; x_wconf 79' lang='lat' dir='ltr'><strong>urgeat,</strong></span> <span class='ocrx_word' id='word_1_78' title='bbox 727 1592 921 1667; x_wconf 86' lang='lat' dir='ltr'><strong>incidenda</strong></span> <span class='ocrx_word' id='word_1_79' title='bbox 932 1601 998 1667; x_wconf 91' lang='lat' dir='ltr'><strong>est.</strong></span> <span class='ocrx_word' id='word_1_80' title='bbox 1052 1595 1099 1667; x_wconf 93' lang='lat' dir='ltr'><strong>ln</strong></span> <span class='ocrx_word' id='word_1_81' title='bbox 1119 1597 1281 1693; x_wconf 85' lang='lat' dir='ltr'><strong>graviore</strong></span> 
     </span>
     <span class='ocr_line' id='line_1_13' title="bbox 202 1704 1280 1806; baseline -0.004 -24"><span class='ocrx_word' id='word_1_82' title='bbox 202 1719 331 1782; x_wconf 80' lang='lat' dir='ltr'><strong>autem</strong></span> <span class='ocrx_word' id='word_1_83' title='bbox 360 1708 500 1796; x_wconf 86' lang='lat' dir='ltr'><strong>morbo,</strong></span> <span class='ocrx_word' id='word_1_84' title='bbox 518 1714 564 1781; x_wconf 78' lang='lat' dir='ltr'><strong>&#39;et</strong></span> <span class='ocrx_word' id='word_1_85' title='bbox 592 1705 793 1806; x_wconf 78' lang='lat' dir='ltr'><strong>praesertim</strong></span> <span class='ocrx_word' id='word_1_86' title='bbox 820 1704 960 1803; x_wconf 86' lang='lat' dir='ltr'><strong>capitis,</strong></span> <span class='ocrx_word' id='word_1_87' title='bbox 984 1714 1052 1780; x_wconf 84' lang='lat' dir='ltr'><strong>aut</strong></span> <span class='ocrx_word' id='word_1_88' title='bbox 1080 1706 1280 1792; x_wconf 85' lang='lat' dir='ltr'><strong>oculorum,</strong></span> 
     </span>
     <span class='ocr_line' id='line_1_14' title="bbox 202 1814 1281 1915; baseline -0.001 -24"><span class='ocrx_word' id='word_1_89' title='bbox 202 1819 304 1894; x_wconf 91' lang='lat' dir='ltr'><strong>haud</strong></span> <span class='ocrx_word' id='word_1_90' title='bbox 321 1819 518 1894; x_wconf 90' lang='lat' dir='ltr'><strong>absurdum</strong></span> <span class='ocrx_word' id='word_1_91' title='bbox 536 1819 606 1892; x_wconf 85' lang='lat' dir='ltr'><strong>erit</strong></span> <span class='ocrx_word' id='word_1_92' title='bbox 623 1817 696 1891; x_wconf 84' lang='lat' dir='ltr'><strong>tale</strong></span> <span class='ocrx_word' id='word_1_93' title='bbox 711 1814 891 1889; x_wconf 87' lang='lat' dir='ltr'><strong>auxilium</strong></span> <span class='ocrx_word' id='word_1_94' title='bbox 910 1816 1080 1915; x_wconf 88' lang='lat' dir='ltr'><strong>experiri,</strong></span> <span class='ocrx_word' id='word_1_95' title='bbox 1106 1820 1281 1892; x_wconf 89' lang='lat' dir='ltr'><strong>nimirum</strong></span> 
     </span>
     <span class='ocr_line' id='line_1_15' title="bbox 203 1926 1145 2028; baseline 0 -24"><span class='ocrx_word' id='word_1_96' title='bbox 203 1931 306 2026; x_wconf 91' lang='lat' dir='ltr'><strong>quod</strong></span> <span class='ocrx_word' id='word_1_97' title='bbox 323 1932 517 2028; x_wconf 86' lang='lat' dir='ltr'><strong>insigniter</strong></span> <span class='ocrx_word' id='word_1_98' title='bbox 533 1927 721 2000; x_wconf 90' lang='lat' dir='ltr'><strong>interdum</strong></span> <span class='ocrx_word' id='word_1_99' title='bbox 739 1926 917 2024; x_wconf 84' lang='lat' dir='ltr'><strong>profuisse</strong></span> <span class='ocrx_word' id='word_1_100' title='bbox 934 1929 1058 2003; x_wconf 70' lang='lat' dir='ltr'><strong>vuum</strong></span> <span class='ocrx_word' id='word_1_101' title='bbox 1075 1939 1145 2005; x_wconf 87' lang='lat' dir='ltr'><strong>est.</strong></span> 
     </span>
     <span class='ocr_line' id='line_1_16' title="bbox 254 2037 1279 2143; baseline 0.004 -29"><span class='ocrx_word' id='word_1_102' title='bbox 254 2062 425 2114; x_wconf 81' lang='lat' dir='ltr'><strong>Muxcrx.</strong></span> <span class='ocrx_word' id='word_1_103' title='bbox 443 2039 539 2115; x_wconf 79' lang='lat' dir='ltr'><strong>Satis</strong></span> <span class='ocrx_word' id='word_1_104' title='bbox 555 2037 753 2112; x_wconf 89' lang='lat' dir='ltr'><strong>verisimile</strong></span> <span class='ocrx_word' id='word_1_105' title='bbox 766 2050 832 2127; x_wconf 89' lang='lat' dir='ltr'><strong>est,</strong></span> <span class='ocrx_word' id='word_1_106' title='bbox 857 2041 1005 2140; x_wconf 84' lang='lat' dir='ltr'><strong>egregie</strong></span> <span class='ocrx_word' id='word_1_107' title='bbox 1020 2065 1101 2116; x_wconf 89' lang='lat' dir='ltr'><strong>esse</strong></span> <span class='ocrx_word' id='word_1_108' title='bbox 1118 2043 1279 2143; x_wconf 88' lang='lat' dir='ltr'><strong>profutu-</strong></span> 
     </span>
     <span class='ocr_line' id='line_1_17' title="bbox 203 2149 1279 2248; baseline 0.007 -25"><span class='ocrx_word' id='word_1_109' title='bbox 203 2174 300 2238; x_wconf 90' lang='lat' dir='ltr'><strong>rum,</strong></span> <span class='ocrx_word' id='word_1_110' title='bbox 317 2150 486 2224; x_wconf 85' lang='lat' dir='ltr'><strong>arteriam</strong></span> <span class='ocrx_word' id='word_1_111' title='bbox 503 2152 616 2248; x_wconf 85' lang='lat' dir='ltr'><strong>partis</strong></span> <span class='ocrx_word' id='word_1_112' title='bbox 633 2149 882 2240; x_wconf 72' lang='lat' dir='ltr'><strong>inflammatae,</strong></span> <span class='ocrx_word' id='word_1_113' title='bbox 907 2153 967 2228; x_wconf 86' lang='lat' dir='ltr'><strong>vel</strong></span> <span class='ocrx_word' id='word_1_114' title='bbox 984 2155 1150 2230; x_wconf 90' lang='lat' dir='ltr'><strong>ramulos</strong></span> <span class='ocrx_word' id='word_1_115' title='bbox 1175 2158 1279 2230; x_wconf 86' lang='lat' dir='ltr'><strong>etiam</strong></span> 
     </span>
     <span class='ocr_line' id='line_1_18' title="bbox 203 2262 1279 2366; baseline 0.005 -29"><span class='ocrx_word' id='word_1_116' title='bbox 203 2262 346 2361; x_wconf 84' lang='lat' dir='ltr'><strong>aliquos</strong></span> <span class='ocrx_word' id='word_1_117' title='bbox 372 2263 524 2360; x_wconf 88' lang='lat' dir='ltr'><strong>majores</strong></span> <span class='ocrx_word' id='word_1_118' title='bbox 549 2287 636 2337; x_wconf 92' lang='lat' dir='ltr'><strong>cum</strong></span> <span class='ocrx_word' id='word_1_119' title='bbox 653 2285 696 2335; x_wconf 88' lang='lat' dir='ltr'><strong>ea</strong></span> <span class='ocrx_word' id='word_1_120' title='bbox 712 2265 1026 2339; x_wconf 88' lang='lat' dir='ltr'><strong>communicantes</strong></span> <span class='ocrx_word' id='word_1_121' title='bbox 1057 2278 1174 2366; x_wconf 87' lang='lat' dir='ltr'><strong>atque</strong></span> <span class='ocrx_word' id='word_1_122' title='bbox 1201 2293 1279 2342; x_wconf 87' lang='lat' dir='ltr'><strong>con·</strong></span> 
     </span>
     <span class='ocr_line' id='line_1_19' title="bbox 199 2373 1282 2478; baseline 0.004 -29"><span class='ocrx_word' id='word_1_123' title='bbox 199 2373 361 2472; x_wconf 89' lang='lat' dir='ltr'><strong>junctos,</strong></span> <span class='ocrx_word' id='word_1_124' title='bbox 393 2377 422 2450; x_wconf 90' lang='lat' dir='ltr'><strong>si</strong></span> <span class='ocrx_word' id='word_1_125' title='bbox 439 2374 591 2451; x_wconf 85' lang='lat' dir='ltr'><strong>facultas</strong></span> <span class='ocrx_word' id='word_1_126' title='bbox 607 2384 711 2461; x_wconf 86' lang='lat' dir='ltr'><strong>esset,</strong></span> <span class='ocrx_word' id='word_1_127' title='bbox 736 2376 903 2451; x_wconf 87' lang='lat' dir='ltr'><strong>incidere.</strong></span> <span class='ocrx_word' id='word_1_128' title='bbox 954 2377 1094 2476; x_wconf 89' lang='lat' dir='ltr'><strong>Neque</strong></span> <span class='ocrx_word' id='word_1_129' title='bbox 1123 2380 1282 2478; x_wconf 90' lang='lat' dir='ltr'><strong>profecto</strong></span> 
     </span>
     <span class='ocr_line' id='line_1_20' title="bbox 206 2488 1280 2588; baseline 0.002 -27"><span class='ocrx_word' id='word_1_130' title='bbox 206 2488 365 2563; x_wconf 90' lang='lat' dir='ltr'><strong>dubium</strong></span> <span class='ocrx_word' id='word_1_131' title='bbox 383 2500 449 2576; x_wconf 89' lang='lat' dir='ltr'><strong>est,</strong></span> <span class='ocrx_word' id='word_1_132' title='bbox 466 2488 729 2562; x_wconf 88' lang='lat' dir='ltr'><strong>detractionem</strong></span> <span class='ocrx_word' id='word_1_133' title='bbox 748 2489 935 2588; x_wconf 85' lang='lat' dir='ltr'><strong>sanguinis</strong></span> <span class='ocrx_word' id='word_1_134' title='bbox 951 2514 1018 2588; x_wconf 88' lang='lat' dir='ltr'><strong>per</strong></span> <span class='ocrx_word' id='word_1_135' title='bbox 1034 2491 1280 2565; x_wconf 83' lang='lat' dir='ltr'><strong>cucurbitulas</strong></span> 
     </span>
     <span class='ocr_line' id='line_1_21' title="bbox 205 2599 1280 2698; baseline 0 -24"><span class='ocrx_word' id='word_1_136' title='bbox 205 2610 374 2675; x_wconf 75' lang='lat' dir='ltr'><strong>ementes</strong></span> <span class='ocrx_word' id='word_1_137' title='bbox 398 2625 443 2674; x_wconf 94' lang='lat' dir='ltr'><strong>eo</strong></span> <span class='ocrx_word' id='word_1_138' title='bbox 468 2602 587 2698; x_wconf 83' lang='lat' dir='ltr'><strong>magis</strong></span> <span class='ocrx_word' id='word_1_139' title='bbox 603 2599 724 2675; x_wconf 85' lang='lat' dir='ltr'><strong>valere</strong></span> <span class='ocrx_word' id='word_1_140' title='bbox 750 2601 923 2676; x_wconf 87' lang='lat' dir='ltr'><strong>adversus</strong></span> <span class='ocrx_word' id='word_1_141' title='bbox 952 2600 1280 2677; x_wconf 85' lang='lat' dir='ltr'><strong>inflammationem</strong></span> 
     </span>
     <span class='ocr_line' id='line_1_22' title="bbox 205 2711 1281 2813; baseline 0 -27"><span class='ocrx_word' id='word_1_142' title='bbox 205 2713 318 2809; x_wconf 89' lang='lat' dir='ltr'><strong>partis</strong></span> <span class='ocrx_word' id='word_1_143' title='bbox 335 2711 496 2808; x_wconf 86' lang='lat' dir='ltr'><strong>cujusvis</strong></span> <span class='ocrx_word' id='word_1_144' title='bbox 513 2713 653 2800; x_wconf 85' lang='lat' dir='ltr'><strong>vicinae,</strong></span> <span class='ocrx_word' id='word_1_145' title='bbox 684 2713 782 2810; x_wconf 88' lang='lat' dir='ltr'><strong>quod</strong></span> <span class='ocrx_word' id='word_1_146' title='bbox 799 2714 957 2787; x_wconf 86' lang='lat' dir='ltr'><strong>minutae</strong></span> <span class='ocrx_word' id='word_1_147' title='bbox 972 2716 1125 2801; x_wconf 84' lang='lat' dir='ltr'><strong>arteriae,</strong></span> <span class='ocrx_word' id='word_1_148' title='bbox 1152 2715 1281 2813; x_wconf 87' lang='lat' dir='ltr'><strong>pariter</strong></span> 
     </span>
     <span class='ocr_line' id='line_1_23' title="bbox 101 2825 1275 2924; baseline -0.001 -28"><span class='ocrx_word' id='word_1_149' title='bbox 101 2860 104 2866; x_wconf 94' lang='lat'>·</span> <span class='ocrx_word' id='word_1_150' title='bbox 203 2847 246 2895; x_wconf 91' lang='lat' dir='ltr'><strong>ac</strong></span> <span class='ocrx_word' id='word_1_151' title='bbox 262 2847 376 2912; x_wconf 84' lang='lat' dir='ltr'><strong>venae,</strong></span> <span class='ocrx_word' id='word_1_152' title='bbox 394 2825 641 2900; x_wconf 89' lang='lat' dir='ltr'><strong>instrumento</strong></span> <span class='ocrx_word' id='word_1_153' title='bbox 653 2826 693 2899; x_wconf 93' lang='lat' dir='ltr'><strong>in</strong></span> <span class='ocrx_word' id='word_1_154' title='bbox 707 2849 751 2899; x_wconf 93' lang='lat' dir='ltr'><strong>eo</strong></span> <span class='ocrx_word' id='word_1_155' title='bbox 761 2849 869 2924; x_wconf 86' lang='lat' dir='ltr'><strong>opere</strong></span> <span class='ocrx_word' id='word_1_156' title='bbox 879 2826 1090 2923; x_wconf 83' lang='lat' dir='ltr'><strong>promiscue</strong></span> <span class='ocrx_word' id='word_1_157' title='bbox 1106 2837 1275 2899; x_wconf 89' lang='lat' dir='ltr'><strong>secantur.</strong></span> 
     </span>
     <span class='ocr_line' id='line_1_24' title="bbox 253 2934 1275 3038; baseline -0.006 -28"><span class='ocrx_word' id='word_1_158' title='bbox 253 2957 353 3012; x_wconf 82' lang='lat' dir='ltr'><strong>mne.</strong></span> <span class='ocrx_word' id='word_1_159' title='bbox 390 2937 593 3017; x_wconf 80' lang='lat' dir='ltr'><strong>Innumero</strong></span> <span class='ocrx_word' id='word_1_160' title='bbox 621 2938 696 3012; x_wconf 87' lang='lat' dir='ltr'><strong>fere</strong></span> <span class='ocrx_word' id='word_1_161' title='bbox 723 2938 861 3013; x_wconf 90' lang='lat' dir='ltr'><strong>monita</strong></span> <span class='ocrx_word' id='word_1_162' title='bbox 889 2947 1005 3036; x_wconf 91' lang='lat' dir='ltr'><strong>atque</strong></span> <span class='ocrx_word' id='word_1_163' title='bbox 1031 2950 1205 3038; x_wconf 84' lang='lat' dir='ltr'><strong>praecepta</strong></span> <span class='ocrx_word' id='word_1_164' title='bbox 1228 2934 1275 3005; x_wconf 91' lang='lat' dir='ltr'><strong>de</strong></span> 
     </span>
     <span class='ocr_line' id='line_1_25' title="bbox 203 3049 1277 3146; baseline -0.001 -27"><span class='ocrx_word' id='word_1_165' title='bbox 203 3049 392 3146; x_wconf 87' lang='lat' dir='ltr'><strong>sanguinis</strong></span> <span class='ocrx_word' id='word_1_166' title='bbox 416 3049 642 3123; x_wconf 87' lang='lat' dir='ltr'><strong>detractione</strong></span> <span class='ocrx_word' id='word_1_167' title='bbox 657 3074 680 3123; x_wconf 90' lang='lat' dir='ltr'><strong>a</strong></span> <span class='ocrx_word' id='word_1_168' title='bbox 695 3050 803 3124; x_wconf 85' lang='lat' dir='ltr'><strong>variis</strong></span> <span class='ocrx_word' id='word_1_169' title='bbox 832 3049 1045 3126; x_wconf 88' lang='lat' dir='ltr'><strong>auctoribus</strong></span> <span class='ocrx_word' id='word_1_170' title='bbox 1069 3050 1151 3122; x_wconf 88' lang='lat' dir='ltr'><strong>data</strong></span> <span class='ocrx_word' id='word_1_171' title='bbox 1178 3055 1277 3132; x_wconf 89' lang='lat' dir='ltr'><strong>sunt,</strong></span> 
     </span>
     <span class='ocr_line' id='line_1_26' title="bbox 203 3159 1278 3260; baseline 0.001 -30"><span class='ocrx_word' id='word_1_172' title='bbox 203 3167 242 3231; x_wconf 90' lang='lat' dir='ltr'><strong>et</strong></span> <span class='ocrx_word' id='word_1_173' title='bbox 258 3159 392 3256; x_wconf 90' lang='lat' dir='ltr'><strong>passim</strong></span> <span class='ocrx_word' id='word_1_174' title='bbox 408 3160 509 3257; x_wconf 90' lang='lat' dir='ltr'><strong>apud</strong></span> <span class='ocrx_word' id='word_1_175' title='bbox 526 3159 673 3260; x_wconf 87' lang='lat' dir='ltr'><strong>vulgus,</strong></span> <span class='ocrx_word' id='word_1_176' title='bbox 698 3171 736 3234; x_wconf 96' lang='lat' dir='ltr'><strong>et</strong></span> <span class='ocrx_word' id='word_1_177' title='bbox 762 3185 847 3242; x_wconf 87' lang='lat' dir='ltr'><strong>sane</strong></span> <span class='ocrx_word' id='word_1_178' title='bbox 871 3160 1013 3237; x_wconf 90' lang='lat' dir='ltr'><strong>multos</strong></span> <span class='ocrx_word' id='word_1_179' title='bbox 1041 3160 1200 3236; x_wconf 89' lang='lat' dir='ltr'><strong>medicos</strong></span> <span class='ocrx_word' id='word_1_180' title='bbox 1227 3182 1278 3232; x_wconf 90' lang='lat' dir='ltr'><strong>re-</strong></span> 
     </span>
     <span class='ocr_line' id='line_1_27' title="bbox 202 3271 1281 3373; baseline 0 -29"><span class='ocrx_word' id='word_1_181' title='bbox 202 3281 327 3368; x_wconf 80' lang='lat' dir='ltr'><strong>cepta3</strong></span> <span class='ocrx_word' id='word_1_182' title='bbox 353 3296 512 3371; x_wconf 92' lang='lat' dir='ltr'><strong>quorum</strong></span> <span class='ocrx_word' id='word_1_183' title='bbox 532 3272 651 3347; x_wconf 88' lang='lat' dir='ltr'><strong>multa</strong></span> <span class='ocrx_word' id='word_1_184' title='bbox 666 3271 758 3347; x_wconf 85' lang='lat' dir='ltr'><strong>adeo</strong></span> <span class='ocrx_word' id='word_1_185' title='bbox 782 3274 909 3372; x_wconf 91' lang='lat' dir='ltr'><strong>inepta</strong></span> <span class='ocrx_word' id='word_1_186' title='bbox 937 3284 976 3347; x_wconf 93' lang='lat' dir='ltr'><strong>et</strong></span> <span class='ocrx_word' id='word_1_187' title='bbox 1008 3299 1106 3373; x_wconf 89' lang='lat' dir='ltr'><strong>pene</strong></span> <span class='ocrx_word' id='word_1_188' title='bbox 1133 3273 1281 3347; x_wconf 88' lang='lat' dir='ltr'><strong>ridicula</strong></span> 
     </span>
     <span class='ocr_line' id='line_1_28' title="bbox 203 3385 1279 3483; baseline 0.005 -30"><span class='ocrx_word' id='word_1_189' title='bbox 203 3392 301 3470; x_wconf 91' lang='lat' dir='ltr'><strong>sunt,</strong></span> <span class='ocrx_word' id='word_1_190' title='bbox 319 3389 363 3457; x_wconf 91' lang='lat' dir='ltr'><strong>ut</strong></span> <span class='ocrx_word' id='word_1_191' title='bbox 379 3408 500 3482; x_wconf 91' lang='lat' dir='ltr'><strong>neque</strong></span> <span class='ocrx_word' id='word_1_192' title='bbox 516 3385 698 3459; x_wconf 88' lang='lat' dir='ltr'><strong>observari</strong></span> <span class='ocrx_word' id='word_1_193' title='bbox 715 3408 838 3483; x_wconf 89' lang='lat' dir='ltr'><strong>neque</strong></span> <span class='ocrx_word' id='word_1_194' title='bbox 854 3387 1033 3461; x_wconf 86' lang='lat' dir='ltr'><strong>recenseri</strong></span> <span class='ocrx_word' id='word_1_195' title='bbox 1050 3396 1279 3468; x_wconf 89' lang='lat' dir='ltr'><strong>mereantur;</strong></span> 
     </span>
     <span class='ocr_line' id='line_1_29' title="bbox 202 3491 1281 3591; baseline 0.004 -27"><span class='ocrx_word' id='word_1_196' title='bbox 202 3491 281 3578; x_wconf 88' lang='lat' dir='ltr'><strong>alia,</strong></span> <span class='ocrx_word' id='word_1_197' title='bbox 319 3495 594 3591; x_wconf 90' lang='lat' dir='ltr'><strong>quodammodo</strong></span> <span class='ocrx_word' id='word_1_198' title='bbox 620 3495 717 3570; x_wconf 86' lang='lat' dir='ltr'><strong>bona</strong></span> <span class='ocrx_word' id='word_1_199' title='bbox 745 3508 784 3571; x_wconf 91' lang='lat' dir='ltr'><strong>et</strong></span> <span class='ocrx_word' id='word_1_200' title='bbox 811 3521 909 3585; x_wconf 91' lang='lat' dir='ltr'><strong>sana,</strong></span> <span class='ocrx_word' id='word_1_201' title='bbox 946 3498 1012 3572; x_wconf 91' lang='lat' dir='ltr'><strong>sed</strong></span> <span class='ocrx_word' id='word_1_202' title='bbox 1041 3498 1281 3572; x_wconf 89' lang='lat' dir='ltr'><strong>nihilominus</strong></span> 
     </span>
     <span class='ocr_line' id='line_1_30' title="bbox 201 3601 1281 3708; baseline 0.006 -34"><span class='ocrx_word' id='word_1_203' title='bbox 201 3601 423 3704; x_wconf 85' lang='lat' dir='ltr'><strong>negligenda</strong></span> <span class='ocrx_word' id='word_1_204' title='bbox 441 3605 655 3705; x_wconf 89' lang='lat' dir='ltr'><strong>ubicunque</strong></span> <span class='ocrx_word' id='word_1_205' title='bbox 670 3609 816 3707; x_wconf 85' lang='lat' dir='ltr'><strong>gravior</strong></span> <span class='ocrx_word' id='word_1_206' title='bbox 844 3609 968 3708; x_wconf 87' lang='lat' dir='ltr'><strong>aliqua</strong></span> <span class='ocrx_word' id='word_1_207' title='bbox 998 3612 1198 3684; x_wconf 85' lang='lat' dir='ltr'><strong>necessitas</strong></span> <span class='ocrx_word' id='word_1_208' title='bbox 1226 3632 1281 3681; x_wconf 90' lang='lat' dir='ltr'><strong>ur·</strong></span> 
     </span>
     <span class='ocr_line' id='line_1_31' title="bbox 202 3717 1283 3823; baseline 0.005 -36"><span class='ocrx_word' id='word_1_209' title='bbox 202 3724 286 3813; x_wconf 84' lang='lat' dir='ltr'><strong>get;</strong></span> <span class='ocrx_word' id='word_1_210' title='bbox 311 3727 351 3788; x_wconf 90' lang='lat' dir='ltr'><strong>et</strong></span> <span class='ocrx_word' id='word_1_211' title='bbox 366 3717 437 3791; x_wconf 91' lang='lat' dir='ltr'><strong>nisi</strong></span> <span class='ocrx_word' id='word_1_212' title='bbox 453 3742 510 3792; x_wconf 88' lang='lat' dir='ltr'><strong>res</strong></span> <span class='ocrx_word' id='word_1_213' title='bbox 529 3729 646 3819; x_wconf 86' lang='lat' dir='ltr'><strong>urget,</strong></span> <span class='ocrx_word' id='word_1_214' title='bbox 672 3744 753 3796; x_wconf 78' lang='lat' dir='ltr'><strong>raro</strong></span> <span class='ocrx_word' id='word_1_215' title='bbox 769 3731 834 3795; x_wconf 89' lang='lat' dir='ltr'><strong>aut</strong></span> <span class='ocrx_word' id='word_1_216' title='bbox 850 3746 944 3820; x_wconf 88' lang='lat' dir='ltr'><strong>opus</strong></span> <span class='ocrx_word' id='word_1_217' title='bbox 969 3735 1026 3796; x_wconf 90' lang='lat' dir='ltr'><strong>est</strong></span> <span class='ocrx_word' id='word_1_218' title='bbox 1054 3733 1124 3796; x_wconf 88' lang='lat' dir='ltr'><strong>aut</strong></span> <span class='ocrx_word' id='word_1_219' title='bbox 1141 3721 1283 3823; x_wconf 88' lang='lat' dir='ltr'><strong>prodest</strong></span> 
     </span>
     <span class='ocr_line' id='line_1_32' title="bbox 201 3826 1282 3929; baseline 0.003 -28"><span class='ocrx_word' id='word_1_220' title='bbox 201 3826 419 3926; x_wconf 87' lang='lat' dir='ltr'><strong>sanguinem</strong></span> <span class='ocrx_word' id='word_1_221' title='bbox 437 3829 591 3905; x_wconf 89' lang='lat' dir='ltr'><strong>mittere.</strong></span> <span class='ocrx_word' id='word_1_222' title='bbox 643 3831 713 3919; x_wconf 89' lang='lat' dir='ltr'><strong>Sic,</strong></span> <span class='ocrx_word' id='word_1_223' title='bbox 730 3833 902 3929; x_wconf 80' lang='lat' dir='ltr'><strong>quamvis</strong></span> <span class='ocrx_word' id='word_1_224' title='bbox 914 3833 1073 3908; x_wconf 92' lang='lat' dir='ltr'><strong>minime</strong></span> <span class='ocrx_word' id='word_1_225' title='bbox 1091 3834 1282 3908; x_wconf 86' lang='lat' dir='ltr'><strong>conveniat</strong></span> 
     </span>
     <span class='ocr_line' id='line_1_33' title="bbox 199 3937 1284 4044; baseline 0.004 -33"><span class='ocrx_word' id='word_1_226' title='bbox 199 3937 312 4034; x_wconf 90' lang='lat' dir='ltr'><strong>pleno</strong></span> <span class='ocrx_word' id='word_1_227' title='bbox 340 3940 557 4031; x_wconf 87' lang='lat' dir='ltr'><strong>ventriculo,</strong></span> <span class='ocrx_word' id='word_1_228' title='bbox 592 3946 658 4028; x_wconf 76' lang='lat' dir='ltr'><strong>aut</strong></span> <span class='ocrx_word' id='word_1_229' title='bbox 690 3944 914 4019; x_wconf 79' lang='lat' dir='ltr'><strong>instantibus</strong></span> <span class='ocrx_word' id='word_1_230' title='bbox 946 3954 1015 4019; x_wconf 89' lang='lat' dir='ltr'><strong>aut</strong></span> <span class='ocrx_word' id='word_1_231' title='bbox 1045 3946 1284 4044; x_wconf 64' lang='lat' dir='ltr'><strong>praesentibus</strong></span> 
     </span>
     <span class='ocr_line' id='line_1_34' title="bbox 201 4053 1284 4152; baseline 0.006 -32"><span class='ocrx_word' id='word_1_232' title='bbox 201 4053 397 4140; x_wconf 91' lang='lat' dir='ltr'><strong>mensibus,</strong></span> <span class='ocrx_word' id='word_1_233' title='bbox 422 4056 640 4152; x_wconf 87' lang='lat' dir='ltr'><strong>sanguinem</strong></span> <span class='ocrx_word' id='word_1_234' title='bbox 656 4055 826 4143; x_wconf 89' lang='lat' dir='ltr'><strong>mittere;</strong></span> <span class='ocrx_word' id='word_1_235' title='bbox 851 4066 979 4130; x_wconf 89' lang='lat' dir='ltr'><strong>tamen</strong></span> <span class='ocrx_word' id='word_1_236' title='bbox 1004 4057 1045 4131; x_wconf 92' lang='lat' dir='ltr'><strong>iu</strong></span> <span class='ocrx_word' id='word_1_237' title='bbox 1064 4059 1284 4134; x_wconf 90' lang='lat' dir='ltr'><strong>vehemente</strong></span> 
     </span>
     <span class='ocr_line' id='line_1_35' title="bbox 200 4159 1284 4271; baseline 0.01 -40"><span class='ocrx_word' id='word_1_238' title='bbox 200 4159 309 4251; x_wconf 84' lang='lat' dir='ltr'><strong>febre,</strong></span> <span class='ocrx_word' id='word_1_239' title='bbox 334 4176 400 4239; x_wconf 91' lang='lat' dir='ltr'><strong>aut</strong></span> <span class='ocrx_word' id='word_1_240' title='bbox 416 4165 562 4242; x_wconf 86' lang='lat' dir='ltr'><strong>visceris</strong></span> <span class='ocrx_word' id='word_1_241' title='bbox 578 4166 882 4259; x_wconf 82' lang='lat' dir='ltr'><strong>inflammatione,</strong></span> <span class='ocrx_word' id='word_1_242' title='bbox 907 4181 975 4246; x_wconf 91' lang='lat' dir='ltr'><strong>aut</strong></span> <span class='ocrx_word' id='word_1_243' title='bbox 996 4172 1134 4249; x_wconf 89' lang='lat' dir='ltr'><strong>morbo</strong></span> <span class='ocrx_word' id='word_1_244' title='bbox 1151 4167 1284 4271; x_wconf 76' lang='lat' dir='ltr'><strong>capitis</strong></span> 
     </span>
    </p>
   </div>
   <div class='ocr_carea' id='block_1_3' title="bbox 0 0 1349 4794">
    <p class='ocr_par' dir='ltr' id='par_1_3' title="bbox 0 0 1349 4794">
     <span class='ocr_line' id='line_1_36' title="bbox 0 0 1349 4794; baseline 0 0"><span class='ocrx_word' id='word_1_245' title='bbox 0 0 1349 4794; x_wconf 95' lang='lat' dir='ltr'><strong> </strong></span> 
     </span>
    </p>
   </div>
  </div>
 </body>
</html>
