2678 4794
48 361 144 419 CAR
162 358 233 415 XV·
352 356 571 415 MEDICINAE
590 360 877 418 monument.
1059 356 1128 447 185

124 1176 215 1254 Car.
231 1174 440 1253 XV.-De
455 1185 573 1253 motas
588 1177 792 1278 sanguinis
808 1178 1052 1255 varietatibus

511 1298 548 1365 et
564 1288 674 1367 vitiis.

500 1671 654 1725 &a

59 2022 266 2081 ccccxnnr.
301 1954 410 2076 Coa
427 1976 585 2102 vasaque
609 2004 735 2077 omnia
758 2028 843 2102 quae
868 2004 914 2079 ad
944 2005 1132 2106 sanguinis

58 2124 198 2189 motum
213 2113 420 2201 conferunt,
436 2116 586 2203 arteria,
602 2139 717 2202 venae,
735 2117 966 2205 resorbentia,
983 2118 1131 2217 majora,

58 2248 138 2301 eum
163 2224 308 2325 reliquo
324 2249 473 2324 corpore
496 2236 715 2326 comparata,
740 2227 980 2302 observantur
1003 2231 1132 2328 prima,

58 2360 164 2437 quam
180 2350 355 2436 provecta
379 2347 508 2412 aetate:
538 2339 577 2411 in
607 2338 703 2412 foetu
726 2340 899 2425 maxima,
924 2341 1040 2414 indies
1065 2365 1133 2439 pro

58 2458 129 2523 tata
142 2461 247 2550 parte
260 2451 494 2536 minuuntur,
512 2451 705 2548 multaque
716 2474 842 2523 eorum
856 2451 1034 2549 paulatim
1047 2475 1132 2525 aon-

56 2558 263 2638 duduntur.
314 2563 418 2636 Hinc
446 2586 570 2635 recens
599 2574 708 2635 natus
734 2572 834 2634 totus
858 2562 977 2648 rubet,
1001 2561 1132 2650 infans,

57 2686 152 2771 puer,
163 2673 316 2773 juvenis
332 2699 437 2772 saepe,
454 2673 585 2760 mollis,
604 2672 715 2758 laevis,
733 2672 920 2760 humidus,
947 2671 1131 2761 flaccidae,

59 2786 181 2860 eximii
197 2785 327 2860 coloris
343 2798 420 2871 est;
444 2785 503 2859 vir
519 2794 645 2859 autern
661 2784 811 2872 firmior,
838 2785 975 2874 du'rior,
1003 2785 1132 2860 coloris

59 2896 177 2972 vultus
200 2897 307 2985 fusci,
333 2899 455 2972 minus
479 2897 646 2996 pulchri3
685 2920 798 2972 senex
825 2897 975 2997 rigidus,
1005 2899 1130 2986 siccus,

61 3006 222 3104 pallidus,
238 3033 367 3113 macer.

106 3141 313 3196 ccccxmv.
332 3123 459 3196 Prima
470 3134 587 3212 aetate,
604 3148 710 3198 venae
725 3124 846 3199 multo
861 3149 974 3222 quam
992 3124 1132 3200 arteriae

62 3226 245 3320 densiores,
271 3234 458 3322 firmiores,
483 3245 522 3308 et
547 3235 738 3310 validiores
763 3246 861 3311 sunt.
929 3235 1005 3311 Hae
1032 3261 1131 3325 vero,

63 3351 200 3440 propter
228 3358 446 3444 perpetuam
476 3371 588 3444 quam
621 3350 817 3446 patiuntur
841 3363 1057 3444 pressuram,
1091 3357 1131 3423 et

64 3452 130 3525 rim
146 3479 296 3554 quoque
313 3483 428 3556 quam
458 3459 554 3531 inter
571 3459 863 3534 contrahendum
883 3468 1051 3545 exerunt,
1075 3461 1131 3537 in-

67 3558 130 3637 dies
145 3566 332 3655 firmiores,
351 3571 523 3655 duriores,
551 3580 589 3643 et
606 3570 797 3645 validiores
813 3570 989 3660 evadunt,
1014 3571 1132 3647 donec

70 3676 200 3752 undem
219 3682 296 3753 vim
322 3707 499 3756 venarum
525 3693 675 3779 aequent
691 3682 751 3756 vel
780 3692 961 3780 superent.
1011 3678 1131 3759 Haud

72 3802 134 3860 rum
147 3789 185 3863 in
214 3794 362 3868 senibus
386 3820 468 3894 pars
485 3818 631 3893 magnae
658 3795 799 3868 arteriae
822 3795 861 3868 in
889 3796 1131 3869 substantiam

75 3914 230 3990 tumeam,
247 3904 307 3978 vel
324 3907 476 3981 demum
495 3908 533 3980 in
551 3929 682 3979 verum
699 3930 749 3993 os,
767 3908 1002 3981 eonvertitur.

113 4031 289 4091 ccccxntr.
329 4019 432 4094 Hine
456 4020 575 4118 prima
598 4028 707 4093 aetate
743 4018 827 4117 plus
852 4020 1040 4119 sanguinis
1064 4040 1130 4115 pru

78 4126 137 4192 1⁸1⁸
148 4136 249 4221 parte
277 4129 315 4202 in
333 4132 482 4218 arteriis,
508 4141 680 4231 provecta
696 4141 821 4205 autem
839 4132 923 4229 plus
951 4133 990 4205 in
1015 4129 1130 4210 venia,

79 4234 284 4313 mutuetur:
321 4263 377 4316 res
413 4266 499 4317 sane
524 4242 624 4318 haud
660 4243 752 4319 levis
776 4241 968 4328 momenti,
994 4236 1130 4315 seilicet
