2678 4794
137 318 225 376 cae.
242 315 401 373 xxxvu.
453 312 675 370 nnmerum
693 312 982 373 rnronnrrcar.
1062 314 1069 325 ·
1145 310 1215 381 511

131 495 300 594 jusmodi
317 504 406 569 sunt
422 490 721 568 Mithridaticum
745 493 970 580 antidotum,
995 503 1034 569 et
1060 495 1219 576 theriaca

135 605 403 693 Andromaoli,
427 615 467 680 et
482 604 552 679 alia
569 605 740 704 quaedam
758 606 922 704 ejusdem
939 609 1084 706 generis
1100 635 1216 686 reme·

135 721 219 806 dia3
245 744 329 819 quae
341 718 506 816 quidem,
524 741 681 791 numero
693 740 814 792 rerum
827 741 874 791 ex
889 719 1025 816 quibus
1035 733 1216 813 constant,

134 832 288 906 ridicula
301 831 486 916 videntur,
503 839 543 902 et
554 851 632 929 non
642 829 830 904 immerito
847 831 1041 906 medicinae
1055 834 1215 912 dedecus

133 956 172 1019 et
189 945 417 1018 medicorum
434 940 674 1039 opprobrium
692 941 817 1015 habita
844 952 954 1028 sunt;
980 956 1111 1020 natura
1129 973 1233 1022 vero-

133 1081 275 1142 eomm,
291 1055 447 1128 minime
463 1063 551 1127 sunt
567 1052 742 1139 absurda;
767 1056 938 1153 quamvis
961 1057 1061 1130 enim
1085 1059 1216 1135 multae

130 1194 188 1243 res
206 1167 354 1243 inutiles
380 1176 419 1240 et
442 1190 574 1264 purum
591 1165 734 1239 idoneae
749 1167 788 1238 in
806 1167 850 1240 iis
866 1168 991 1254 insint,
1016 1173 1214 1246 aromatioa

130 1282 278 1380 aliaque
294 1278 522 1354 stimulantis
544 1277 824 1365 medicamenta,
847 1288 887 1352 et
901 1281 1043 1379 opium,
1069 1304 1214 1381 semper

88 1381 94 1389 ’
132 1393 310 1479 eminent,
320 1405 358 1465 et
363 1390 504 1488 junctis
514 1390 655 1465 viribus
664 1389 804 1464 bonurn
817 1393 1023 1467 remedium
1034 1394 1213 1472 efficiunt.

183 1525 461 1579 nccccnxxvn
480 1502 597 1576 Haud
614 1525 747 1601 parum
760 1525 856 1600 saepe
869 1503 1028 1600 prodest,
1045 1505 1163 1581 veluti
1174 1508 1214 1580 in

131 1615 310 1715 hydrope,
336 1617 431 1688 vires
447 1615 590 1714 argenti
607 1614 685 1688 vivi
701 1638 788 1688 cum
817 1613 899 1688 aliis
928 1615 1100 1691 remediis
1129 1641 1215 1692 oon·

124 1727 285 1826 jungere
302 1752 388 1825 quae
415 1726 461 1800 ad
487 1725 710 1800 eliciendum
736 1726 906 1801 sudorem
937 1729 1213 1827 praecipiuntur.

130 1840 218 1914 Hoc
247 1840 389 1939 optime
406 1837 450 1911 fit
467 1839 497 1910 si
514 1837 554 1912 id
578 1861 644 1935 per
671 1836 813 1935 aliquot
843 1839 921 1915 dies
950 1839 1054 1938 prius
1083 1840 1214 1915 datum

128 1952 241 2027 fuerit
275 1974 389 2047 quam
422 1947 491 2020 alia
523 1949 685 2023 remedia
718 1950 973 2039 adhibeantur,
1009 1961 1054 2026 ut
1081 1976 1214 2052 eorpus

127 2063 242 2163 probe
258 2060 446 2160 pervadat,
463 2066 502 2130 et
519 2083 558 2133 os
574 2058 849 2156 aliquantulum
867 2064 1013 2138 afficiat

180 2192 471 2249 Mcccunxxvn.
489 2170 685 2245 Diluentia
699 2171 853 2247 demum
867 2176 1135 2251 medicamenta
1153 2177 1211 2268 (si-

131 2287 283 2387 quidem
300 2283 568 2360 medioamenta
583 2282 705 2354 vocari
721 2283 881 2357 debeant
892 2284 996 2358 tales
1024 2295 1094 2383 res)
1124 2312 1212 2362 cum

127 2400 299 2475 omnibus
316 2397 392 2470 fere
408 2393 488 2468 aliis
503 2393 549 2465 ad
566 2394 860 2491 promovendum
876 2396 1062 2483 sudorem,
1079 2398 1118 2470 in
1136 2400 1212 2496 ple·

129 2513 252 2610 risque
269 2509 398 2584 saltem
430 2504 573 2590 morbis,
598 2515 698 2580 recte
721 2505 867 2592 dantur,
892 2508 1094 2604 praesertim
1125 2533 1211 2584 eum

129 2625 242 2698 sudor
253 2622 333 2721 jam
350 2618 569 2719 proruperit,
594 2616 655 2691 vel
679 2615 896 2717 aliquandiu
921 2618 1073 2694 fortasse
1089 2644 1212 2696 mana·

128 2736 236 2810 verit.
448 2804 449 2808 ,

183 2870 488 2923 mccccnxxvrn.
515 2847 657 2922 Praeter
681 2871 769 2921 vero
793 2846 872 2921 haec
900 2856 939 2921 et
968 2846 1099 2921 similia
1116 2846 1210 2921 bene
1313 2832 1317 2841 ’

125 2960 246 3034 multa
263 2960 542 3048 medicamenta,
568 2970 656 3035 sunt
673 2972 712 3033 et
728 2959 796 3032 alia
814 2959 985 3058 quaedam
1013 2959 1152 3034 auxilia
1169 2961 1209 3034 in

127 3073 262 3147 sudore
278 3072 457 3146 eliciendo
481 3071 750 3157 efficacissima3
775 3071 897 3169 qualia
925 3082 1014 3145 sunt
1030 3072 1129 3145 varia
1155 3096 1209 3145 re·

125 3184 249 3258 media
264 3184 499 3272 emollientia,
516 3183 636 3259 veluti
652 3181 826 3256 balneum
843 3181 1015 3270 ualidum,
1032 3183 1208 3273 fomenta,

125 3318 278 3395 vapores
294 3295 402 3369 calidi
419 3321 524 3394 aquae
547 3294 608 3369 vel
636 3292 820 3381 apotolo,
845 3305 882 3366 et
912 3294 1008 3368 oalor
1036 3296 1208 3393 denique,

125 3430 353 3506 quocunque
381 3405 457 3479 fere
487 3407 599 3479 modo
624 3406 814 3481 adhibitus
841 3404 963 3480 fuerit.
1014 3405 1110 3480 Haec
1126 3430 1208 3505 pro-

125 3521 238 3605 fecto,-
269 3527 403 3615 utpote
432 3543 515 3615 quae
544 3540 726 3591 summam
756 3530 882 3592 eutem
914 3517 1127 3592 mirabiliter
1155 3545 1209 3594 re·

124 3632 265 3718 laxant,
302 3629 489 3703 interdum
523 3629 572 3702 ad
605 3629 896 3728 oopiosissimum
930 3633 1206 3729 provocandum

125 3743 310 3829 sudorem,
347 3741 452 3815 nullo
479 3752 667 3838 assumpto
701 3744 979 3829 medicamento,
1005 3738 1206 3818 sufficiunt.

128 3855 234 3954 Saepe
250 3855 361 3928 etiam
380 3853 578 3928 necessaria
593 3863 693 3938 sunt,
717 3852 781 3943 vel·
795 3854 987 3931 utilissima
1012 3855 1207 3942 duntaxat,

123 3978 323 4065 antequam
348 3964 680 4039 medimmentaad
696 3965 918 4040 eliciendum
945 3966 1113 4041 sudorem
1144 3966 1206 4039 de·

123 4092 323 4163 vorentur3
348 4102 510 4176 quorum
527 4075 691 4164 effeetus,
716 4077 880 4178 alioquin
898 4080 1064 4176 exiguos,
1089 4088 1128 4152 et
1150 4079 1205 4152 in·

123 4201 316 4277 aestaset
343 4190 542 4289 aliquando
570 4190 790 4289 perniciosos
820 4190 966 4266 futuros
996 4187 1147 4281 (seilicet
1175 4191 1206 4264 si
