2678 4794
95 397 216 454 cans
370 393 592 451 MssnteINAE
611 378 899 458 rasoammb.
1112 393 1170 481 w11
1272 372 1280 391 ’

98 576 234 651 fortasse
249 573 413 673 adjicere
441 574 527 650 lioet
543 577 659 650 varias
675 576 774 650 vocis
798 573 1021 663 affectiones,
1045 602 1173 676 quam.

98 688 148 762 vis
180 687 349 787 profecto
373 686 433 760 hae
456 689 580 787 potius
619 687 666 761 ad
703 690 867 786 primum
893 690 1033 788 (xxlx)
1058 714 1174 788 genus

93 802 310 900 pertineant.

138 935 290 988 xxxin.
309 912 428 985 Porro
439 912 542 1011 signa
558 910 726 986 laesarum
742 913 930 987 actionum
948 913 1175 989 naturalium

94 1024 163 1122 (rx)
182 1024 312 1099 sedulo
329 1024 554 1098 observanda
573 1034 682 1110 sunt;
712 1024 829 1112 famis,
846 1025 991 1113 scilicet,
1014 1036 1081 1101 aut
1097 1027 1176 1103 sitis
1217 1110 1224 1121 ,

93 1136 267 1225 defectus,
295 1161 479 1225 excessus,
516 1135 739 1235 depravatio,
768 1137 931 1212 conditio
955 1140 1096 1238 quaevis
1120 1139 1199 1231 in„

96 1248 218 1334 solita,
252 1248 405 1323 actionis
431 1247 631 1322 mandendi
655 1260 693 1321 et
730 1249 929 1324 devorandi
965 1262 1003 1324 et
1027 1273 1175 1326 eoncoo

100 1360 210 1433 tionis
225 1361 321 1432 varia
337 1359 448 1444 vitia;
474 1370 514 1433 et
538 1359 612 1433 alvi
637 1367 754 1434 status
779 1360 837 1434 vel
863 1362 1020 1437 astrictae
1043 1374 1175 1461 praeter

102 1482 265 1545 naturam
282 1472 340 1546 vel
365 1472 476 1545 nimis
501 1471 653 1559 solutae3
679 1481 718 1545 et
742 1474 998 1559 secretionum,
1023 1485 1062 1548 et
1078 1499 1175 1574 quae,

98 1585 212 1682 magis
247 1584 317 1659 sub
354 1586 488 1659 nostris
523 1585 687 1660 sensibus
722 1585 874 1676 eadunt,
909 1589 1175 1675 excretionum,
1280 1646 1283 1652 .
1316 1660 1322 1674 ,

95 1697 296 1794 praesertim
314 1697 432 1772 urinae
447 1707 485 1772 et
510 1696 652 1771 sudoris
676 1721 855 1785 excessus,
880 1697 1055 1785 defectus,
1080 1698 1176 1773 diffi-

93 1807 217 1896 cultas,
257 1807 670 1907 depravatio.-Neque
707 1833 793 1882 sane
827 1808 1060 1908 negligendae
1088 1820 1176 1884 sunt

95 1919 255 1995 laesiones
279 1921 516 1996 functionum
533 1923 683 2019 utrique
708 1923 825 2010 sexui,
851 1920 1024 1996 muliebri
1049 1921 1176 2021 impri-

96 2034 172 2120 mis,
188 2034 434 2133 propriarum.

140 2169 289 2222 xxxiv.
334 2146 449 2233 Quod
482 2148 529 2221 ad
566 2174 691 2226 sensus
725 2150 887 2249 ingratos
917 2147 977 2223 vel
1002 2147 1176 2223 molestos

97 2257 247 2355 (mn)
273 2258 454 2359 pertinet;
479 2260 766 2359 frequentissimi
783 2263 996 2336 morborum
1023 2263 1176 2335 comites

101 2381 138 2442 et
160 2372 264 2470 signa
287 2372 549 2460 observantem
580 2399 741 2473 quorum
766 2374 874 2470 pauci
899 2372 1023 2468 aliqua
1047 2372 1177 2445 saltem

106 2480 267 2557 molestia
289 2495 423 2560 carent.
489 2485 578 2559 Non
613 2485 718 2559 aliter
754 2483 856 2556 enim
893 2507 935 2555 ac
960 2504 1069 2554 sanus
1104 2482 1178 2555 suis

106 2590 214 2680 facile,
231 2619 296 2669 nec
313 2597 392 2671 sine
401 2596 594 2695 voluptate
609 2595 783 2694 quadam,
808 2592 993 2692 plerisque
1010 2591 1181 2688 fungitur

104 2707 337 2794 muneribus3
367 2710 417 2783 sie
441 2734 549 2809 aeger,
587 2709 644 2784 his
670 2707 868 2806 impeditis,
894 2706 1005 2793 dolet,
1031 2706 1181 2804 angitur

102 2820 282 2919 variisque
305 2820 484 2895 molestiis
507 2822 675 2897 afficitur.
744 2821 871 2919 Igitur
902 2819 1044 2894 adhoc
1068 2828 1180 2917 eaput
1279 2816 1283 2825 ’

102 2933 299 3034 pertinent,
324 2933 439 3021 dolor,
464 2935 639 3021 anxietas,
664 2934 841 3032 pruritus,
866 2956 1067 3032 sensusque
1083 2931 1181 3006 lassi·

103 3043 251 3132 tudinis,
275 3047 445 3144 torporis,
470 3047 640 3145 stuporis,
656 3045 796 3136 caloris,
825 3046 980 3145 frigoris,
997 3043 1181 3144 ponderis,

105 3156 223 3230 etalii
260 3155 412 3232 forsitan
437 3157 532 3233 bene
555 3157 667 3233 multi
692 3182 819 3233 sensus
848 3159 997 3259 ingrati,
1034 3180 1181 3244 nausea,

106 3268 255 3366 vertigo,
292 3269 462 3357 tinnitus,
497 3272 562 3344 &a
614 3295 709 3371 quos
733 3270 886 3349 medicis
923 3269 995 3342 alib
1023 3266 1183 3377 relegare

105 3376 259 3475 placuit:
286 3396 449 3480 quorum
472 3383 654 3457 omnium¹
669 3392 773 3457 tanta
796 3383 854 3456 vis
878 3390 917 3455 et
932 3377 1100 3455 molestia
1116 3388 1183 3467 est,

105 3500 145 3563 ut
169 3515 345 3590 magnam
369 3517 465 3594 saepe
489 3494 610 3568 morbi
633 3504 778 3593 partem
803 3493 975 3581 efficiant,
1012 3503 1051 3566 et
1067 3515 1183 3590 aegros

105 3605 304 3679 miserrime
320 3606 472 3704 agitent,
489 3606 660 3707 fatigent,
678 3617 886 3707 torqueant,
903 3616 1074 3695 terreant,
1104 3617 1183 3680 tan·

104 3713 185 3789 dem
203 3728 324 3792 morte
339 3719 417 3816 ipsa
434 3719 666 3794 terribiliores
683 3720 836 3805 evasuri.
873 3718 1009 3815 Neque
1021 3719 1185 3817 profecto

106 3827 267 3924 periculo
292 3829 418 3928 aliquo
443 3854 587 3930 semper
610 3842 735 3906 carent
760 3831 850 3905 tales
876 3854 1002 3906 sensus
1027 3828 1183 3914 molesti,

73 4034 78 4047 ί
106 3939 378 4040 qualescunque
393 3942 533 4017 fuerint
549 3968 678 4018 eorum
694 3967 822 4020 musae.

37 4076 65 4149 p
152 4072 278 4128 xm.
304 4053 371 4128 Ad
393 4056 548 4131 tertium
572 4080 692 4154 genus
716 4056 907 4156 signorum
928 4053 1185 4129 morbidorum

110 4160 267 4266 lxxvn),
296 4168 456 4265 eorporis
483 4169 663 4267 nimirum
691 4169 888 4269 qualitates
904 4165 1114 4240 manifestas
1129 4161 1185 4236 vi-

113 4271 224 4365 tiatas,
251 4278 461 4356 referuntur
476 4304 533 4358 ras
549 4304 677 4359 omnes
693 4280 733 4359 in
749 4304 850 4382 aegro
864 4289 998 4379 praeter
1012 4279 1185 4353 naturam
