2678 4794
72 292 151 349 cnr.
168 295 244 349 xu.
347 295 564 351 mumolum
583 300 869 361 sunonemcn.
1070 301 1136 367 111

73 1119 156 1196 Car.
173 1119 388 1195 xrs-De
404 1119 505 1195 vitiis
516 1131 634 1197 azotos
645 1122 913 1209 masalma-m,-
937 1125 1135 1206 mobilitate

258 1232 384 1322 nimia,
401 1241 560 1333 torpore,
570 1233 758 1334 paralysi,
775 1262 930 1336 spasmo.

512 1593 658 1603 n*-

67 1928 212 1982 soetxx.
234 1856 395 1981 Vnius
427 1903 500 1981 illae
526 1906 653 1998 (ccciv,
680 1918 718 1982 et
742 1915 858 2007 seqq.)
885 1908 986 1984 unde
1011 1923 1134 1988 motus

66 2016 314 2127 musoulorum
329 2016 375 2090 fit
391 2018 518 2091 multis
533 2021 634 2093 vitiis
650 2021 820 2094 obnoxiae
837 2032 936 2106 sunt,
956 2046 1000 2096 eo
1017 2028 1133 2124 magis

65 2118 266 2207 attentione
281 2129 415 2229 dignis,
431 2130 533 2228 quod
545 2155 593 2204 ex
610 2131 665 2207 his
682 2133 847 2231 plerique
863 2135 1020 2233 eorporis
1038 2161 1132 2211 mor·

64 2240 321 2345 bipendeaut;
348 2254 530 2341 quatenus
543 2242 588 2316 ad
600 2269 728 2319 omnes
745 2245 951 2319 functiones
964 2247 1041 2320 vivi
1057 2249 1132 2320 ani-

63 2354 162 2430 malis
177 2354 321 2453 aliquid
339 2364 463 2428 motus
480 2355 730 2430 musculorum
748 2356 963 2454 requiratur.

70 2456 75 2467 ⁸
107 2490 284 2543 oeetxxt
312 2466 501 2541 Mobilitas
518 2467 596 2563 ipsa
607 2467 722 2539 nimia
738 2490 815 2538 esse
832 2476 961 2564 potest.
1012 2466 1133 2540 Probe

62 2576 363 2679 distinguendum
381 2589 436 2653 est
453 2578 546 2652 hanc
559 2578 655 2650 inter
666 2586 704 2650 et
715 2577 893 2676 vigorem.
944 2576 1134 2651 Mobilitas

60 2700 114 2764 est
129 2689 281 2767 facilitas
297 2715 372 2790 qua
387 2690 489 2765 fibrae
505 2688 756 2764 musculorum
785 2689 831 2762 ad
848 2688 1134 2764 contractionem

58 2803 219 2879 cientur:
246 2804 364 2903 vigor,
376 2816 512 2891 contra,
529 2813 585 2877 est
597 2800 653 2875 vis
665 2827 740 2900 qua
756 2802 915 2899 ipsarum
934 2802 1133 2876 contractio

58 2914 255 3012 perficitur.
322 2913 605 3013 Nonnunquam
632 2914 773 3012 juncta,
807 2914 940 3014 saepius
973 2915 1132 3001 adversa,

58 3022 134 3103 haee
148 3026 244 3103 vitia
259 3026 510 3115 observantur,
535 3027 804 3125 contrariasque
830 3026 904 3101 fere
929 3036 1136 3126 agnoscunt

57 3160 192 3213 sauses.

107 3271 299 3325 ooctxxu.
331 3248 522 3324 Mobilitas
551 3251 666 3325 nimia
693 3260 760 3338 est,
786 3252 814 3324 si
845 3248 996 3349 quando
1023 3248 1085 3322 vel
1112 3274 1134 3321 a

58 3357 213 3435 stimulo
231 3360 337 3459 justo
365 3361 502 3435 leviore
530 3374 655 3438 motus
679 3364 897 3449 excitantur,
924 3359 984 3433 vel
1009 3376 1133 3434 motus

58 3471 163 3546 nimii
178 3496 201 3546 a
216 3471 326 3548 solito
343 3472 517 3559 stimulo;
541 3475 642 3572 quod
661 3474 690 3549 si
703 3472 883 3560 acciderit,
900 3483 1025 3548 motus
1041 3497 1132 3572 quo·

60 3606 129 3681 que
143 3584 339 3659 abnormes
355 3609 432 3659 esse
448 3584 576 3660 solent

103 3719 313 3773 oentxxur.
339 3697 494 3771 Certum
519 3698 677 3796 corporis
700 3705 1045 3795 temperamentum,
1070 3696 1133 3771 ali·

64 3809 202 3905 qundo
229 3809 504 3897 hereditarium,
532 3809 699 3884 homines
726 3809 813 3884 huic
835 3810 929 3882 vitio
957 3820 1131 3909 opportu-

65 3921 267 3997 nosreddit.
320 3920 505 3996 Foemiuae
529 3921 741 4019 plusquam
760 3922 830 3995 viri
856 3920 1008 3999 mobiles
1033 3929 1130 3994 sunt.

66 4024 178 4107 Prima
194 4046 284 4109 aetas
301 4032 409 4106 valde
429 4031 579 4121 mobilis,
602 4056 697 4131 saepe
714 4033 846 4119 nimis;
866 4033 1048 4129 juventus
1065 4031 1132 4105 mi·

68 4158 125 4215 nus
139 4168 250 4243 quam
264 4142 429 4229 infantia,
447 4143 530 4241 plus
547 4170 660 4243 qnam
677 4144 791 4221 virilis
808 4158 902 4221 arar.
955 4144 1130 4219 Senectus
