<?xml version="1.0" encoding="UTF-8"?>
<!DOCTYPE html PUBLIC "-//W3C//DTD XHTML 1.0 Transitional//EN"
    "http://www.w3.org/TR/xhtml1/DTD/xhtml1-transitional.dtd">
<html xmlns="http://www.w3.org/1999/xhtml" xml:lang="en" lang="en">
 <head>
  <title>
</title>
<meta http-equiv="Content-Type" content="text/html;charset=utf-8" />
  <meta name='ocr-system' content='tesseract 3.04.00' />
  <meta name='ocr-capabilities' content='ocr_page ocr_carea ocr_par ocr_line ocrx_word'/>
</head>
<body>
  <div class='ocr_page' id='page_1' title='image "./conspectusmedic01greggoog_0246.png"; bbox 0 0 2678 4794; ppageno 0'>
   <div class='ocr_carea' id='block_1_1' title="bbox 99 325 1179 403">
    <p class='ocr_par' dir='ltr' id='par_1_1' title="bbox 99 325 1179 403">
     <span class='ocr_line' id='line_1_1' title="bbox 99 325 1179 403; baseline -0.001 -7"><span class='ocrx_word' id='word_1_1' title='bbox 99 341 186 396; x_wconf 77' lang='lat' dir='ltr'>cnr.</span> <span class='ocrx_word' id='word_1_2' title='bbox 204 338 290 394; x_wconf 85' lang='lat' dir='ltr'>xrx.</span> <span class='ocrx_word' id='word_1_3' title='bbox 381 336 600 394; x_wconf 73' lang='lat' dir='ltr'>immensa</span> <span class='ocrx_word' id='word_1_4' title='bbox 620 338 906 394; x_wconf 76' lang='lat' dir='ltr'>rusonarrcm.</span> <span class='ocrx_word' id='word_1_5' title='bbox 966 328 973 343; x_wconf 88' lang='lat'>&#39;</span> <span class='ocrx_word' id='word_1_6' title='bbox 1107 325 1179 403; x_wconf 76' lang='lat'>19⁶</span> 
     </span>
    </p>
   </div>
   <div class='ocr_carea' id='block_1_2' title="bbox 55 512 1218 3639">
    <p class='ocr_par' dir='ltr' id='par_1_2' title="bbox 55 512 1218 3639">
     <span class='ocr_line' id='line_1_2' title="bbox 100 512 1176 614; baseline 0 -22"><span class='ocrx_word' id='word_1_7' title='bbox 100 519 188 592; x_wconf 90' lang='lat' dir='ltr'>dere</span> <span class='ocrx_word' id='word_1_8' title='bbox 203 517 321 604; x_wconf 87' lang='lat' dir='ltr'>debet,</span> <span class='ocrx_word' id='word_1_9' title='bbox 342 520 437 592; x_wconf 87' lang='lat' dir='ltr'>actio</span> <span class='ocrx_word' id='word_1_10' title='bbox 454 517 663 605; x_wconf 89' lang='lat' dir='ltr'>devorandi,</span> <span class='ocrx_word' id='word_1_11' title='bbox 679 516 797 591; x_wconf 93' lang='lat' dir='ltr'>veluti</span> <span class='ocrx_word' id='word_1_12' title='bbox 813 516 852 589; x_wconf 91' lang='lat' dir='ltr'>in</span> <span class='ocrx_word' id='word_1_13' title='bbox 870 514 1030 614; x_wconf 77' lang='lat' dir='ltr'>angina,</span> <span class='ocrx_word' id='word_1_14' title='bbox 1043 512 1176 613; x_wconf 72' lang='lat' dir='ltr'>hydro·</span> 
     </span>
     <span class='ocr_line' id='line_1_3' title="bbox 94 618 1177 732; baseline -0.006 -26"><span class='ocrx_word' id='word_1_15' title='bbox 94 630 242 732; x_wconf 75' lang='lat' dir='ltr'>phebia,</span> <span class='ocrx_word' id='word_1_16' title='bbox 272 629 439 729; x_wconf 83' lang='lat' dir='ltr'><strong>paralysi,</strong></span> <span class='ocrx_word' id='word_1_17' title='bbox 469 618 612 705; x_wconf 89' lang='lat' dir='ltr'>summa</span> <span class='ocrx_word' id='word_1_18' title='bbox 638 630 799 729; x_wconf 90' lang='lat' dir='ltr'>denique</span> <span class='ocrx_word' id='word_1_19' title='bbox 831 628 1029 713; x_wconf 86' lang='lat' dir='ltr'>debilitate,</span> <span class='ocrx_word' id='word_1_20' title='bbox 1059 627 1177 725; x_wconf 87' lang='lat' dir='ltr'>qualis</span> 
     </span>
     <span class='ocr_line' id='line_1_4' title="bbox 99 740 1176 840; baseline -0.006 -23"><span class='ocrx_word' id='word_1_21' title='bbox 99 743 165 817; x_wconf 89' lang='lat' dir='ltr'>sub</span> <span class='ocrx_word' id='word_1_22' title='bbox 181 743 298 816; x_wconf 86' lang='lat' dir='ltr'>finem</span> <span class='ocrx_word' id='word_1_23' title='bbox 314 742 519 818; x_wconf 88' lang='lat' dir='ltr'>multorum</span> <span class='ocrx_word' id='word_1_24' title='bbox 537 743 757 829; x_wconf 86' lang='lat' dir='ltr'><strong>morborum,</strong></span> <span class='ocrx_word' id='word_1_25' title='bbox 785 741 986 840; x_wconf 82' lang='lat' dir='ltr'>praesertim</span> <span class='ocrx_word' id='word_1_26' title='bbox 1006 740 1176 826; x_wconf 90' lang='lat' dir='ltr'>febrium,</span> 
     </span>
     <span class='ocr_line' id='line_1_5' title="bbox 96 852 1218 954; baseline -0.005 -24"><span class='ocrx_word' id='word_1_27' title='bbox 96 856 251 930; x_wconf 87' lang='lat' dir='ltr'>accidit:</span> <span class='ocrx_word' id='word_1_28' title='bbox 278 857 426 953; x_wconf 86' lang='lat' dir='ltr'>signum</span> <span class='ocrx_word' id='word_1_29' title='bbox 443 867 528 930; x_wconf 91' lang='lat' dir='ltr'>tum</span> <span class='ocrx_word' id='word_1_30' title='bbox 544 857 755 954; x_wconf 89' lang='lat' dir='ltr'>pessimum,</span> <span class='ocrx_word' id='word_1_31' title='bbox 772 856 839 928; x_wconf 81' lang='lat' dir='ltr'>vix</span> <span class='ocrx_word' id='word_1_32' title='bbox 855 878 930 928; x_wconf 93' lang='lat' dir='ltr'>non</span> <span class='ocrx_word' id='word_1_33' title='bbox 948 852 1089 926; x_wconf 88' lang='lat' dir='ltr'>lethale.</span> <span class='ocrx_word' id='word_1_34' title='bbox 1215 870 1218 875; x_wconf 90' lang='grc'><em>·</em></span> 
     </span>
     <span class='ocr_line' id='line_1_6' title="bbox 142 965 1177 1065; baseline -0.004 -23"><span class='ocrx_word' id='word_1_35' title='bbox 142 990 291 1043; x_wconf 79' lang='lat' dir='ltr'>nemu.</span> <span class='ocrx_word' id='word_1_36' title='bbox 310 967 488 1042; x_wconf 79' lang='lat' dir='ltr'>Cibotum</span> <span class='ocrx_word' id='word_1_37' title='bbox 505 992 593 1041; x_wconf 88' lang='lat' dir='ltr'>vero</span> <span class='ocrx_word' id='word_1_38' title='bbox 603 968 682 1065; x_wconf 90' lang='lat' dir='ltr'>jam</span> <span class='ocrx_word' id='word_1_39' title='bbox 699 969 737 1041; x_wconf 92' lang='lat' dir='ltr'>in</span> <span class='ocrx_word' id='word_1_40' title='bbox 755 965 1002 1041; x_wconf 89' lang='lat' dir='ltr'>ventriculum</span> <span class='ocrx_word' id='word_1_41' title='bbox 1016 975 1177 1063; x_wconf 78' lang='lat' dir='ltr'>recepto·</span> 
     </span>
     <span class='ocr_line' id='line_1_7' title="bbox 98 1077 1178 1179; baseline -0.002 -26"><span class='ocrx_word' id='word_1_42' title='bbox 98 1104 182 1154; x_wconf 91' lang='lat' dir='ltr'>rum</span> <span class='ocrx_word' id='word_1_43' title='bbox 206 1079 398 1153; x_wconf 89' lang='lat' dir='ltr'>concoctio</span> <span class='ocrx_word' id='word_1_44' title='bbox 422 1081 617 1179; x_wconf 77' lang='lat' dir='ltr'>saepissime</span> <span class='ocrx_word' id='word_1_45' title='bbox 632 1081 794 1167; x_wconf 87' lang='lat' dir='ltr'>vitiatur,</span> <span class='ocrx_word' id='word_1_46' title='bbox 823 1104 909 1154; x_wconf 88' lang='lat' dir='ltr'>eum</span> <span class='ocrx_word' id='word_1_47' title='bbox 938 1078 1075 1177; x_wconf 89' lang='lat' dir='ltr'>majore</span> <span class='ocrx_word' id='word_1_48' title='bbox 1103 1077 1178 1175; x_wconf 88' lang='lat' dir='ltr'>ple·</span> 
     </span>
     <span class='ocr_line' id='line_1_8' title="bbox 100 1190 1055 1291; baseline -0.001 -24"><span class='ocrx_word' id='word_1_49' title='bbox 100 1214 260 1289; x_wconf 82' lang='lat' dir='ltr'>rumque</span> <span class='ocrx_word' id='word_1_50' title='bbox 275 1194 488 1291; x_wconf 77' lang='lat' dir='ltr'>aegrotantis</span> <span class='ocrx_word' id='word_1_51' title='bbox 503 1193 738 1267; x_wconf 87' lang='lat' dir='ltr'>incommodo</span> <span class='ocrx_word' id='word_1_52' title='bbox 754 1216 867 1290; x_wconf 88' lang='lat' dir='ltr'>quam</span> <span class='ocrx_word' id='word_1_53' title='bbox 884 1190 1055 1290; x_wconf 81' lang='lat' dir='ltr'>periculo</span> 
     </span>
     <span class='ocr_line' id='line_1_9' title="bbox 149 1303 1178 1403; baseline -0.001 -26"><span class='ocrx_word' id='word_1_54' title='bbox 149 1325 284 1379; x_wconf 68' lang='lat' dir='ltr'>norw.</span> <span class='ocrx_word' id='word_1_55' title='bbox 316 1304 572 1403; x_wconf 90' lang='lat' dir='ltr'>Concoquitur</span> <span class='ocrx_word' id='word_1_56' title='bbox 587 1304 693 1393; x_wconf 91' lang='lat' dir='ltr'>male,</span> <span class='ocrx_word' id='word_1_57' title='bbox 710 1304 899 1403; x_wconf 88' lang='lat' dir='ltr'>imprimis,</span> <span class='ocrx_word' id='word_1_58' title='bbox 917 1313 1065 1402; x_wconf 89' lang='lat' dir='ltr'>propter</span> <span class='ocrx_word' id='word_1_59' title='bbox 1080 1303 1178 1401; x_wconf 84' lang='lat' dir='ltr'>ipsos</span> 
     </span>
     <span class='ocr_line' id='line_1_10' title="bbox 108 1413 1178 1514; baseline -0.001 -27"><span class='ocrx_word' id='word_1_60' title='bbox 108 1413 219 1502; x_wconf 87' lang='lat' dir='ltr'>cibos,</span> <span class='ocrx_word' id='word_1_61' title='bbox 240 1417 455 1513; x_wconf 86' lang='lat' dir='ltr'>quantitate,</span> <span class='ocrx_word' id='word_1_62' title='bbox 492 1415 679 1514; x_wconf 83' lang='lat' dir='ltr'>qualitate,</span> <span class='ocrx_word' id='word_1_63' title='bbox 705 1417 867 1489; x_wconf 84' lang='lat' dir='ltr'>mixture</span> <span class='ocrx_word' id='word_1_64' title='bbox 890 1417 1013 1489; x_wconf 91' lang='lat' dir='ltr'>minus</span> <span class='ocrx_word' id='word_1_65' title='bbox 1037 1414 1178 1488; x_wconf 81' lang='lat' dir='ltr'>idoneis</span> 
     </span>
     <span class='ocr_line' id='line_1_11' title="bbox 106 1524 1178 1626; baseline -0.001 -27"><span class='ocrx_word' id='word_1_66' title='bbox 106 1536 279 1624; x_wconf 88' lang='lat' dir='ltr'>sumptos,</span> <span class='ocrx_word' id='word_1_67' title='bbox 312 1552 436 1626; x_wconf 90' lang='lat' dir='ltr'>neque</span> <span class='ocrx_word' id='word_1_68' title='bbox 474 1538 517 1603; x_wconf 92' lang='lat' dir='ltr'>ut</span> <span class='ocrx_word' id='word_1_69' title='bbox 542 1527 648 1602; x_wconf 89' lang='lat' dir='ltr'>decet</span> <span class='ocrx_word' id='word_1_70' title='bbox 681 1529 720 1602; x_wconf 94' lang='lat' dir='ltr'>in</span> <span class='ocrx_word' id='word_1_71' title='bbox 744 1552 807 1601; x_wconf 90' lang='lat' dir='ltr'>ore</span> <span class='ocrx_word' id='word_1_72' title='bbox 831 1527 1035 1612; x_wconf 67' lang='lat' dir='ltr'>confectum</span> <span class='ocrx_word' id='word_1_73' title='bbox 1077 1524 1178 1599; x_wconf 83' lang='lat' dir='ltr'>unde</span> 
     </span>
     <span class='ocr_line' id='line_1_12' title="bbox 105 1639 1178 1737; baseline 0.001 -26"><span class='ocrx_word' id='word_1_74' title='bbox 105 1639 337 1727; x_wconf 87' lang='lat' dir='ltr'>ventriculus,</span> <span class='ocrx_word' id='word_1_75' title='bbox 363 1639 423 1714; x_wconf 91' lang='lat' dir='ltr'>vel</span> <span class='ocrx_word' id='word_1_76' title='bbox 447 1641 563 1714; x_wconf 92' lang='lat' dir='ltr'>nimio</span> <span class='ocrx_word' id='word_1_77' title='bbox 587 1663 697 1714; x_wconf 91' lang='lat' dir='ltr'>onere</span> <span class='ocrx_word' id='word_1_78' title='bbox 723 1640 905 1713; x_wconf 84' lang='lat' dir='ltr'>distentus</span> <span class='ocrx_word' id='word_1_79' title='bbox 934 1649 973 1712; x_wconf 89' lang='lat' dir='ltr'>et</span> <span class='ocrx_word' id='word_1_80' title='bbox 994 1647 1178 1737; x_wconf 81' lang='lat' dir='ltr'>gravatus,</span> 
     </span>
     <span class='ocr_line' id='line_1_13' title="bbox 100 1750 1181 1850; baseline 0 -29"><span class='ocrx_word' id='word_1_81' title='bbox 100 1770 222 1848; x_wconf 91' lang='lat' dir='ltr'>neque</span> <span class='ocrx_word' id='word_1_82' title='bbox 254 1751 394 1826; x_wconf 91' lang='lat' dir='ltr'>solvere</span> <span class='ocrx_word' id='word_1_83' title='bbox 420 1776 542 1850; x_wconf 90' lang='lat' dir='ltr'>neque</span> <span class='ocrx_word' id='word_1_84' title='bbox 574 1751 773 1850; x_wconf 89' lang='lat' dir='ltr'>propellere</span> <span class='ocrx_word' id='word_1_85' title='bbox 806 1761 929 1849; x_wconf 90' lang='lat' dir='ltr'>potest</span> <span class='ocrx_word' id='word_1_86' title='bbox 960 1750 1059 1823; x_wconf 92' lang='lat' dir='ltr'>cibos</span> <span class='ocrx_word' id='word_1_87' title='bbox 1087 1770 1181 1845; x_wconf 83' lang='lat' dir='ltr'>quos</span> 
     </span>
     <span class='ocr_line' id='line_1_14' title="bbox 102 1858 1181 1951; baseline -0.005 -16"><span class='ocrx_word' id='word_1_88' title='bbox 102 1863 289 1949; x_wconf 82' lang='lat' dir='ltr'>continet3</span> <span class='ocrx_word' id='word_1_89' title='bbox 327 1862 388 1937; x_wconf 90' lang='lat' dir='ltr'>vel</span> <span class='ocrx_word' id='word_1_90' title='bbox 416 1887 533 1937; x_wconf 82' lang='lat' dir='ltr'>massa</span> <span class='ocrx_word' id='word_1_91' title='bbox 560 1862 795 1951; x_wconf 84' lang='lat' dir='ltr'>alimentaria,</span> <span class='ocrx_word' id='word_1_92' title='bbox 829 1873 894 1937; x_wconf 88' lang='lat' dir='ltr'>aut</span> <span class='ocrx_word' id='word_1_93' title='bbox 922 1858 1181 1935; x_wconf 77' lang='lat' dir='ltr'>indissolubilis</span> 
     </span>
     <span class='ocr_line' id='line_1_15' title="bbox 102 1971 1183 2075; baseline -0.002 -29"><span class='ocrx_word' id='word_1_94' title='bbox 102 1975 221 2048; x_wconf 87' lang='lat' dir='ltr'>autin</span> <span class='ocrx_word' id='word_1_95' title='bbox 240 1975 512 2072; x_wconf 85' lang='lat' dir='ltr'>corruptionem</span> <span class='ocrx_word' id='word_1_96' title='bbox 529 1975 639 2050; x_wconf 92' lang='lat' dir='ltr'>nimis</span> <span class='ocrx_word' id='word_1_97' title='bbox 656 2000 780 2075; x_wconf 88' lang='lat' dir='ltr'>prona,</span> <span class='ocrx_word' id='word_1_98' title='bbox 807 1976 909 2050; x_wconf 85' lang='lat' dir='ltr'>brevi</span> <span class='ocrx_word' id='word_1_99' title='bbox 935 1971 1183 2048; x_wconf 88' lang='lat' dir='ltr'>fermentescit</span> 
     </span>
     <span class='ocr_line' id='line_1_16' title="bbox 101 2083 1181 2187; baseline -0.001 -30"><span class='ocrx_word' id='word_1_100' title='bbox 101 2094 213 2183; x_wconf 86' lang='lat' dir='ltr'>atque</span> <span class='ocrx_word' id='word_1_101' title='bbox 228 2089 487 2186; x_wconf 85' lang='lat' dir='ltr'>corrumpitur,</span> <span class='ocrx_word' id='word_1_102' title='bbox 503 2088 643 2162; x_wconf 88' lang='lat' dir='ltr'>viribus</span> <span class='ocrx_word' id='word_1_103' title='bbox 660 2089 866 2176; x_wconf 89' lang='lat' dir='ltr'>ventriculi,</span> <span class='ocrx_word' id='word_1_104' title='bbox 884 2112 969 2187; x_wconf 84' lang='lat' dir='ltr'>quae</span> <span class='ocrx_word' id='word_1_105' title='bbox 994 2089 1101 2160; x_wconf 90' lang='lat' dir='ltr'>istam</span> <span class='ocrx_word' id='word_1_106' title='bbox 1119 2083 1181 2157; x_wconf 84' lang='lat' dir='ltr'>ali·</span> 
     </span>
     <span class='ocr_line' id='line_1_17' title="bbox 99 2199 1183 2298; baseline -0.002 -27"><span class='ocrx_word' id='word_1_107' title='bbox 99 2207 311 2272; x_wconf 86' lang='lat' dir='ltr'>mentorum</span> <span class='ocrx_word' id='word_1_108' title='bbox 327 2200 373 2272; x_wconf 91' lang='lat' dir='ltr'>ad</span> <span class='ocrx_word' id='word_1_109' title='bbox 391 2199 685 2274; x_wconf 89' lang='lat' dir='ltr'>fermentandum</span> <span class='ocrx_word' id='word_1_110' title='bbox 698 2200 966 2298; x_wconf 82' lang='lat' dir='ltr'>proclivitatem</span> <span class='ocrx_word' id='word_1_111' title='bbox 979 2208 1183 2295; x_wconf 83' lang='lat' dir='ltr'>temperare</span> 
     </span>
     <span class='ocr_line' id='line_1_18' title="bbox 101 2308 820 2409; baseline 0.003 -26"><span class='ocrx_word' id='word_1_112' title='bbox 101 2308 239 2384; x_wconf 88' lang='lat' dir='ltr'>debent</span> <span class='ocrx_word' id='word_1_113' title='bbox 256 2310 435 2407; x_wconf 82' lang='lat' dir='ltr'>(ncxxx),</span> <span class='ocrx_word' id='word_1_114' title='bbox 454 2336 586 2409; x_wconf 90' lang='lat' dir='ltr'>parum</span> <span class='ocrx_word' id='word_1_115' title='bbox 602 2311 820 2385; x_wconf 81' lang='lat' dir='ltr'>valentibus.</span> 
     </span>
     <span class='ocr_line' id='line_1_19' title="bbox 145 2420 1181 2520; baseline -0.007 -24"><span class='ocrx_word' id='word_1_116' title='bbox 145 2443 268 2497; x_wconf 73' lang='lat' dir='ltr'>ncuv,</span> <span class='ocrx_word' id='word_1_117' title='bbox 287 2422 372 2496; x_wconf 90' lang='lat' dir='ltr'>Cibi</span> <span class='ocrx_word' id='word_1_118' title='bbox 388 2447 474 2496; x_wconf 91' lang='lat' dir='ltr'>vero</span> <span class='ocrx_word' id='word_1_119' title='bbox 491 2423 633 2520; x_wconf 91' lang='lat' dir='ltr'>optimi,</span> <span class='ocrx_word' id='word_1_120' title='bbox 650 2434 688 2495; x_wconf 89' lang='lat' dir='ltr'>et</span> <span class='ocrx_word' id='word_1_121' title='bbox 701 2433 877 2497; x_wconf 88' lang='lat' dir='ltr'>eoncoctu</span> <span class='ocrx_word' id='word_1_122' title='bbox 887 2420 1060 2504; x_wconf 89' lang='lat' dir='ltr'>facillimi,</span> <span class='ocrx_word' id='word_1_123' title='bbox 1073 2441 1181 2516; x_wconf 89' lang='lat' dir='ltr'>prop-</span> 
     </span>
     <span class='ocr_line' id='line_1_20' title="bbox 55 2532 1181 2632; baseline -0.007 -23"><span class='ocrx_word' id='word_1_124' title='bbox 55 2610 59 2617; x_wconf 72' lang='lat'>,</span> <span class='ocrx_word' id='word_1_125' title='bbox 102 2542 154 2609; x_wconf 88' lang='lat' dir='ltr'>ter</span> <span class='ocrx_word' id='word_1_126' title='bbox 169 2535 264 2609; x_wconf 87' lang='lat' dir='ltr'>vitia</span> <span class='ocrx_word' id='word_1_127' title='bbox 280 2535 374 2608; x_wconf 90' lang='lat' dir='ltr'>bene</span> <span class='ocrx_word' id='word_1_128' title='bbox 390 2535 509 2609; x_wconf 87' lang='lat' dir='ltr'>multa</span> <span class='ocrx_word' id='word_1_129' title='bbox 520 2535 635 2631; x_wconf 86' lang='lat' dir='ltr'>ipsius</span> <span class='ocrx_word' id='word_1_130' title='bbox 647 2535 854 2620; x_wconf 92' lang='lat' dir='ltr'>ventriculi,</span> <span class='ocrx_word' id='word_1_131' title='bbox 872 2545 910 2607; x_wconf 91' lang='lat' dir='ltr'>et</span> <span class='ocrx_word' id='word_1_132' title='bbox 922 2532 1083 2632; x_wconf 82' lang='lat' dir='ltr'>partium</span> <span class='ocrx_word' id='word_1_133' title='bbox 1097 2552 1181 2626; x_wconf 83' lang='lat' dir='ltr'>quae</span> 
     </span>
     <span class='ocr_line' id='line_1_21' title="bbox 102 2639 1183 2745; baseline -0.007 -24"><span class='ocrx_word' id='word_1_134' title='bbox 102 2647 286 2745; x_wconf 76' lang='lat' dir='ltr'>precipue</span> <span class='ocrx_word' id='word_1_135' title='bbox 303 2670 389 2720; x_wconf 89' lang='lat' dir='ltr'>cum</span> <span class='ocrx_word' id='word_1_136' title='bbox 406 2671 450 2721; x_wconf 88' lang='lat' dir='ltr'>eo</span> <span class='ocrx_word' id='word_1_137' title='bbox 475 2646 721 2733; x_wconf 88' lang='lat' dir='ltr'>consentiunt,</span> <span class='ocrx_word' id='word_1_138' title='bbox 746 2646 807 2719; x_wconf 91' lang='lat' dir='ltr'>vel</span> <span class='ocrx_word' id='word_1_139' title='bbox 832 2645 993 2743; x_wconf 87' lang='lat' dir='ltr'>denique</span> <span class='ocrx_word' id='word_1_140' title='bbox 1020 2639 1183 2716; x_wconf 87' lang='lat' dir='ltr'>universi</span> 
     </span>
     <span class='ocr_line' id='line_1_22' title="bbox 103 2759 805 2858; baseline 0 -27"><span class='ocrx_word' id='word_1_141' title='bbox 103 2759 271 2858; x_wconf 90' lang='lat' dir='ltr'>corporis,</span> <span class='ocrx_word' id='word_1_142' title='bbox 287 2783 385 2856; x_wconf 86' lang='lat' dir='ltr'>aegre</span> <span class='ocrx_word' id='word_1_143' title='bbox 402 2783 497 2856; x_wconf 82' lang='lat' dir='ltr'>saepe</span> <span class='ocrx_word' id='word_1_144' title='bbox 513 2770 805 2856; x_wconf 87' lang='lat' dir='ltr'>concoquuntur.</span> 
     </span>
     <span class='ocr_line' id='line_1_23' title="bbox 148 2868 1181 2956; baseline -0.007 -12"><span class='ocrx_word' id='word_1_145' title='bbox 148 2892 284 2945; x_wconf 74' lang='lat' dir='ltr'>ncnvr.</span> <span class='ocrx_word' id='word_1_146' title='bbox 304 2870 484 2944; x_wconf 87' lang='lat' dir='ltr'>Defectus</span> <span class='ocrx_word' id='word_1_147' title='bbox 502 2871 702 2944; x_wconf 88' lang='lat' dir='ltr'>humorum</span> <span class='ocrx_word' id='word_1_148' title='bbox 717 2870 923 2956; x_wconf 87' lang='lat' dir='ltr'>ventriculi,</span> <span class='ocrx_word' id='word_1_149' title='bbox 941 2868 1039 2942; x_wconf 89' lang='lat' dir='ltr'>varia</span> <span class='ocrx_word' id='word_1_150' title='bbox 1051 2888 1181 2941; x_wconf 90' lang='lat' dir='ltr'>eorun-</span> 
     </span>
     <span class='ocr_line' id='line_1_24' title="bbox 104 2978 1182 3081; baseline -0.005 -27"><span class='ocrx_word' id='word_1_151' title='bbox 104 2978 186 3055; x_wconf 85' lang='lat' dir='ltr'>dem</span> <span class='ocrx_word' id='word_1_152' title='bbox 211 2981 314 3068; x_wconf 90' lang='lat' dir='ltr'>vitia,</span> <span class='ocrx_word' id='word_1_153' title='bbox 340 2982 508 3056; x_wconf 89' lang='lat' dir='ltr'>debilitas</span> <span class='ocrx_word' id='word_1_154' title='bbox 532 2982 705 3057; x_wconf 84' lang='lat' dir='ltr'>fibrarum</span> <span class='ocrx_word' id='word_1_155' title='bbox 724 2983 860 3081; x_wconf 88' lang='lat' dir='ltr'>quibus</span> <span class='ocrx_word' id='word_1_156' title='bbox 877 2981 1102 3055; x_wconf 88' lang='lat' dir='ltr'>ventriculus</span> <span class='ocrx_word' id='word_1_157' title='bbox 1127 2978 1182 3049; x_wconf 92' lang='lat' dir='ltr'>in·</span> 
     </span>
     <span class='ocr_line' id='line_1_25' title="bbox 106 3092 1183 3195; baseline -0.005 -30"><span class='ocrx_word' id='word_1_158' title='bbox 106 3094 267 3182; x_wconf 87' lang='lat' dir='ltr'>struitur,</span> <span class='ocrx_word' id='word_1_159' title='bbox 291 3095 493 3168; x_wconf 89' lang='lat' dir='ltr'>obstructio</span> <span class='ocrx_word' id='word_1_160' title='bbox 508 3097 648 3193; x_wconf 72' lang='lat' dir='ltr'>quaevis</span> <span class='ocrx_word' id='word_1_161' title='bbox 664 3097 758 3169; x_wconf 90' lang='lat' dir='ltr'>circa</span> <span class='ocrx_word' id='word_1_162' title='bbox 768 3093 956 3195; x_wconf 75' lang='lat' dir='ltr'>pylorum,</span> <span class='ocrx_word' id='word_1_163' title='bbox 973 3092 1091 3192; x_wconf 89' lang='lat' dir='ltr'>qualis</span> <span class='ocrx_word' id='word_1_164' title='bbox 1107 3109 1183 3161; x_wconf 91' lang='lat' dir='ltr'>non</span> 
     </span>
     <span class='ocr_line' id='line_1_26' title="bbox 109 3200 1183 3305; baseline -0.001 -32"><span class='ocrx_word' id='word_1_165' title='bbox 109 3203 193 3277; x_wconf 89' lang='lat' dir='ltr'>sinit</span> <span class='ocrx_word' id='word_1_166' title='bbox 214 3205 463 3279; x_wconf 85' lang='lat' dir='ltr'>ventriculum</span> <span class='ocrx_word' id='word_1_167' title='bbox 490 3231 644 3280; x_wconf 88' lang='lat' dir='ltr'>massam</span> <span class='ocrx_word' id='word_1_168' title='bbox 669 3231 783 3305; x_wconf 84' lang='lat' dir='ltr'>quam</span> <span class='ocrx_word' id='word_1_169' title='bbox 809 3208 975 3282; x_wconf 90' lang='lat' dir='ltr'>continet</span> <span class='ocrx_word' id='word_1_170' title='bbox 999 3200 1183 3277; x_wconf 88' lang='lat' dir='ltr'>intestinis</span> 
     </span>
     <span class='ocr_line' id='line_1_27' title="bbox 110 3313 1185 3411; baseline -0.002 -26"><span class='ocrx_word' id='word_1_171' title='bbox 110 3313 264 3403; x_wconf 73' lang='lat' dir='ltr'>tradere,</span> <span class='ocrx_word' id='word_1_172' title='bbox 295 3317 432 3391; x_wconf 84' lang='lat' dir='ltr'>tardior</span> <span class='ocrx_word' id='word_1_173' title='bbox 456 3317 714 3395; x_wconf 88' lang='lat' dir='ltr'>intestinorum</span> <span class='ocrx_word' id='word_1_174' title='bbox 741 3330 878 3405; x_wconf 88' lang='lat' dir='ltr'>motus,</span> <span class='ocrx_word' id='word_1_175' title='bbox 904 3316 995 3390; x_wconf 86' lang='lat' dir='ltr'>varii</span> <span class='ocrx_word' id='word_1_176' title='bbox 1019 3316 1185 3411; x_wconf 88' lang='lat' dir='ltr'>ipsorum</span> 
     </span>
     <span class='ocr_line' id='line_1_28' title="bbox 108 3424 1185 3528; baseline -0.002 -30"><span class='ocrx_word' id='word_1_177' title='bbox 108 3426 232 3515; x_wconf 86' lang='lat' dir='ltr'>morbi,</span> <span class='ocrx_word' id='word_1_178' title='bbox 258 3428 455 3502; x_wconf 90' lang='lat' dir='ltr'>infirmitas</span> <span class='ocrx_word' id='word_1_179' title='bbox 479 3432 637 3527; x_wconf 89' lang='lat' dir='ltr'>corporis</span> <span class='ocrx_word' id='word_1_180' title='bbox 672 3430 860 3528; x_wconf 81' lang='lat' dir='ltr'>generalis,</span> <span class='ocrx_word' id='word_1_181' title='bbox 889 3430 965 3502; x_wconf 88' lang='lat' dir='ltr'>sive</span> <span class='ocrx_word' id='word_1_182' title='bbox 992 3449 1014 3498; x_wconf 87' lang='lat' dir='ltr'>a</span> <span class='ocrx_word' id='word_1_183' title='bbox 1037 3424 1185 3510; x_wconf 86' lang='lat' dir='ltr'>morbis,</span> 
     </span>
     <span class='ocr_line' id='line_1_29' title="bbox 107 3536 1184 3639; baseline -0.002 -30"><span class='ocrx_word' id='word_1_184' title='bbox 107 3537 178 3613; x_wconf 89' lang='lat' dir='ltr'>sive</span> <span class='ocrx_word' id='word_1_185' title='bbox 212 3566 235 3613; x_wconf 93' lang='lat' dir='ltr'>a</span> <span class='ocrx_word' id='word_1_186' title='bbox 267 3542 443 3639; x_wconf 88' lang='lat' dir='ltr'>gravibus</span> <span class='ocrx_word' id='word_1_187' title='bbox 476 3542 590 3614; x_wconf 91' lang='lat' dir='ltr'>animi</span> <span class='ocrx_word' id='word_1_188' title='bbox 619 3542 820 3630; x_wconf 75' lang='lat' dir='ltr'>affectibus</span> <span class='ocrx_word' id='word_1_189' title='bbox 854 3543 932 3615; x_wconf 88' lang='lat' dir='ltr'>sive</span> <span class='ocrx_word' id='word_1_190' title='bbox 964 3564 985 3611; x_wconf 90' lang='lat' dir='ltr'>a</span> <span class='ocrx_word' id='word_1_191' title='bbox 1017 3536 1184 3635; x_wconf 78' lang='lat' dir='ltr'>neglecta</span> 
     </span>
    </p>
   </div>
   <div class='ocr_carea' id='block_1_3' title="bbox 107 3652 1310 3752">
    <p class='ocr_par' dir='ltr' id='par_1_3' title="bbox 107 3652 1310 3752">
     <span class='ocr_line' id='line_1_30' title="bbox 107 3652 1310 3752; baseline 0.005 -30"><span class='ocrx_word' id='word_1_192' title='bbox 107 3652 387 3738; x_wconf 86' lang='lat' dir='ltr'>exercitatione;</span> <span class='ocrx_word' id='word_1_193' title='bbox 428 3677 618 3752; x_wconf 88' lang='lat' dir='ltr'>suppressa</span> <span class='ocrx_word' id='word_1_194' title='bbox 646 3653 811 3740; x_wconf 92' lang='lat' dir='ltr'>demum,</span> <span class='ocrx_word' id='word_1_195' title='bbox 845 3653 904 3727; x_wconf 88' lang='lat' dir='ltr'>vel</span> <span class='ocrx_word' id='word_1_196' title='bbox 938 3652 1080 3725; x_wconf 86' lang='lat' dir='ltr'>minuta</span> <span class='ocrx_word' id='word_1_197' title='bbox 1120 3666 1185 3744; x_wconf 74' lang='lat' dir='ltr'>pet</span> <span class='ocrx_word' id='word_1_198' title='bbox 1302 3720 1310 3737; x_wconf 83' lang='grc'><em>,</em></span> 
     </span>
    </p>
   </div>
   <div class='ocr_carea' id='block_1_4' title="bbox 107 3759 1188 4404">
    <p class='ocr_par' dir='ltr' id='par_1_4' title="bbox 107 3759 1188 4404">
     <span class='ocr_line' id='line_1_31' title="bbox 108 3759 1185 3862; baseline -0.006 -27"><span class='ocrx_word' id='word_1_199' title='bbox 108 3772 226 3838; x_wconf 87' lang='lat' dir='ltr'>cutem</span> <span class='ocrx_word' id='word_1_200' title='bbox 257 3764 452 3851; x_wconf 82' lang='lat' dir='ltr'>exhalatio,</span> <span class='ocrx_word' id='word_1_201' title='bbox 481 3766 528 3839; x_wconf 89' lang='lat' dir='ltr'>ab</span> <span class='ocrx_word' id='word_1_202' title='bbox 543 3765 700 3861; x_wconf 85' lang='lat' dir='ltr'>ignavia,</span> <span class='ocrx_word' id='word_1_203' title='bbox 727 3765 788 3837; x_wconf 93' lang='lat' dir='ltr'>vel</span> <span class='ocrx_word' id='word_1_204' title='bbox 815 3790 835 3837; x_wconf 87' lang='lat' dir='ltr'>a</span> <span class='ocrx_word' id='word_1_205' title='bbox 861 3765 1003 3862; x_wconf 86' lang='lat' dir='ltr'>frigore,</span> <span class='ocrx_word' id='word_1_206' title='bbox 1029 3759 1185 3860; x_wconf 90' lang='lat' dir='ltr'>pedibus</span> 
     </span>
     <span class='ocr_line' id='line_1_32' title="bbox 109 3872 1185 3971; baseline -0.01 -21"><span class='ocrx_word' id='word_1_207' title='bbox 109 3877 305 3968; x_wconf 77' lang='lat' dir='ltr'>praesertim</span> <span class='ocrx_word' id='word_1_208' title='bbox 323 3876 482 3962; x_wconf 89' lang='lat' dir='ltr'>admoto,</span> <span class='ocrx_word' id='word_1_209' title='bbox 500 3876 558 3949; x_wconf 87' lang='lat' dir='ltr'>vel</span> <span class='ocrx_word' id='word_1_210' title='bbox 577 3877 875 3950; x_wconf 85' lang='lat' dir='ltr'>acoustitutione</span> <span class='ocrx_word' id='word_1_211' title='bbox 891 3878 982 3950; x_wconf 70' lang='lat' dir='ltr'>airis</span> <span class='ocrx_word' id='word_1_212' title='bbox 998 3872 1130 3971; x_wconf 87' lang='lat' dir='ltr'>frigida</span> <span class='ocrx_word' id='word_1_213' title='bbox 1146 3875 1185 3941; x_wconf 91' lang='lat' dir='ltr'>et</span> 
     </span>
     <span class='ocr_line' id='line_1_33' title="bbox 111 3979 1125 4088; baseline -0.004 -31"><span class='ocrx_word' id='word_1_214' title='bbox 111 3979 270 4074; x_wconf 90' lang='lat' dir='ltr'>humida,</span> <span class='ocrx_word' id='word_1_215' title='bbox 289 3989 563 4063; x_wconf 88' lang='lat' dir='ltr'>concoctionem</span> <span class='ocrx_word' id='word_1_216' title='bbox 580 3989 745 4062; x_wconf 91' lang='lat' dir='ltr'>ciborum</span> <span class='ocrx_word' id='word_1_217' title='bbox 764 4012 858 4088; x_wconf 87' lang='lat' dir='ltr'>saepe</span> <span class='ocrx_word' id='word_1_218' title='bbox 874 3990 1125 4083; x_wconf 91' lang='lat' dir='ltr'>corrumpunt.</span> 
     </span>
     <span class='ocr_line' id='line_1_34' title="bbox 154 4099 1188 4198; baseline -0.008 -27"><span class='ocrx_word' id='word_1_219' title='bbox 154 4120 309 4173; x_wconf 76' lang='lat' dir='ltr'>nctvn.</span> <span class='ocrx_word' id='word_1_220' title='bbox 335 4101 376 4172; x_wconf 89' lang='lat' dir='ltr'><strong>A</strong></span> <span class='ocrx_word' id='word_1_221' title='bbox 401 4124 513 4198; x_wconf 88' lang='lat' dir='ltr'>prava</span> <span class='ocrx_word' id='word_1_222' title='bbox 537 4102 771 4174; x_wconf 89' lang='lat' dir='ltr'>concoctione</span> <span class='ocrx_word' id='word_1_223' title='bbox 800 4103 965 4174; x_wconf 89' lang='lat' dir='ltr'>ciborum</span> <span class='ocrx_word' id='word_1_224' title='bbox 993 4099 1188 4169; x_wconf 83' lang='lat' dir='ltr'>innumera</span> 
     </span>
     <span class='ocr_line' id='line_1_35' title="bbox 107 4203 1187 4312; baseline 0.003 -35"><span class='ocrx_word' id='word_1_225' title='bbox 107 4208 278 4286; x_wconf 84' lang='lat' dir='ltr'>oriuntur</span> <span class='ocrx_word' id='word_1_226' title='bbox 312 4211 418 4301; x_wconf 87' lang='lat' dir='ltr'>mala,</span> <span class='ocrx_word' id='word_1_227' title='bbox 455 4235 578 4312; x_wconf 90' lang='lat' dir='ltr'>neque</span> <span class='ocrx_word' id='word_1_228' title='bbox 612 4213 717 4301; x_wconf 90' lang='lat' dir='ltr'>levia,</span> <span class='ocrx_word' id='word_1_229' title='bbox 755 4235 878 4310; x_wconf 87' lang='lat' dir='ltr'>neque</span> <span class='ocrx_word' id='word_1_230' title='bbox 907 4220 1035 4285; x_wconf 74' lang='lat' dir='ltr'>senatu</span> <span class='ocrx_word' id='word_1_231' title='bbox 1059 4203 1187 4291; x_wconf 72' lang='lat' dir='ltr'>facilia,</span> 
     </span>
     <span class='ocr_line' id='line_1_36' title="bbox 613 4335 685 4404; baseline -0.069 0"><span class='ocrx_word' id='word_1_232' title='bbox 613 4347 643 4404; x_wconf 75' lang='lat' dir='ltr'>N</span> <span class='ocrx_word' id='word_1_233' title='bbox 661 4335 685 4399; x_wconf 73' lang='grc'>2</span> 
     </span>
    </p>
   </div>
   <div class='ocr_carea' id='block_1_5' title="bbox 0 0 1357 4794">
    <p class='ocr_par' dir='ltr' id='par_1_5' title="bbox 0 0 1357 4794">
     <span class='ocr_line' id='line_1_37' title="bbox 0 0 1357 4794; baseline 0 0"><span class='ocrx_word' id='word_1_234' title='bbox 0 0 1357 4794; x_wconf 95' lang='lat' dir='ltr'> </span> 
     </span>
    </p>
   </div>
  </div>
 </body>
</html>
