2678 4794
183 386 233 456 40
607 398 860 456 eousmc'rns
1105 402 1265 459 cunis.

183 588 268 654 tura
291 579 519 666 alienissima,
557 577 609 652 ita
633 587 678 651 ut
703 602 826 677 neque
850 577 938 675 ipsa,
968 581 1269 679 necquicquam

887 714 1109 789 percipimus
1146 694 1268 767 inesse

184 807 308 905 possit.

235 927 374 992 cxxxn
410 915 543 990 Altera
565 939 654 989 vero
679 940 735 990 res
759 940 845 1014 quae
868 913 984 1014 vulgo
1009 916 1079 991 sub
1113 920 1268 992 nomine

185 1013 310 1106 sensis
327 1028 663 1129 comprehenditur,
686 1025 843 1127 qualitas
860 1027 1040 1102 nimirum
1056 1030 1199 1126 quaevis
1215 1031 1288 1104 rei‘

184 1151 348 1217 externae
363 1165 478 1240 quam
494 1140 800 1239 contemplamur,
817 1164 932 1238 quam
949 1163 1075 1214 sensus
1093 1143 1270 1232 (mutatio

183 1252 320 1328 scilicet
344 1255 382 1327 in
409 1254 524 1328 animi
549 1262 662 1352 statu)
701 1253 807 1329 nobis
844 1263 1069 1354 representat
1095 1253 1155 1328 vel
1181 1280 1266 1355 sug·

183 1367 291 1466 gerit,
307 1366 429 1469 longae
444 1367 598 1441 diversae
613 1367 764 1441 videtur
792 1390 869 1439 esse
898 1365 1268 1455 natum-Qualita-

184 1488 239 1554 tes
256 1481 358 1553 enim
374 1503 498 1553 rerum
526 1487 779 1566 externarum,
808 1503 899 1575 quas
917 1503 1042 1552 sensus
1059 1504 1130 1578 ope
1154 1480 1267 1577 perci-

183 1593 319 1689 pimus,
336 1592 384 1665 ad
400 1591 478 1665 illas
495 1615 550 1664 res
568 1590 659 1664 solas
675 1592 884 1689 pertinent3
910 1614 1033 1689 neque
1049 1593 1175 1665 animo
1191 1591 1269 1667 ullo

184 1714 293 1803 pacto
326 1707 443 1781 inesse
476 1713 641 1803 possunt,
674 1725 743 1776 nec
776 1703 977 1801 quicquam
1011 1726 1099 1777 cum
1132 1705 1267 1793 animo,

184 1819 369 1915 variisque
385 1817 464 1915 ejus
481 1815 648 1900 statibus,
679 1814 798 1888 simile
813 1823 880 1887 aut
896 1838 1096 1890 commune
1120 1816 1269 1906 habent,

185 1955 251 2004 sua
267 1940 399 2003 natura
427 1936 634 2001 constantes
663 1935 703 2000 et
718 1925 912 2014 durabiles,
943 1929 1021 2002 sive
1049 1941 1270 2028 perceptaea

183 2042 290 2116 nobis
307 2041 470 2128 fuerint,
484 2039 561 2114 sive
587 2040 726 2138 ignotae
742 2048 808 2114 aut
824 2039 1013 2138 neglectae,
1030 2064 1154 2140 neque
1178 2041 1271 2116 adeo

184 2153 377 2252 simplices,
404 2153 498 2253 quin
514 2152 646 2228 multae
661 2151 790 2227 saltem
808 2174 946 2240 earum,
976 2151 1081 2227 facile
1097 2165 1137 2227 et
1165 2178 1270 2229 socu-

182 2278 263 2342 rate
279 2265 426 2340 definiri
442 2274 508 2341 aut
524 2265 691 2353 describi,
715 2276 755 2340 et
771 2266 868 2340 iuter
879 2290 923 2357 ¹se
947 2267 1110 2341 invicem
1125 2291 1271 2368 eompa-

183 2381 266 2468 rari,
281 2380 433 2480 possint.

233 2516 393 2570 cxxxn.
419 2492 629 2568 Plurimum
646 2492 810 2595 profecto
833 2502 872 2568 et
888 2494 1122 2569 utilissimam
1145 2495 1194 2568 de
1217 2517 1271 2569 rc·

98 2620 100 2625 '
183 2606 254 2682 bus
279 2606 442 2682 externis
479 2607 680 2694 scientiam,
717 2606 891 2679 facillimo
925 2618 965 2679 et
1002 2605 1271 2704 simplicissimo

182 2719 307 2804 modo,
324 2742 390 2814 per
406 2718 526 2793 varios
542 2742 679 2802 sensus,
697 2717 819 2788 visum
837 2716 1037 2812 praesertim
1056 2726 1095 2787 et
1113 2725 1271 2806 tactum,

183 2831 262 2904 sine
280 2827 356 2900 ullo
372 2828 498 2901 studio
513 2839 579 2902 aut
607 2826 730 2900 labore
756 2824 1003 2921 acquirimus;
1028 2826 1081 2898 ita
1107 2834 1150 2899 ut
1174 2827 1272 2905 bene

48 2992 51 2996 ‡
182 2938 418 3038 perspicuum
437 2938 495 3023 sit,
525 2938 595 3010 hoc
611 2936 787 3036 (quadam
816 2934 944 3009 saltem
972 2946 1155 3037 exparte)
1182 2966 1269 3016 con·

183 3049 274 3136 silio,
312 3049 398 3122 istas
436 3048 620 3122 sentiendi
656 3048 847 3149 facultates
872 3073 893 3121 a
917 3048 1099 3147 Supremo
1125 3051 1270 3151 Opifice

45 3224 47 3228 ,
181 3162 289 3237 nobis
324 3184 402 3235 esse
436 3160 549 3235 datas.
616 3161 705 3235 Non
742 3184 872 3235 omnes
895 3185 983 3236 vero
1013 3186 1139 3238 sensus
1169 3165 1270 3243 hunc

182 3299 295 3353 usum
312 3285 508 3375 praestant3
544 3298 668 3374 neque
684 3284 761 3348 tarn
778 3273 892 3350 facilis
918 3275 966 3348 ad
982 3277 1097 3351 totius
1112 3277 1271 3355 Naturae

181 3389 373 3464 scientiam
390 3398 494 3489 patet
509 3388 593 3475 νίας
618 3399 658 3462 et
675 3412 760 3462 sane
775 3387 896 3464 multa
912 3391 1125 3478 ostendunt,
1150 3394 1269 3466 varios

182 3501 320 3599 quibus
335 3502 557 3577 instruimur
566 3526 703 3591 sensus,
720 3502 799 3579 aliis
815 3526 911 3602 saepe
921 3513 960 3577 et
976 3504 1122 3578 eximiis
1139 3505 1268 3580 usibus

183 3638 370 3688 mservne.

233 3750 414 3802 cxxxnr.
455 3727 522 3802 Fit
554 3753 682 3804 sensus
714 3729 754 3802 in
788 3729 939 3803 homine
968 3753 1055 3803 sano
1084 3739 1131 3802 et·
1152 3729 1269 3829 vigili,

183 3840 484 3939 quandocunque
502 3849 620 3916 status
637 3843 750 3941 partis
766 3842 929 3941 cujusvis
940 3841 1097 3941 generis
1123 3842 1273 3919 nervosi

181 3951 417 4050 aliquantum
434 3964 604 4028 mutatus
620 3953 743 4042 fiterit,
769 3955 847 4028 sive
862 3956 932 4029 ista
948 3956 1108 4029 mutatio
1135 3955 1182 4028 ab
1207 3980 1271 4030 ex.

184 4075 289 4141 tensa
300 4089 419 4154 eausa,
437 4066 515 4140 sive
530 4064 577 4139 ab
593 4067 748 4154 intensa,
778 4065 872 4141 faeta
898 4067 1088 4155 sits-Qui
1104 4092 1126 4141 a
1150 4068 1271 4169 priore

181 4200 290 4256 eausa
305 4179 407 4258 fiunt
430 4202 566 4269 sensus,
593 4179 639 4254 ab
663 4180 901 4280 impressione
915 4180 978 4261 vel
992 4181 1181 4281 impulsu3
1206 4182 1273 4283 qui
