2678 4794
128 112 222 168 oar.
240 109 328 165 xxi.
411 108 631 165 ammenta
650 110 937 168 rnaoaumca.
1008 159 1011 165 .
1137 105 1243 172 231*

131 290 313 364 nimirum
339 295 394 362 sat
428 285 539 361 fuerit
570 290 617 362 ad
650 288 845 364 humorem
877 287 1108 383 foecundum,
1141 315 1215 388 qua

127 402 243 477 debet
257 411 460 500 penetrare,
479 399 538 474 vel
554 400 683 475 saltem
699 403 738 475 in
756 412 919 489 uterum,
935 404 1213 502 projiciendum

177 535 342 590 nccmx.
359 511 494 608 Neque
511 510 608 586 solus
624 511 849 589 accurator
865 513 1054 590 musculus
1071 516 1214 591 convel-

124 624 242 715 litur3
286 624 379 697 levis
409 623 628 722 plerumque
655 635 791 700 tremor
824 640 889 702 aut
918 627 1118 717 convulsio,
1151 628 1214 703 ali-

125 737 281 839 quando
294 760 386 810 vero
398 735 720 811 vehementissima
729 739 919 813 convulsio
931 741 1103 815 omnium
1116 766 1214 817 mus·

128 851 309 936 culorum,
339 849 378 921 in
400 848 542 923 Venere
559 849 790 924 observatur:
818 851 903 925 binc
919 852 1114 940 anhelatio,
1139 852 1214 951 pal-

118 965 274 1063 pitatio,
290 984 460 1061 syncope,
478 959 657 1060 epilepsia
674 986 957 1060 nonnunquam,
986 963 1046 1043 vel
1062 965 1214 1041 demum

131 1075 257 1149 subita
271 1098 376 1161 mors,
401 1099 486 1172 quae
502 1073 699 1148 nonnullos
717 1075 873 1148 Veneris
889 1073 993 1153 cultu
1010 1086 1213 1175 occupatos,

131 1209 204 1261 nec
219 1185 291 1260 tale
305 1188 509 1285 quidquam
527 1187 713 1273 timentes
731 1186 901 1284 abripuit

181 1319 323 1375 Dccnx.
371 1300 500 1383 Finito
549 1323 668 1397 opere,
698 1322 829 1396 corpus
862 1299 1030 1373 nonnihil
1070 1322 1214 1426 semper

129 1408 292 1539 languet,
321 1410 520 1510 aliquando
549 1410 635 1496 diu3
660 1411 799 1509 inguen
827 1411 1005 1497 detumet,
979 1413 1214 1509 tsanguine

128 1523 291 1623 parciore
320 1522 505 1611 affluente,
535 1522 733 1622 copiosiore
761 1545 827 1621 per
854 1545 964 1595 venas
993 1534 1186 1620 resumpto
1197 1551 1212 1612 3

128 1634 265 1733 cupido
292 1645 454 1734 pacatur,
483 1634 638 1708 irritatio
665 1644 932 1721 summovetur,
958 1658 1089 1732 corpus
1106 1632 1213 1708 solvi-

131 1753 205 1833 tur,
219 1757 262 1823 et
277 1772 429 1823 somnus
445 1746 585 1821 facilius
602 1748 755 1844 obrepit

179 1883 340 1937 ocem.
363 1861 521 1935 Tardius
538 1861 745 1958 pubescunt
762 1858 929 1933 homines
946 1860 985 1932 in
1003 1858 1213 1957 regionibus

130 1970 284 2074 frigidis,
310 1975 491 2048 maturius
520 1975 558 2045 in
585 1971 718 2047 calidis
770 1970 951 2044 Pubertas
977 1994 1127 2067 quoque
1144 1979 1213 2045 tar-

132 2082 212 2160 dior
236 2087 341 2160 venit
367 2086 489 2184 pueris
518 2084 641 2158 valido
666 2082 787 2156 labore
817 2081 1012 2177 occupatis,
1042 2091 1080 2153 et
1108 2081 1214 2152 victu

134 2219 238 2296 parco
254 2208 295 2272 et
311 2199 415 2272 tenui
433 2196 647 2279 utentibus;
673 2193 850 2267 maturior
866 2192 941 2264 fere
970 2190 1070 2264 laute
1086 2190 1214 2263 viven-

132 2308 228 2385 tibus
245 2320 286 2384 et
301 2308 507 2385 luxuriosis.
548 2306 692 2380 Eadem
707 2328 803 2403 saepe
812 2302 1005 2377 festinatur
1022 2325 1097 2375 non
1107 2302 1213 2389 bene,

134 2420 322 2521 colloquiis
339 2433 404 2496 aut
433 2419 718 2520 cogitationibus
735 2442 820 2515 quae
835 2414 1140 2545 imaginationem
1157 2436 1214 2488 ao

134 2535 305 2620 cendunt,
330 2533 391 2607 vel
409 2534 509 2631 turpi
535 2557 606 2613 usu
623 2532 798 2630 partium,
824 2529 1040 2659 priusquam
1056 2526 1213 2602 Veneris

134 2645 390 2723 armavibrare
407 2644 533 2723 fassit
701 2616 749 2683 θ’

178 2779 362 2833 uccuxn
400 2756 537 2854 Neque
562 2756 636 2832 sola
658 2755 834 2857 genitalia
855 2779 994 2857 organa
1018 2761 1213 2829 mutantur
1297 2788 1299 2793 .

135 2869 344 2964 pubertate;
370 2878 496 2943 totum
524 2893 655 2968 corpus
684 2892 822 2968 graves
847 2879 885 2943 et
903 2892 998 2966 saepe
1024 2865 1213 2940 saluberri-

134 3000 221 3066 mas,
238 2983 461 3056 mutationes
477 2979 586 3056 subit.
637 2981 756 3055 Barba
772 2979 941 3079 pullulat,
970 3002 1046 3051 vox
1062 2975 1107 3049 fit
1131 2997 1212 3071 gra·

134 3091 241 3167 viset
257 3095 375 3193 magis
392 3117 530 3182 sonora,
547 3118 679 3192 corpus
690 3092 832 3166 firmius
850 3101 888 3165 et
904 3089 1060 3163 validius
1077 3087 1212 3173 evadit,

133 3213 169 3279 et
190 3229 290 3303 saepe
319 3205 482 3279 multum
500 3215 540 3279 et
567 3204 690 3280 subito
714 3203 852 3291 crescit,
877 3200 1063 3299 multique
1079 3198 1211 3287 morbi,

134 3316 188 3390 vel
202 3341 226 3390 a
241 3317 359 3390 nimia
386 3316 537 3390 laxitate
554 3316 715 3415 partium
740 3313 949 3401 solidarum,
974 3311 1034 3387 vel
1056 3311 1212 3386 amobi-

133 3422 230 3504 litate
262 3427 420 3528 generis
457 3427 606 3504 nervasi
641 3427 908 3526 provenientes,
947 3423 1212 3510 convulsiones,

136 3548 280 3628 struma,
312 3543 374 3615 &a
402 3565 498 3639 saepe
528 3566 593 3616 sua
603 3549 733 3639 sponte
757 3549 992 3614 evanescunt.
1029 3536 1148 3625 ,Qun
1174 3542 1214 3608 et

136 3668 224 3727 nova
239 3654 298 3727 vis
315 3654 439 3729 auimo
453 3678 561 3753 aeque
576 3677 618 3728 ac
633 3650 776 3750 corpori
793 3650 943 3738 accedit,
973 3648 1213 3745 moribusque

137 3765 332 3857 puerilibus
349 3767 482 3854 exutis,
506 3767 656 3865 juvenis
685 3762 788 3838 brevi
805 3762 927 3837 viriles
949 3759 1083 3835 induit.
1133 3757 1213 3832 Eu·

137 3875 252 3950 nucha
267 3900 357 3951 vero
372 3876 465 3951 nihil
480 3876 694 3976 hujusmodi
711 3873 862 3950 accidit:
888 3896 1012 3971 neque
1028 3891 1105 3943 vox
1128 3888 1212 3939 mu·

141 3990 241 4079 tatur,
257 4012 383 4087 neque
399 3989 509 4068 barba
524 3991 651 4077 renit;
676 3998 714 4066 et
731 4010 863 4089 corpus
874 3981 1000 4061 „debile
1016 3984 1149 4063 manet,
1171 3983 1212 4052 et
