2678 4794
53 327 138 384 CAP.
154 324 214 380 xl.
346 318 567 376 Mentem
586 319 873 377 Tnnonnrrcffl.
1062 314 1133 390 109

55 505 105 580 do
121 498 373 585 validissimos,
400 508 437 573 et
454 521 566 596 quam
590 497 752 571 maxime
768 496 939 586 salubres,
965 500 1140 585 excitare,

55 617 190 715 Neque
205 624 331 687 tumen
349 609 531 684 hoelitem
544 610 696 696 adimit;
721 611 910 708 quoniam,
928 611 1134 687 secundum

54 727 149 828 leges
164 744 385 801 communes
402 732 527 795 motus
556 721 733 809 animalis,
758 748 850 822 quas
867 724 953 797 satis
968 748 1132 824 perspec-

53 850 102 914 tas
118 838 313 921 habemus,
328 832 499 934 plurimae
515 835 722 909 istiusmodi
739 858 866 922 causae,
886 836 997 910 variis
1014 835 1134 910 modis

56 949 255 1025 secundum
290 946 408 1020 varias
440 947 599 1044 corporis
625 946 864 1035 conditiones,
899 948 1134 1047 diversasque

55 1071 168 1160 partes
185 1084 275 1159 quae
290 1058 514 1144 afficiuntur,
540 1058 733 1132 stimulum
756 1060 841 1132 satis
858 1059 1020 1135 validum
1048 1061 1134 1134 dare

56 1172 205 1270 possint.
257 1171 344 1268 Ipsa
359 1166 528 1241 debilitas
553 1167 622 1243 hoc
648 1194 745 1269 saepe
769 1171 865 1258 facit,
891 1181 929 1244 et
953 1173 1133 1272 quicquid

55 1283 126 1357 fere
144 1281 270 1356 solitas
284 1303 506 1381 organorum
523 1282 684 1354 actiones
701 1268 869 1380 impedit.

104 1412 313 1471 ccccxvu.
336 1392 423 1467 Non
450 1390 650 1467 defuerunt
679 1395 823 1481 medici,
849 1417 918 1468 nec
941 1397 1043 1493 parvi
1067 1419 1133 1471 no·

58 1503 180 1588 minis,
193 1502 260 1602 qui
274 1527 398 1578 omnes
411 1503 624 1601 hujusmodi
639 1516 759 1580 motus
773 1506 820 1579 ad
833 1516 998 1581 mentem
1014 1509 1133 1608 ipsam

57 1614 258 1703 retulerint,
268 1614 509 1714 judicantem,
528 1617 619 1714 quid
637 1618 788 1717 periculi
806 1619 968 1706 instaret,
986 1630 1024 1694 et
1041 1645 1131 1718 quo·

56 1728 163 1803 modo
192 1729 505 1804 summovendum
536 1754 558 1803 e
614 1739 652 1814 t;
690 1742 729 1804 et
752 1731 869 1828 igitur
894 1729 983 1804 tales
1008 1740 1132 1805 motus

56 1841 290 1928 excitantem,
307 1839 434 1937 quales
447 1753 613 1915 credili&
621 1841 668 1915 ad
684 1867 772 1916 eum
789 1842 902 1916 tinem
917 1842 1135 1941 aptissimos,

96 1975 326 2030 ccccxvm.
347 1953 470 2028 Nemo
487 1955 553 2053 qui
569 1953 751 2030 Naturam
769 1955 1039 2054 contemplatur
1056 1965 1131 2030 tam

56 2088 176 2141 excors
191 2067 276 2153 erit,
301 2067 368 2165 qui
385 2060 584 2165 negaverit,
610 2066 747 2143 multos
764 2093 857 2168 quos
882 2091 978 2167 saepe
993 2068 1131 2141 excitat

56 2188 173 2254 motus
190 2177 448 2253 saluberrimos
465 2203 551 2266 esse,
576 2188 614 2254 et
639 2182 788 2256 medicis
812 2182 929 2280 igitur
945 2191 1130 2279 quantum

56 2286 127 2364 lieri
149 2291 272 2389 possit
294 2289 493 2364 imitandos
518 2303 555 2364 et
584 2291 872 2391 promovendos:
906 2315 1038 2366 verum
1063 2316 1131 2364 nec

55 2401 264 2500 quisquam,
280 2401 348 2499 qui
364 2403 519 2501 propriis
536 2402 651 2477 oeulis
663 2402 747 2475 vult
762 2381 886 2488 fidbre,
902 2425 978 2475 non
995 2390 1130 2475 vidl‘rit

54 2509 142 2586 alios
154 2536 282 2587 eorum
293 2513 387 2587 bene
399 2514 548 2599 multos,
566 2510 726 2598 inutiles,
739 2513 884 2598 nimios,
900 2513 1031 2585 noxios
1043 2535 1130 2598 esse,

55 2632 94 2697 et
109 2624 260 2699 medicis
276 2625 363 2700 ideo
379 2625 581 2725 sopiendos,
607 2624 899 2723 compescendos,
925 2631 1131 2720 temperan-

55 2732 129 2824 dos,
155 2746 356 2836 ntegrum
374 2738 513 2837 duplici
531 2735 694 2837 periculo
713 2734 919 2833 surripiant.
969 2734 1083 2823 Quod
1100 2736 1131 2809 si

53 2870 178 2923 omnes
206 2848 271 2923 isti
299 2859 435 2937 motus,
461 2860 505 2924 ut
527 2849 687 2948 quidam
703 2870 829 2921 revera
857 2857 958 2936 sunt,
983 2871 1131 2922 summo

53 2959 213 3048 corrsilio,
237 2969 279 3034 et
305 2962 484 3060 sapientia
507 2961 669 3037 instituti
693 2969 824 3050 essent,
849 2984 925 3035 non
943 2985 987 3035 eo
1012 2963 1130 3061 magis

52 3070 96 3145 ad
110 3072 251 3146 mentis
266 3074 450 3149 actionem
465 3074 588 3149 referri
606 3073 835 3148 debuissent:
862 3074 1049 3161 nimirum,
1063 3073 1129 3172 qui

52 3180 159 3257 nullo
174 3183 323 3259 modos
339 3195 466 3262 mente
488 3185 699 3286 pendeant;
726 3209 886 3284 quorum
911 3185 1130 3285 plerumque

51 3308 161 3367 mens
177 3314 252 3369 non
266 3298 410 3371 conscia
425 3298 494 3382 sit;
529 3321 623 3396 quos
649 3321 714 3372 sua
738 3308 869 3397 sponte
885 3298 1044 3369 excitare
1068 3318 1129 3368 ne-

52 3413 185 3503 queat;
224 3428 345 3506 neque
373 3408 419 3482 ab
435 3409 504 3483 alia
521 3431 627 3483 causa
651 3410 839 3496 excitatos,
863 3418 930 3482 aut
953 3408 1130 3506 impedire

54 3527 115 3592 tut
130 3526 359 3617 temperare;
397 3522 464 3619 qui
493 3520 655 3620 denique
682 3522 721 3594 in
751 3519 985 3596 stolidissimo
1013 3520 1129 3594 homi·

55 3647 154 3717 num,
179 3631 303 3705 autin
321 3630 452 3720 bellua,
477 3656 600 3732 neque
615 3633 698 3709 vitii
721 3657 844 3733 neque
859 3633 1012 3707 remedii
1026 3635 1129 3732 quod

56 3737 250 3817 adhibetur
265 3746 421 3832 conscio,
445 3747 581 3844 pariter
609 3769 651 3819 ac
674 3745 714 3818 in
731 3745 960 3844 sagacissimo
983 3755 1021 3820 et
1037 3747 1129 3845 peri·

57 3847 189 3927 neimo
207 3852 429 3954 philosopho
445 3866 510 3931 aut
527 3853 668 3931 medico
681 3855 923 3957 perficiantur.
971 3857 1128 3932 Discunt

58 3958 185 4039 interea
202 3965 353 4056 medici,
378 3969 575 4066 quidboni
603 3969 822 4069 sperandum
841 3971 898 4059 sit,
924 3970 1016 4069 quid
1042 3969 1129 4043 mali

57 4077 311 4165 metuendum,
336 4104 358 4152 a
373 4080 513 4187 viribus
530 4106 615 4181 quae
638 4092 714 4155 tam
731 4081 850 4157 latum
866 4083 1064 4180 imperium
1089 4083 1129 4153 in

57 4204 177 4285 eorpus
194 4187 361 4264 habent:
388 4193 526 4327 rationie
536 4218 609 4291 qua
625 4193 733 4282 fiunt,
759 4193 929 4292 quamvis
955 4192 1129 4265 haetenus
