2678 4794
70 323 159 379 cae.
178 323 245 377 xn.
348 317 568 375 usmetum
587 319 874 375 rnaosnmcn.
1074 305 1153 375 tlt

69 499 262 597 impositis,
278 520 362 595 quae
378 497 604 595 sanguinem,
621 494 784 595 alioquin
795 497 860 570 vix
874 493 1144 595 profluxuram,
1186 507 1190 515 '

62 635 130 711 per
148 610 267 685 multa
283 612 426 683 minuta
438 607 592 683 vulnera
603 609 788 694 educant3
814 621 880 683 aut
896 608 1045 681 demum
1063 630 1144 705 par·

62 724 164 798 tibus
181 723 401 821 quibusdam
420 722 533 819 probe
550 718 764 807 scarificatis,
789 722 925 818 quibus
942 743 1063 818 neque
1078 742 1140 793 ou·

63 834 258 912 curbitulae
274 858 396 932 neque
413 828 601 907 hirudines
616 833 758 932 possint
774 832 970 914 admoveri.

114 969 288 1021 sanumx.
314 947 424 1019 Prior
440 943 572 1017 modus
589 947 825 1041 luuuxvrn),
850 967 985 1043 magrra
1001 944 1086 1028 fere,
1103 951 1143 1015 et

62 1057 185 1132 subita
202 1059 398 1142 duntaxat,
415 1056 665 1129 exinanitione
681 1058 785 1143 facta,
802 1059 973 1156 quamvis
989 1056 1140 1130 forsitan

61 1181 183 1269 partes
200 1170 302 1243 unde
319 1168 466 1268 sanguis
483 1168 668 1241 detractus
685 1181 777 1241 esset
794 1171 916 1268 primo
928 1181 967 1242 et
979 1168 1142 1242 maxime

61 1280 267 1367 exhauriat,
292 1294 417 1353 tamen
435 1291 559 1353 toturn
584 1303 716 1378 corpus
734 1281 901 1355 similiter
916 1292 956 1356 et
971 1281 1075 1354 brevi
1091 1278 1145 1353 af·

61 1391 161 1478 ficia
180 1403 218 1467 et
228 1403 379 1492 propter
390 1392 491 1465 huno
502 1390 668 1465 subitum
684 1403 721 1465 et
733 1394 941 1489 generalem
954 1394 1142 1480 effectum,

59 1503 241 1588 detractio
256 1505 445 1605 sanguinis
455 1501 633 1603 generalis
642 1504 744 1602 apud
754 1502 915 1578 medioos
928 1527 1003 1578 non
1016 1505 1143 1602 inepte

60 1625 226 1690 vooatur.

111 1747 266 1801 mnnxx.
292 1727 405 1801 Alter
420 1751 509 1802 vero
533 1726 667 1802 modus
694 1727 923 1826 (unnxvrn)
953 1728 1142 1826 sanguinis
1186 1785 1190 1791 .

60 1836 241 1924 eliciendi,
267 1838 513 1914 distinctionis
541 1862 659 1927 musa,
684 1838 847 1936 specialis
864 1838 925 1912 vel
949 1839 1144 1938 singularis

59 1948 141 2046 ejus
158 1949 336 2024 detractio
351 1962 513 2025 vocatur.
563 1950 785 2025 Exinanitio
801 1953 902 2025 enirn
929 1951 1000 2026 hoc
1029 1951 1142 2025 modo

60 2058 204 2146 effecta,
228 2061 366 2159 exigua
390 2060 466 2132 fere
492 2070 558 2147 est,
583 2075 622 2134 et
646 2086 791 2161 semper
805 2063 916 2151 lenta,
940 2087 1064 2163 neque
1088 2088 1143 2138 re-

61 2181 183 2245 motas
199 2180 319 2269 partes
335 2179 402 2243 aut
418 2180 542 2244 totum
571 2195 703 2268 eorpus
732 2172 897 2246 multum
926 2176 1062 2262 afficit3
1088 2177 1143 2250 ni·

62 2283 201 2358 mirum
219 2283 307 2381 quia
323 2306 409 2356 vasa
432 2280 633 2380 quantitati
656 2280 855 2356 humorum
874 2307 988 2381 quam
1006 2285 1144 2360 habent

62 2394 162 2469 intra
178 2406 295 2469 oertos
313 2394 447 2467 limites
464 2392 568 2468 facile
594 2417 633 2467 se
658 2395 948 2482 adcommodant,
973 2396 1145 2470 dummo-

61 2505 113 2579 do
130 2508 289 2580 mutatio
307 2508 479 2602 (nxxrn)
496 2505 596 2580 lenta
618 2505 753 2593 fuerit;
778 2517 920 2604 partem
940 2532 1026 2599 vero
1044 2507 1144 2583 unde

56 2619 214 2715 sanguis
227 2617 382 2704 elicitur,
400 2628 595 2715 partesque
605 2618 717 2692 etiarn
730 2619 868 2693 vicinas
885 2620 1032 2719 egregie
1048 2640 1144 2719 saepe

62 2728 189 2817 afficit,
213 2752 282 2803 neo
310 2754 391 2803 raro
416 2730 455 2802 in
482 2730 592 2804 variis
615 2729 844 2830 singularum
861 2733 1023 2830 partium
1041 2733 1143 2808 vitiis

62 2842 184 2916 multo
224 2843 307 2941 plus
340 2841 440 2917 valet
479 2841 640 2941 generali
682 2843 869 2942 sanguinis
905 2842 1142 2934 detractione,

63 2955 232 3052 quamvis
259 2953 418 3053 decuplo
433 2952 583 3029 fortasse
599 2953 773 3054 largiore;
798 2964 847 3043 et,
873 2957 973 3053 quod
992 2957 1058 3030 vix
1075 2957 1143 3031 mi·

63 3067 161 3140 noris
190 3068 371 3141 momenti
397 3083 464 3156 est,
489 3078 575 3142 tuto
601 3088 700 3166 saepe
726 3067 935 3154 adhibetur,
960 3079 1000 3142 et
1022 3069 1144 3170 igitur

63 3177 257 3275 aliquoties
273 3181 391 3278 repeti
420 3191 553 3278 potest,
578 3173 644 3255 ubi
672 3179 833 3280 generali
863 3181 1052 3280 sanguinis
1080 3181 1143 3255 de·

63 3289 246 3376 tractioni
271 3313 420 3389 oorpore
436 3293 572 3368 scilieet
583 3293 662 3392 jam
680 3293 788 3368 valde
811 3292 994 3368 exhausto
1019 3305 1059 3367 et
1086 3293 1141 3366 in-

65 3400 223 3486 firmato,
249 3399 351 3475 locus
367 3403 617 3500 plene'nullus
634 3404 736 3480 foret.

114 3533 293 3587 unnxrn.
328 3512 497 3588 Effectus
534 3517 723 3615 sanguinis
757 3542 823 3617 per
856 3540 969 3594 venas
1000 3516 1145 3593 modica

62 3624 273 3722 quantitate
288 3623 453 3713 detracti,
478 3625 518 3698 hi
544 3625 621 3700 fere
645 3640 756 3704 sunt:
782 3632 925 3729 copiam
942 3629 1145 3705 humorum

64 3736 378 3811 circumeuntium
394 3737 544 3826 minuit,
569 3762 656 3812 vasa
671 3740 800 3839 itaque
828 3767 910 3841 quae
939 3766 1001 3816 eos
1029 3742 1148 3817 eonti-

62 3846 201 3923 nebant
217 3847 330 3937 laxat,
355 3848 488 3924 horum
505 3851 556 3924 sic
574 3851 746 3940 (cccxxi,
768 3863 964 3954 cccxx111)
980 3855 1075 3928 vires
1092 3862 1144 3927 at·

62 3968 206 4047 tenuat,
229 3970 270 4035 et
285 3961 404 4061 igitur
418 3962 605 4062 impetum
621 3966 822 4065 sanguinis,
847 3976 979 4066 utpote
1002 3964 1069 4064 qui
1098 3964 1145 4039 ab

65 4094 196 4145 eorum
214 4075 461 4150 eontractione
483 4077 711 4177 (ccccm,
736 4087 931 4178 ccccxxv)
948 4100 1081 4175 magna
1096 4100 1145 4151 ex

61 4190 174 4282 parte
190 4187 338 4284 pendet,
355 4197 538 4292 temperat
553 4189 787 4295 cohibetque,
811 4191 941 4299 pulsus
956 4187 1147 4265 debiliores

560 4325 595 4381 M
610 4327 651 4381 m
