2678 4794
646 334 701 406 xii

137 538 162 581 “
177 537 254 611 suis
270 537 344 612 sint
358 532 587 629 separata*.”
637 528 774 629 Neque
797 530 959 631 profecto
981 532 1143 610 Tbaoria
1159 562 1211 612 ar·

137 650 186 724 tis
203 646 395 749 cujuslibet
412 667 521 716 vanas
546 653 585 717 et
609 644 764 718 incertas
789 644 1012 742 conjecturas
1038 655 1106 719 aut
1134 652 1212 746 opi·

137 763 264 837 niones
291 754 479 829 continere
508 755 628 840 debet,
654 756 717 829 sed
735 781 790 830 res
808 780 908 830 veras
924 757 1121 855 generales,
1146 761 1210 834 ob

136 870 337 949 servatione
353 878 569 965 compertas,
595 869 696 941 unde
712 867 913 967 singulares
930 870 1153 959 derivantur,
1170 882 1210 947 et

135 986 181 1059 ad
196 1005 286 1077 quas
303 980 460 1079 singulae
476 1006 561 1079 quae
572 980 812 1055 observantur
829 1006 885 1054 res
901 981 1024 1055 referri
1041 996 1206 1082 possunt.

133 1094 255 1169 Nemo
265 1116 374 1166 sanus
384 1093 624 1180 contenderit,
641 1091 854 1191 hujusmodi
872 1094 1063 1184 Tleorias,
1081 1097 1208 1196 quales

130 1203 338 1279 multarum
354 1207 489 1281 artium
506 1217 546 1281 et
561 1207 795 1280 scientiarum
809 1206 997 1295 habemus,
1014 1220 1079 1284 aut
1096 1235 1207 1286 vanas

129 1327 196 1391 aut
212 1317 363 1394 inutiles
379 1342 464 1395 esse.
516 1322 676 1396 Utinam
692 1329 730 1392 et
747 1318 835 1393 tales
852 1321 904 1394 rei
921 1322 1073 1397 medicae
1099 1322 1207 1396 habe-

129 1452 275 1517 remus;
305 1432 407 1530 quod
433 1432 596 1530 profecto
624 1457 669 1504 eo
696 1432 813 1529 magis
844 1437 1086 1508 necessarium
1116 1436 1206 1509 mihi

128 1541 289 1631 videtur,
324 1568 412 1618 cum
440 1543 584 1641 insigne
613 1544 710 1617 inter
737 1553 854 1617 artem
884 1556 1046 1620 nostram
1073 1558 1111 1621 et
1137 1547 1207 1620 alia

128 1654 282 1730 artificia
297 1682 384 1755 quae
399 1665 493 1731 artes
504 1653 723 1732 melanica
734 1658 855 1731 vocari
869 1657 997 1745 solent,
1015 1659 1207 1735 discrimen

128 1765 341 1844 intercedat.
392 1769 467 1844 His
484 1768 585 1841 enim
609 1778 697 1846 sunt
723 1780 902 1867 praecepta
935 1771 1104 1869 quaedam
1130 1772 1208 1846 fixa

127 1888 169 1955 et
196 1890 304 1968 certa,
339 1879 474 1983 quibus
501 1878 634 1954 artifex
663 1880 789 1968 fretus,
825 1906 941 1955 errare
970 1895 1141 1982 nequeat,
1167 1894 1206 1958 et

126 1990 264 2089 quibus
281 2015 380 2078 usus,
405 2015 499 2091 opus
515 1991 618 2089 quod
635 1995 832 2094 susceperit
849 1995 1031 2093 perticere,
1054 1997 1123 2070 hoc
1139 2008 1205 2085 est,

126 2105 352 2178 mutationes
368 2105 408 2179 in
425 2103 534 2178 rebus
558 2130 650 2203 quas
675 2116 806 2181 tractat
835 2107 882 2180 ad
908 2107 1099 2182 arbitrium
1127 2109 1204 2181 effi·

125 2238 217 2304 cere,
242 2215 379 2315 possin
400 2241 529 2316 parum
546 2217 668 2305 refert,
686 2219 865 2317 principia
882 2219 1016 2317 quibus
1033 2221 1101 2293 ista
1117 2220 1203 2294 artis

125 2350 203 2402 suae
228 2337 408 2429 praecepta
432 2330 616 2416 nituntur,
640 2329 876 2418 intellexerit,
901 2354 1025 2406 necne.
1079 2332 1138 2406 Sic
1153 2333 1204 2405 fa-

125 2439 191 2517 ber
207 2440 418 2543 scalpellum
434 2466 455 2515 e
471 2443 565 2518 ferro
582 2443 779 2532 effinxerit,
804 2453 842 2518 et
864 2445 1204 2520 medicamentarius

126 2556 286 2652 quodvis
302 2556 614 2631 medicamentum
639 2559 841 2631 seeundum
859 2557 1003 2654 regulas
1020 2559 1203 2654 praescrip·

125 2675 182 2741 tas
197 2670 464 2766 praeparaverit,
481 2691 604 2764 neque
620 2667 795 2740 alteruter
811 2668 945 2739 horum
962 2668 1143 2740 artificum
1161 2670 1202 2741 in

124 2800 235 2875 opere
251 2803 319 2852 suo
341 2779 517 2876 repererit
542 2778 642 2877 quod
670 2777 864 2877 negotium
894 2788 1103 2876 susceptum
1134 2781 1203 2854 im-

122 2888 315 2988 pediverit.
367 2890 527 2965 Materia
555 2914 667 2988 quam
685 2899 817 2963 tractat
833 2900 1001 2963 constans
1018 2901 1083 2977 est,
1110 2916 1202 2965 sern-

122 3025 264 3102 perque
297 3002 446 3091 eadem;
488 3005 527 3076 in
557 3003 727 3076 manibus
760 3002 875 3099 inque
908 3013 1090 3101 potestate
1122 3004 1202 3102 ejus

122 3114 272 3213 penitus
289 3126 366 3202 est3
391 3127 560 3190 naturam
577 3116 657 3214 ejus
673 3115 767 3188 bene
784 3115 900 3202 novit,
926 3115 1095 3214 viresque
1118 3142 1203 3215 quae

122 3249 204 3301 eam
221 3228 382 3302 afficiant
398 3228 520 3326 adque
537 3227 688 3302 libitum
703 3236 872 3312 mutent;
898 3236 936 3301 et
952 3237 1072 3303 certus
1085 3230 1202 3327 igitur

122 3340 338 3437 promittere
347 3349 479 3439 potest,
491 3340 732 3414 mutationem
746 3340 998 3428 desideratam,
1012 3341 1071 3415 vel
1081 3351 1201 3415 muta-

122 3451 263 3524 tionem
281 3451 486 3551 quamlibet
501 3453 549 3524 ad
565 3477 680 3551 quam
696 3455 848 3529 materia
865 3462 950 3551 apta
966 3455 1024 3541 sit,
1041 3477 1080 3527 se
1095 3452 1202 3527 effec-

123 3572 261 3639 turum.

126 3693 145 3711 ·
173 3675 246 3748 Sed
261 3674 373 3774 longe
390 3671 459 3750 alia
475 3686 532 3751 est
548 3701 604 3751 ars
619 3676 774 3764 medica,
799 3687 837 3750 et
862 3676 972 3776 longe
998 3675 1076 3750 aliis
1104 3676 1200 3749 diffi-

123 3786 321 3864 cultatibus
338 3789 526 3889 implicita
576 3789 776 3863 Materiam
799 3791 899 3863 enim
925 3801 1038 3886 atque
1054 3811 1200 3887 compa-

123 3903 249 4004 ginem
267 3911 464 3978 tractamus
481 3901 773 3977 delicatissimam
791 3912 829 3977 et
845 3901 953 3975 valde
969 3898 1198 3988 mutabilem,

483 4238 501 4277 ³⁸
523 4237 600 4300 Nov.
614 4238 721 4319 Orgau.
737 4235 751 4318 ᾗ
768 4238 816 4300 80.
