2678 4794
106 337 193 395 car.
211 337 375 407 xxxa-rr.
426 334 648 404 nnmerum
666 336 954 393 saponarios.
1027 286 1039 343 ²
1111 325 1186 396 515

106 538 155 590 ex
166 513 368 613 jamdictis
384 513 531 602 morbis,
556 510 714 612 aliisque
726 509 920 615 similibus,
942 510 1110 613 prodesse
1125 514 1179 590 vi·

105 627 132 701 d
216 683 225 702 .
387 650 405 668 ’,
493 650 496 655 .

132 639 469 819 ᾷλῗὲοέοικκκικ.
495 702 654 811 Prodest
669 736 791 825 etiam,
808 736 949 811 ratione
965 737 1049 811 satis
1066 731 1180 811 mani-

101 850 205 939 festa,
228 851 268 925 iu
284 847 362 941 alui,
374 846 495 935 fluxu,
520 860 586 922 aut
602 872 739 946 magno
755 850 872 924 un'nae
893 847 1087 948 profluvio,
1113 858 1179 923 aut

101 962 269 1060 hydrope
283 961 376 1049 varii
392 960 548 1058 generis,
571 960 611 1033 in
628 985 705 1059 quo
722 962 822 1036 haud
839 985 919 1063 raro
934 963 1030 1035 inter
1046 961 1179 1035 sudan-

103 1074 193 1149 dum
213 1096 317 1171 aquae
330 1072 425 1161 adeo
433 1070 558 1146 subito
573 1081 613 1145 et
628 1073 772 1171 copiose
784 1074 1025 1162 resorbentur,
1041 1083 1088 1147 ut
1103 1094 1180 1146 non

102 1185 216 1261 modo
231 1186 362 1282 ingens
378 1192 417 1256 et
433 1181 633 1258 diutumus
651 1184 771 1270 sudor,
795 1186 859 1260 sed
884 1208 1042 1285 magnus
1067 1182 1179 1258 simul

102 1298 221 1373 urinae
236 1295 363 1381 fluxus
378 1294 528 1383 accidat,
553 1295 690 1395 quibus
707 1294 808 1370 dirus
824 1296 887 1370 ille
904 1297 1051 1373 morbus
1067 1296 1178 1370 inter·

104 1409 195 1483 dum
213 1432 358 1507 pmrsus
375 1407 583 1506 depellitur.

155 1543 353 1613 mccccxc.
370 1520 527 1596 Prodest
544 1520 696 1597 demum
713 1519 753 1594 in
770 1518 899 1596 multis
913 1520 1045 1596 morbis
1057 1531 1180 1597 vetus·
1217 1584 1222 1607 ,

104 1634 153 1709 tis
183 1656 265 1731 quae
280 1643 405 1708 cutem
422 1632 586 1708 maxime
613 1631 792 1721 afficiunt,
817 1632 935 1708 veluti
964 1632 1064 1732 lepra
1088 1632 1181 1707 varii

105 1746 259 1846 generis,
284 1755 350 1823 aut
377 1743 439 1820 lue
455 1768 631 1831 venerea3
656 1744 697 1818 in
722 1767 800 1844 quo
828 1767 914 1818 sane
940 1746 1078 1831 morbo,
1104 1745 1183 1819 sive

105 1866 274 1931 externas
290 1858 368 1932 sive
384 1859 544 1941 internas
561 1867 683 1957 partes
712 1857 958 1956 occupaverit,
984 1854 1183 1931 exhalatio-

106 1991 194 2043 nem
211 1992 277 2066 per
288 1979 412 2042 cutem
429 1993 656 2066 promovere,
672 1968 732 2044 vel
749 1993 845 2069 saepe
862 1969 974 2044 etiam
991 1970 1184 2067 copiosum

107 2079 236 2153 elicere
252 2077 434 2164 sudorem,
459 2079 640 2153 eximium
657 2078 864 2175 remedium
881 2090 945 2156 est

158 2210 373 2265 mccccxcn
399 2188 481 2262 Diu
498 2189 664 2285 profecto¹
677 2199 791 2285 atque
806 2193 979 2266 acerrime
995 2195 1092 2268 iuter
1107 2215 1184 2267 me·

108 2301 208 2377 dicos
225 2300 456 2400 disputatum
473 2308 530 2372 est
557 2298 604 2372 de
629 2297 823 2373 sudoribus
852 2299 892 2372 in
919 2303 1022 2375 omni
1050 2325 1186 2401 genere

109 2415 268 2489 febrium
286 2411 481 2499 eliciendis,
499 2433 620 2508 neque
632 2407 809 2485 hactenus
821 2410 865 2484 lis
876 2410 968 2486 adeo
984 2413 1187 2511 composita

110 2537 177 2613 est,
193 2535 239 2600 ut
254 2523 355 2624 apud
372 2546 433 2596 eos
450 2521 653 2606 stabilitum
672 2521 730 2608 sit,
743 2522 908 2621 quando,
925 2533 964 2597 et
981 2546 1186 2622 quousque,

1269 1810 1289 1848 d

110 2647 151 2712 et
166 2638 302 2737 quibus
319 2633 500 2723 remediis,
524 2632 607 2709 talis
631 2633 806 2710 medendi
834 2634 928 2710 ratio
956 2635 996 2709 in
1025 2634 1187 2711 febribus

110 2750 316 2825 conveniat

161 2881 394 2939 uccccxcrr.
412 2856 567 2938 Consmt
583 2885 671 2937 vero
686 2857 823 2936 multas
839 2859 956 2936 febres
985 2885 1050 2961 per
1078 2869 1187 2938 natu-

111 2972 238 3065 ralem·
254 2973 426 3067 sudorem
455 2973 750 3073 frequentissime
777 2972 958 3048 sublevari
986 2965 1049 3047 vel
1077 2974 1190 3062 solvi;

110 3110 233 3184 neque
249 3085 406 3161 dubium
423 3095 480 3160 est
495 3085 615 3161 multa
639 3085 801 3161 remedia
815 3087 863 3159 ad
879 3086 1029 3161 sudores
1044 3084 1189 3182 elicien-

112 3197 178 3273 dos
194 3198 290 3284 data,
312 3198 429 3273 veluti
446 3197 636 3287 diluentis,
652 3198 912 3298 refrigerantia,
929 3200 1133 3289 vomitorio,
1149 3209 1189 3275 et

112 3309 313 3407 praesertim
338 3309 605 3384 medicamenta
621 3335 668 3385 ex
686 3312 796 3386 stibio
812 3324 937 3410 parata
952 3311 1188 3387 febricitanti-

112 3421 182 3494 bus
212 3444 307 3520 saepe
335 3421 482 3519 egregie
498 3421 678 3519 prodesse,
703 3423 950 3522 morbumque
967 3422 1027 3498 vel
1043 3440 1191 3523 pmrsus

111 3532 305 3631 depellere,
330 3531 390 3605 vel
408 3532 593 3607 mitiorem
610 3534 794 3611 saltemet
811 3537 988 3612 tutiorem
1015 3535 1190 3624 reddam

112 3667 238 3743 neque
254 3645 407 3717 demum
425 3644 637 3742 negandum
655 3655 722 3735 est,
738 3648 887 3723 sudores
904 3640 1092 3727 interdum
1107 3671 1191 3748 pro-

113 3756 226 3831 fuisse
242 3780 308 3856 per
324 3755 592 3851 medicamenta
608 3758 830 3833 validissima
855 3768 895 3833 et
920 3761 1084 3836 maxime
1100 3757 1189 3833 cale·

113 3864 296 3956 facientia,
321 3878 360 3942 et
376 3867 540 3944 multum
558 3868 725 3959 calorem,
750 3879 923 3946 extortos.
1170 3962 1173 3967 Α

165 4002 421 4057 mccccxclu.
438 3979 579 4057 Contra
589 3990 727 4070 autem,
743 4003 818 4056 uon
837 3982 960 4057 minus
976 3994 1118 4057 certum
1135 3991 1191 4056 est

114 4090 288 4166 sudorem
316 4095 429 4166 etiarn
452 4092 655 4183 naturalem
683 4093 722 4167 in
749 4092 850 4168 febre
878 4106 1191 4194 prorumpentem,

113 4202 290 4277 morbum
314 4227 410 4302 saepe
439 4227 562 4306 neque
578 4204 717 4291 solvere
733 4230 855 4307 neque
871 4205 1003 4293 levare,
1027 4214 1066 4280 et
1081 4227 1193 4303 aegro·

604 4338 630 4392 n
648 4314 716 4392 ks
