2678 4794
85 430 90 439 ⁸
129 338 203 416 21⁰
545 353 809 414 cousrncrus‘
1031 358 1118 413 car.
1135 357 1164 413 x

134 535 286 628 (scilicet
299 555 459 634 quorum
475 531 665 631 particulaev
678 533 836 608 minores
852 541 983 621 essent,
1006 532 1164 609 secundu

132 648 344 746 opinionem
361 667 487 718 eorum
504 655 697 720 auctorum
714 646 781 744 qui
801 646 895 720 hanc
911 646 1115 720 doctrinam
1132 657 1164 720 n

131 759 377 858 bantur)‘cum
395 757 625 833 messionibus
641 757 834 845 elabentes,
852 759 917 833 hos
932 758 1164 857 inquinassen

132 880 171 945 et
195 872 255 958 sic,
279 869 382 944 verbi
405 869 532 969 gratia,
557 871 670 945 urina>
687 895 773 945 curn
799 870 885 960 bile,
915 871 1062 956 semine,
1089 894 1164 943 mur

131 982 234 1071 lacte,
258 983 375 1082 adipe,
401 993 546 1071 secreta,
571 985 709 1058 omnes*
729 982 818 1057 istos
846 983 1016 1057 humores
1032 1005 1164 1079 corrup

130 1104 195 1168 set
245 1095 350 1183 Quin
364 1104 403 1169 et
419 1095 627 1170 crassissimi
643 1096 709 1194 qui
726 1095 902 1170 videntur
918 1095 1098 1181 humores,
1116 1093 1164 1167 bil

130 1228 312 1294 remman,
333 1229 479 1294 munus,
496 1204 617 1282 multo
633 1208 818 1282 tenuiores
834 1208 973 1293 secreti,
989 1206 1129 1279 haustis
1144 1229 1164 1305 p

130 1341 217 1391 vasa
232 1318 462 1394 absorbentia
477 1319 706 1394 tenuioribus
727 1330 766 1393 et
781 1318 926 1419 aquosis
949 1318 1113 1417 ipsorum
1130 1340 1164 1418 pr

129 1429 241 1517 tibus,
266 1431 430 1506 debitam
455 1431 606 1505 tandem
630 1430 884 1530 adipiscuntur
920 1429 1164 1504 crassitudine

130 1541 247 1617 Porro
271 1541 324 1616 fel
344 1542 476 1642 ipsum,
501 1543 578 1640 jam
604 1552 786 1617 secretum
810 1554 852 1617 et
874 1565 1032 1618 murum
1057 1541 1164 1617 facua

130 1656 169 1728 in
195 1655 414 1756 sanguinem
450 1654 589 1729 iterum
611 1664 852 1753 resumptum,
881 1678 967 1729 cum
993 1652 1164 1728 tenuissiu

128 1766 296 1857 hutnore,
311 1768 415 1843 arma
430 1764 579 1855 scilicet,
593 1789 616 1840 e
631 1790 780 1865 corpure
796 1765 966 1840 facillime
983 1765 1150 1840 elabitur.

178 1902 293 1956 nccv.
319 1879 400 1955 Nec
415 1878 579 1953 multum
595 1878 828 1978 profecerunt
842 1877 999 1966 clenna
1016 1879 1083 1977 qui
1099 1875 1164 1952 alia

127 1993 279 2066 omnino
302 1986 454 2092 ingressi
480 2001 568 2066 sunt
592 1992 703 2079 viam,
737 2003 782 2066 ut
814 1990 926 2089 hujus
950 1992 1003 2064 rei
1027 1991 1164 2065 ratione

126 2104 331 2179 redderent.
399 2103 648 2179 erediderunt
686 2103 856 2178 nonnulli
891 2103 1124 2202 sanguinem,-
1160 2127 1164 2172 ι

126 2239 266 2316 organa
286 2217 510 2291 mentia
534 2214 711 2304 delatum,
747 2216 993 2291 mutationem
1019 2212 1164 2315 quanda

127 2327 320 2405 monicum
344 2330 396 2403 ibi
421 2329 553 2417 subire,
578 2354 664 2430 quae
686 2329 809 2428 ipsum
837 2329 876 2401 in
902 2325 1009 2401 aliam
1035 2336 1164 2405 natum

125 2451 296 2529 verteret,
321 2466 395 2518 non
422 2465 534 2517 secus.
548 2467 591 2516 ac
613 2451 782 2517 mustum
798 2442 838 2514 in
855 2441 1001 2528 vinum,
1023 2448 1063 2514 et
1078 2439 1150 2514 noc

58 2641 61 2646 ¹
126 2565 270 2630 acetum
302 2565 525 2646 vertuntur;
568 2564 607 2629 et
632 2580 708 2653 quo
733 2554 865 2628 melius
893 2562 933 2627 et
968 2553 1107 2627 certius
1136 2550 1164 2626 b

126 2665 240 2753 fieret,
269 2664 495 2740 fermentum
511 2667 701 2764 quoddam
728 2665 882 2765 singulis
905 2662 1106 2764 glandulis
1121 2663 1164 2738 im

127 2785 211 2848 tum
233 2775 434 2877 finxerunt
462 2777 571 2874 quale
597 2787 731 2852 certam
758 2786 797 2850 et
810 2776 1013 2852 definitam
1040 2776 1164 2851 humor

127 2886 281 2982 quicum
309 2889 523 2962 minneretur
554 2887 799 2961 mutationem
831 2888 1033 2964 induceret
1099 2886 1164 2965 Nil

125 3018 214 3070 vero
238 2995 447 3070 istiusmodi
469 2994 667 3095 glandulis
692 2995 809 3073 inesse
824 3000 983 3090 videtur,
1012 3023 1147 3100 neque,

125 3104 247 3193 suerit,
264 3130 343 3180 rern
360 3100 568 3207 explicabit.

175 3238 305 3296 uccvn
333 3219 512 3318 Magnam
528 3229 567 3293 et
592 3220 721 3294 miram
746 3225 1019 3323 compositionis
1036 3225 1164 3302 mutati

124 3355 212 3406 nem
228 3326 271 3406 in'
285 3330 430 3431 organis
458 3333 729 3408 secernentibus
747 3335 917 3410 humores
936 3338 1119 3436 plurimos
1147 3360 1164 3413 s

125 3442 214 3530 bire,
240 3444 484 3519 certissimum
513 3454 578 3519 est.
629 3445 725 3521 Haec
740 3472 838 3539 vero,
867 3474 961 3524 num
977 3460 1077 3525 recte
1093 3449 1164 3526 adr

124 3553 264 3628 fectum
290 3553 461 3629 fermenti
486 3555 672 3645 referatur,
694 3558 865 3657 judicent
894 3562 921 3634 ii
937 3561 1004 3660 qui
1021 3572 1164 3639 naturai

123 3674 162 3738 et
181 3667 284 3753 vires,
301 3667 492 3766 variasque
508 3670 644 3768 species
673 3669 938 3746 sarmentorum
955 3675 1145 3766 noverint,

122 3776 240 3876 ipsam
266 3779 512 3854 mutationem
540 3779 791 3858 intellexerint
809 3809 919 3882 quam
945 3785 1007 3861 isti
1032 3785 1164 3863 humor

123 3887 294 3964 subeunt
373 3891 528 3967 Frustra
560 3893 658 3967 enirn
692 3894 740 3968 de
771 3896 949 3971 vocabulo
981 3897 1164 3998 disputan

121 4000 245 4077 Probe
272 4013 399 4077 autem
430 4005 607 4078 memoria
634 4014 759 4080 tenere
774 4018 929 4107 oportet,
958 4012 1164 4087 mutatione

121 4112 230 4188 iatam
256 4116 416 4214 pendere
440 4114 602 4190 multum
629 4118 677 4191 ab
703 4120 845 4195 actione
874 4146 1046 4198 vasorum
1077 4148 1164 4227 σιμ

122 4226 351 4316 secernentis,
367 4235 405 4303 et
421 4237 534 4327 prout
559 4227 637 4304 haec
653 4221 783 4307 affecta
798 4231 946 4322 fuerint,
975 4235 1123 4335 copiam
1140 4236 1164 4311 b
