2678 4794
76 386 167 441 car.
185 383 298 439 xxrv.
358 380 579 440 uramenta:
597 385 884 446 rnnoaamcm.
1087 382 1158 458 299

78 565 204 664 positi,
220 587 361 637 novum
377 562 545 639 nudandi
560 563 753 640 consiliam
768 589 845 639 esse
861 566 1067 654 oritumm;
1088 576 1160 646 tot-

79 700 158 775 que
182 675 267 750 ideo
293 677 463 750 remediis
491 675 567 751 fere
594 702 688 776 opus
716 678 887 753 futurum
912 679 960 753 ad
987 680 1161 756 morbum

78 787 286 889 quemlibet
303 788 518 876 sanandum,
547 800 641 888 quot
668 792 708 864 iu
726 790 880 889 siugulis
896 793 1001 890 aegris
1030 804 1162 892 praeter

74 915 248 977 naturam
269 925 331 974 res
356 900 557 976 observatae
582 912 726 977 essent:
756 913 796 977 et
811 904 890 1003 pari
906 905 1057 992 ratione,
1085 929 1163 985 non

76 1015 189 1089 modo
205 1015 402 1088 innumera
430 1015 505 1088 fere
532 1016 799 1089 medicamenta
824 1015 956 1090 eodem
984 1024 1160 1116 tempore,

76 1127 139 1201 vel
156 1128 377 1200 brevissimis
403 1127 614 1215 intervallis,
641 1128 688 1201 ab
716 1129 823 1227 aegris
848 1152 926 1204 esse
941 1130 1161 1218 devoranda,

77 1239 146 1315 sed
160 1239 238 1314 haec
255 1263 406 1338 quoque
422 1238 678 1314 diversissimae
693 1252 845 1328 naturae,
874 1242 1023 1316 fortasse
1049 1241 1163 1316 etiam

77 1352 231 1450 penitus
246 1353 457 1438 contrariae;
482 1353 535 1428 ita
559 1361 603 1426 ut
620 1351 742 1450 siquid
768 1351 913 1451 singula
929 1353 1092 1427 valerent
1107 1377 1162 1427 re-

79 1462 206 1536 media
220 1463 367 1538 sibimet
382 1465 474 1538 adeo
490 1464 729 1547 adversantia,
759 1488 844 1538 suos
861 1475 993 1541 mutuo
1009 1465 1162 1540 effectus

81 1574 230 1650 turbare
244 1587 282 1649 et
299 1577 479 1676 impedire
495 1586 690 1677 oporteret,
718 1600 794 1651 non
821 1577 899 1651 sine
927 1579 1031 1678 gravi
1048 1602 1162 1678 aegro·

76 1688 241 1762 mutium
259 1689 508 1781 incommodo,
525 1689 585 1764 vel
601 1688 751 1763 forsitan
769 1688 940 1788 periculo.
1217 1697 1222 1773 Ϊ
1297 1702 1300 1717 “

128 1821 330 1876 occcuxx.
357 1803 461 1890 Quin
487 1814 524 1877 et
548 1804 642 1877 ratio
666 1803 803 1902 pariter
829 1801 948 1890 docet,
977 1812 1015 1877 et
1043 1803 1163 1878 multa

77 1912 307 2009 experientia
324 1916 600 2002 demonstravit,
620 1939 751 2015 parum
769 1912 990 2014 plerumque
1005 1916 1044 1988 in
1062 1939 1162 1990 cura·

80 2023 185 2096 tione
202 2025 414 2100 morborum
431 2028 558 2126 profici
573 2028 620 2101 ab
635 2029 679 2100 iis
696 2027 764 2125 qui
780 2026 890 2101 talem
909 2028 1061 2102 curandi
1078 2029 1163 2102 rati·

80 2158 195 2208 onem
220 2137 470 2225 instituerint;
495 2140 670 2213 nimimm
689 2139 767 2237 qui,
784 2138 951 2238 neglecta
966 2140 1108 2239 origine
1125 2148 1164 2214 et

67 2271 190 2322 eausa
206 2249 304 2336 mali,
330 2251 368 2323 in
396 2251 550 2351 singulis
567 2250 801 2325 sublevandis
817 2251 1031 2324 morborum
1049 2252 1163 2349 signis

79 2361 150 2434 toti
168 2371 286 2434 semet
303 2363 575 2460 occupaverint.
626 2363 730 2460 Saepe
757 2363 854 2434 enim
873 2361 985 2435 nullis
1001 2370 1067 2435 aut
1084 2358 1164 2434 tolli

80 2483 148 2548 aut
172 2470 356 2567 sublevari
380 2484 502 2572 potest
527 2473 698 2547 remediis
723 2471 1022 2547 molestissimum
1045 2472 1165 2545 morbi

83 2584 247 2682 signum,
272 2585 342 2658 nisi
368 2588 469 2685 prius
495 2585 637 2665 sublata
660 2584 772 2659 fuerit
801 2586 880 2683 ejus
904 2583 1024 2658 morbi
1048 2607 1165 2658 causa

80 2694 154 2770 Vel
172 2697 205 2770 si
232 2695 327 2771 forte
343 2697 491 2773 fortuna
507 2697 676 2771 remediis
693 2697 917 2796 quibusdam
934 2695 1167 2771 validissimis

81 2831 257 2906 suspensa
295 2807 407 2885 fuerit
440 2799 520 2909 ejus
557 2808 735 2896 molestia,
770 2807 892 2887 deleto
929 2808 1066 2883 scilicet
1106 2808 1167 2883 vel

83 2930 255 3019 superato
271 2919 351 3018 ejus
368 2946 486 3009 sensu,
503 2934 628 2996 tamen
640 2919 802 2997 multum
815 2922 918 2996 abest
934 2932 980 2996 ut
996 2946 1082 2996 oum
1099 2920 1168 2996 hac

83 3032 251 3107 molestia
266 3033 472 3132 periculum
490 3059 641 3134 quoque
657 3034 776 3109 morbi
794 3033 1067 3110 submoveatur.
1130 3088 1134 3099 .

134 3165 373 3220 ncccccxrr.
393 3146 621 3245 Plerumque
637 3170 733 3234 sane,
750 3146 930 3246 mitigatis
946 3146 1168 3247 quibusdam

87 3254 147 3328 vel
171 3257 342 3331 omnibus
379 3257 498 3330 morbi
524 3259 646 3358 signis,
684 3268 786 3334 totus
819 3255 932 3333 simul
957 3257 1170 3332 sublevatur

86 3366 248 3454 morbus,
274 3379 313 3443 et
337 3393 412 3443 non
431 3369 550 3444 solum
568 3371 705 3458 mitior,
730 3370 793 3446 sed
811 3371 928 3445 tutior
943 3392 1105 3467 quoque,
1132 3379 1170 3444 et

84 3490 214 3555 sanatu
232 3480 373 3558 facilior
388 3481 536 3567 evadit;
563 3481 713 3557 fortasse
730 3483 843 3556 etiarn
859 3478 1016 3556 Naturae
1030 3480 1171 3557 viribus

84 3589 277 3667 interdum
295 3602 445 3669 sanatur
460 3594 631 3693 penitus:
649 3594 751 3693 quod
768 3609 893 3669 tamen
910 3618 985 3669 non
1002 3603 1171 3668 constans

85 3725 168 3791 csse,
195 3703 359 3803 plurima
392 3693 620 3804 experientia
644 3706 925 3804 comprobatum
950 3715 1015 3780 est.
1090 3707 1172 3781 Neo

85 3816 200 3914 major
224 3827 292 3891 aut
318 3818 546 3916 frequentior
569 3816 644 3891 fere
670 3818 710 3891 in
739 3827 817 3891 arte
833 3819 976 3893 medica
991 3819 1173 3918 reperitur

86 3923 290 4016 difficultas,
316 3956 431 4028 quam
455 3940 501 4005 ut
526 3930 613 4005 sciat
639 3929 791 4005 clinicus
814 3930 965 4027 quando
981 3939 1020 4004 et
1036 3952 1171 4029 quous·

86 4057 155 4135 (1¹¹0
183 4041 392 4141 mitiganda
421 4045 495 4120 sint
512 4043 720 4118 molestiora
737 4042 856 4116 morbi
886 4043 1001 4142 signa,
1026 4039 1170 4139 postha-

87 4145 159 4225 bita
175 4153 339 4251 generali
357 4157 546 4232 curatione
562 4154 660 4245 mali,
686 4179 772 4254 quae
788 4153 940 4234 sublatis
956 4153 1072 4253 ipsius
1088 4173 1171 4225 cau·

87 4259 130 4338 tia
145 4263 290 4342 absolvi
306 4267 429 4344 debet.
452 4338 455 4342 .
