2678 4794
128 427 216 483 car.
233 413 352 481 xm
438 420 658 478 nnmerum
684 420 970 480 insonamus.
1129 406 1200 486 427

124 607 311 702 quantitas
328 601 404 702 opii
419 626 504 700 quae
520 626 649 678 sanum
668 599 858 676 hominem
875 601 1065 700 sopivisset
1081 623 1201 676 neces-

126 718 219 789 saria
234 717 352 790 fuerit.

130 868 134 875 ν
176 850 374 902 uccnxxr.
401 826 558 925 Oportet
575 850 725 924 quoque
742 826 841 914 scire,
866 827 993 925 opium
1019 835 1058 901 et
1074 824 1203 901 similia

126 939 395 1013 medicamenta
413 939 545 1036 saepius
558 940 723 1037 repetita,
739 938 851 1037 longo
867 962 939 1012 usu
955 948 994 1013 et
1009 949 1204 1013 consuetu-

127 1049 215 1123 dine
230 1053 326 1125 vires
357 1075 439 1125 suas
465 1072 601 1149 magna
617 1074 665 1122 ex
681 1061 783 1147 parte
807 1051 987 1139 amittere,
1011 1074 1080 1126 nec
1104 1050 1204 1149 quic·

127 1187 239 1260 quarn
258 1162 333 1235 fere
350 1162 519 1259 prodesse
535 1162 605 1234 nisi
621 1163 774 1260 ingente
789 1163 893 1261 copia
908 1173 1113 1251 sumantur,
1128 1187 1204 1237 cor·

125 1298 273 1374 pusque
289 1275 332 1345 iis
348 1274 400 1345 ita
416 1295 616 1346 assuescere
633 1282 676 1346 ut
702 1272 952 1349 incredibilem
968 1298 1097 1350 eorum
1114 1275 1205 1364 vim,

124 1385 246 1484 qualis
263 1408 336 1458 non
354 1394 497 1458 assueto
508 1407 650 1458 veneno
662 1383 800 1470 fuisset,
816 1382 1040 1482 facilemque
1051 1388 1205 1486 impune

125 1498 231 1583 ferat,
258 1508 296 1569 et
312 1506 395 1593 post
420 1496 633 1593 hujusmodi
658 1495 960 1570 consuetudinem
978 1495 1206 1594 aliquamdiu

128 1607 338 1694 stabilitam,
360 1608 466 1682 solito
482 1609 751 1682 medicamento
766 1632 863 1707 aegre
889 1611 1128 1709 (uccccxnv)
1144 1633 1208 1683 ne·

129 1744 203 1818 que
228 1721 383 1818 impune
407 1744 535 1808 carere,
561 1721 614 1795 ita
640 1729 685 1794 ut
711 1718 812 1794 lente
826 1730 866 1795 et
882 1730 989 1795 caute
1004 1721 1208 1797 admodum

130 1831 227 1904 idem
246 1818 434 1929 detrahere
446 1842 621 1931 oporteat.
1002 1919 1006 1928 ,

180 1964 387 2019 mccnxxu.
414 1944 533 2019 Aliud
550 1945 721 2044 denique,
746 1946 861 2046 idque
877 1971 951 2021 non
970 1945 1053 2021 leve
1069 1948 1207 2021 incom-

132 2056 288 2129 modum
305 2058 432 2155 opium
457 2059 497 2130 in
515 2057 690 2146 sehabet,
714 2081 859 2158 nempe,
884 2059 987 2158 quod
1004 2056 1209 2134 ventriculo

130 2191 229 2266 saepe
243 2168 349 2242 valde
374 2171 563 2267 ingratum
592 2171 649 2256 sit,
674 2179 713 2243 et
736 2193 910 2243 nauseam
934 2170 996 2245 vel
1021 2172 1208 2246 vomitum

131 2291 288 2367 moveat,
314 2291 361 2368 et,
389 2281 487 2379 quod
504 2281 609 2379 pejus
627 2292 693 2369 est,
709 2282 960 2357 ventriculum
977 2280 1052 2355 fere
1068 2300 1211 2378 semper

132 2393 318 2491 (mccrux)
348 2392 581 2491 aliquantum
598 2392 771 2480 infirmet,
797 2404 834 2466 et
859 2393 1034 2475 intestina
1057 2391 1212 2489 torpida,

131 2512 172 2576 et
187 2503 312 2579 alvum
326 2505 410 2578 ideo
422 2504 529 2578 valde
545 2506 726 2578 astrictam
744 2505 884 2580 reddat.
935 2503 1010 2578 His
1026 2504 1143 2602 igitur
1157 2503 1212 2576 in·

132 2618 336 2690 commodis
353 2616 480 2691 sedulo
497 2642 683 2692 occurrere
699 2626 855 2715 oportet,
867 2614 926 2689 vel
943 2615 1214 2689 medicamento

131 2726 257 2826 aliquo
272 2742 379 2829 grato
395 2728 607 2804 stimulante
624 2754 710 2804 curn
730 2730 815 2828 opio
826 2728 970 2826 juncto,
986 2727 1047 2801 vel
1063 2727 1094 2800 si
1110 2725 1215 2801 nullo

132 2840 246 2914 modo
271 2841 497 2915 ventriculus
517 2841 557 2915 id
584 2840 736 2915 tolerare
763 2849 896 2939 potest,
921 2841 1008 2939 opio
1033 2863 1099 2939 per
1123 2838 1215 2939 alys

134 2961 250 3027 terem
269 2953 309 3026 in
326 2955 498 3029 intestina
514 2955 701 3040 immisso;
730 2953 791 3027 vel
808 2952 917 3026 diaeta
933 2953 1048 3035 tenui,
1078 2952 1216 3026 subsci-

135 3064 194 3153 da,
220 3066 338 3164 qualis
355 3067 481 3142 alvum
497 3067 629 3141 leniter
654 3065 793 3140 solvere
809 3066 933 3164 possit,
959 3063 1019 3138 vel
1045 3063 1119 3138 levi
1143 3063 1218 3138 alvi

137 3179 368 3276 purgatione,
385 3180 445 3252 vel
461 3180 614 3254 demum
634 3180 733 3276 (quae
750 3177 951 3250 meliorest
967 3184 1006 3250 et
1024 3176 1217 3273 usitatior),

136 3288 332 3388 frequente
348 3300 386 3363 et
404 3291 548 3364 modica
576 3290 650 3364 alvi
677 3290 851 3364 ductione
867 3312 933 3387 per
949 3288 1097 3360 idoneas
1114 3283 1219 3360 lotio·

135 3424 202 3475 nes
218 3401 454 3477 emollientes.

187 3536 416 3588 mccnxxru.
444 3516 491 3587 ln
508 3515 623 3587 nimia
639 3539 789 3613 quoque
803 3522 870 3589 aut
886 3511 1052 3587 abnormi
1076 3512 1220 3587 actione

135 3625 311 3700 fibrarum
330 3627 632 3713 musculosarum,
656 3627 773 3724 qualis
789 3650 961 3726 spasmus
978 3634 1141 3712 vocatur,
1167 3649 1220 3700 se-

135 3738 263 3811 dantia
279 3740 452 3825 remedia,
478 3750 626 3838 propter
642 3737 795 3812 effeetus
812 3761 896 3811 suos
915 3738 955 3809 iu
976 3760 1120 3836 genere
1136 3759 1222 3811 ner·

136 3872 232 3937 vose,
250 3850 357 3924 utilia
373 3851 492 3925 fiunt:
518 3853 557 3924 in
575 3851 645 3925 boe
657 3860 756 3924 statu
773 3848 948 3936 adhibita,
976 3848 1221 3950 antispasnto-

134 3960 219 4036 dica
239 3963 408 4062 (nccxn)
426 3965 612 4039 dicuntur.

187 4097 417 4150 nccnxrmv.
456 4077 581 4151 Multa
615 4100 710 4163 sane,
745 4083 789 4149 ut
809 4074 889 4172 jam
916 4074 1125 4173 expositum
1153 4081 1219 4160 est,

135 4187 406 4262 medicamenta
439 4191 642 4288 (mccxsu)
679 4189 822 4287 aliaque
855 4189 1014 4262 remedia
1046 4185 1219 4260 adversus

133 4321 301 4400 spasmos
317 4300 502 4378 interdum
520 4311 696 4402 prosunt;
720 4312 759 4377 et
776 4301 928 4402 quidem
952 4321 1029 4374 non
1053 4294 1217 4373 sedantia
