2678 4794
115 318 203 375 car.
221 313 304 370 xm.
409 309 628 368 mamertus
647 309 932 365 rnuouurrca.
1113 295 1183 365 24³

110 493 311 570 accedente.
361 488 553 587 Plerisque
582 487 806 573 mulieribus,
833 486 925 560 dum
942 495 1089 560 uterum
1116 510 1165 586 ga

110 617 208 695 runt,
225 630 264 679 os
280 603 359 701 ejus
375 602 567 689 clauditur,
596 611 634 675 et
650 624 791 675 menses
820 599 914 672 nulli
930 613 1027 686 sunt,
1056 609 1095 671 et
1111 601 1180 672 hoc

107 718 338 820 potissimum
356 715 461 813 signo
486 725 624 787 norunt
640 738 678 786 se
702 713 915 811 concepisse.
967 711 1101 811 Neque
1127 721 1179 785 ta·

102 855 191 906 men
208 829 303 904 adeo
318 850 442 900 rarum
458 838 523 914 est,
545 826 735 925 gravidam
752 826 878 925 primis
895 827 1080 901 mensibus
1097 824 1179 903 soli·

105 955 186 1020 tum
205 940 358 1015 fluxum
374 938 515 1013 babere.

151 1076 327 1131 nccxcv.
354 1050 491 1124 Multae
514 1076 536 1125 a
560 1063 739 1150 conceptu
763 1048 810 1125 acl
844 1064 991 1151 partum
1017 1075 1134 1150 usque
1158 1075 1181 1122 a
1257 1108 1260 1117 .

106 1165 297 1243 stomacho
312 1163 486 1249 laborant,
516 1178 553 1237 et
569 1165 879 1261 importunissima
895 1190 1038 1251 nausea,
1063 1176 1101 1237 et
1117 1186 1181 1236 vo·

108 1279 216 1365 mitu,
239 1277 441 1375 praesertim
471 1275 567 1349 horis
594 1276 792 1361 matutinis,
817 1289 1017 1351 vexantur:
1056 1299 1182 1375 paueae

113 1389 264 1488 quidem
285 1389 331 1462 ab
355 1388 412 1461 his
437 1386 541 1460 malis
566 1387 719 1462 omnino
734 1387 917 1461 immunes
934 1397 1031 1474 sunt,
1060 1391 1112 1461 ita
1136 1397 1181 1462 ut

114 1503 178 1577 vix
203 1492 365 1576 morbosa
389 1498 601 1575 habeantur.
675 1500 878 1575 Abnormis
902 1502 974 1575 cibi
998 1510 1183 1602 potusque

111 1614 303 1714 appetitus,
329 1604 446 1709 qualis
470 1610 642 1687 Mulaciu
660 1613 800 1710 (ncxv)
825 1623 986 1701 vocatur,
1012 1636 1184 1688 nonnun-

110 1750 221 1825 quam
238 1724 397 1824 gravidis
413 1724 553 1797 accidit.
604 1724 834 1822 Hujusmodi
851 1724 946 1797 mala
966 1750 988 1797 a
1004 1746 1184 1799 consensu

109 1841 204 1913 iuter
221 1837 451 1913 stomachum
465 1846 503 1910 et
521 1846 664 1910 uterum
679 1839 859 1924 oriuntur,
876 1861 998 1934 neque
1009 1836 1056 1910 ab
1072 1835 1183 1932 hujus

111 1951 236 2051 organi
263 1949 357 2022 mole
380 1948 520 2045 reliqua
548 1948 682 2022 viscera
718 1949 1003 2048 comprimente:
1042 1949 1183 2046 quippe

112 2064 197 2163 quia
211 2062 313 2162 prius
340 2062 523 2159 incipiunt
549 2085 655 2158 saepe,
680 2085 791 2158 quam
809 2072 935 2136 uterus
963 2070 1118 2148 tumeat,
1143 2070 1183 2135 et

111 2174 306 2275 aliquando
322 2172 505 2260 desinunt,
533 2171 591 2245 vel
609 2170 854 2260 sublevantur,
881 2173 1022 2248 ultimis
1049 2172 1183 2246 mensi·

111 2284 176 2362 bus
191 2284 433 2386 graviditatis,
452 2308 538 2358 cum
556 2295 682 2357 uterus
700 2284 942 2382 amplissimus
959 2296 1024 2359 est.

156 2419 344 2473 uccxcvu
369 2397 458 2470 Alia
483 2418 632 2494 quoque
657 2388 756 2469 haud
781 2419 897 2494 pauca
920 2420 942 2468 a
963 2394 1182 2494 graviditate

98 2508 309 2611 ,aliquando
332 2509 503 2584 oriuntur
527 2507 780 2590 incommoda;
822 2505 959 2604 pedum
986 2507 1185 2604 praesertim

112 2634 148 2699 et
158 2646 310 2698 crurum
320 2632 453 2708 tumor,
470 2617 714 2705 boerrwrrlrois,
731 2628 769 2692 et
781 2617 952 2716 quaedam
967 2618 1082 2691 urinae
1094 2618 1207 2707 vitia2

112 2734 549 2831 (nccxnrluncoxn1v);
573 2756 731 2830 quarum
749 2755 872 2806 rerum
897 2732 988 2805 ratio
1005 2730 1104 2805 haud
1119 2730 1183 2804 ob·
1226 2724 1229 2731 ’

112 2868 211 2923 scura
223 2855 289 2920 est.
334 2843 531 2920 Nonnuuae
543 2868 631 2917 vero
641 2843 822 2931 mulieres,
840 2843 931 2916 dum
948 2842 1066 2942 plenae
1082 2853 1181 2928 sunt,

111 2960 249 3059 optima
266 2968 303 3032 et
320 2957 527 3033 firmissima
543 2957 755 3032 valetudine
772 2956 968 3031 fruuntur:
996 2959 1048 3032 ita
1065 2971 1109 3031 ut
1126 2957 1183 3031 his

113 3070 306 3168 graviditas
325 3069 523 3144 multorum
541 3095 636 3169 saepe
652 3071 864 3145 morborum
885 3071 1091 3146 remedium
1108 3069 1182 3144 fiat.

160 3203 357 3257 nccxcvu.
383 3181 487 3256 Finis
512 3182 741 3282 graviditatis
758 3206 856 3255 nono
880 3202 1006 3257 mense
1030 3192 1104 3257 est:
1130 3208 1184 3256 ra·

115 3291 249 3367 tissime
275 3295 371 3369 ultra
398 3294 524 3368 decem
558 3319 700 3369 menses
733 3304 881 3369 uterum
913 3295 1010 3392 gerit
1042 3292 1185 3368 mulier.
1228 3308 1235 3321 ·

114 3402 244 3481 Partus
261 3431 326 3481 sex
344 3407 526 3481 mensium
555 3407 733 3480 rarissime
759 3404 970 3503 superstites
994 3404 1185 3478 observan-

112 3525 190 3593 tur:
216 3529 360 3617 septem
376 3543 464 3593 vero
480 3529 519 3593 et
535 3527 618 3591 octo
634 3518 817 3591 mensium
836 3539 939 3614 saepe,
957 3528 995 3588 et
1010 3541 1087 3615 quo
1102 3541 1186 3615 pro·

111 3628 192 3726 pius
208 3630 257 3704 ad
283 3629 431 3728 justum
461 3642 608 3728 tempus
624 3641 780 3702 ventum
796 3627 879 3713 fuit,
902 3651 945 3702 eo
962 3626 1080 3702 infans
1097 3629 1185 3704 vali·

113 3738 201 3830 dior,
218 3750 260 3816 et
275 3743 315 3815 in
334 3742 483 3816 meliore
499 3765 574 3840 spe.

157 3874 378 3929 uccxcvnr.
403 3853 515 3927 Justo
539 3852 693 3925 demum
718 3860 893 3949 tempore,
919 3875 1038 3950 quum
1073 3850 1188 3926 soetus

116 3978 263 4052 undem
280 3978 435 4076 adeptus
463 3986 518 4051 est
547 3976 708 4050 debitam
727 3975 861 4049 molem
891 3987 930 4049 et
946 3978 1123 4076 vigorem,
1147 3982 1187 4047 et

116 4082 233 4186 liquor
245 4089 367 4196 umnii
394 4114 461 4187 pro
488 4097 565 4163 rata
581 4098 683 4186 parte
699 4086 820 4161 multo
846 4088 984 4186 parcior
999 4087 1115 4160 factus
1131 4093 1187 4155 est

120 4196 427 4300 (Decumum),
441 4213 641 4301 uterusque
653 4199 778 4299 igitur,
795 4199 957 4298 pondere
965 4208 1004 4272 et
1016 4205 1120 4271 motu
1131 4192 1186 4266 in.

618 4322 687 4401 92
