2678 4794
91 387 178 444 CAP.
195 385 342 441 xxxm.
392 384 613 440 MEDICINAE
632 385 922 443 THEOBETICAE.
1096 376 1167 451 459

93 565 173 639 vim
190 588 305 663 aquae,
330 561 470 636 aliusve
485 573 597 662 potus
613 563 747 651 tenuis
772 564 987 638 brevissimo
1003 573 1170 663 tempore

89 677 275 765 hauriunt,
300 699 420 774 neque
448 676 496 749 ab
524 700 566 748 ea
594 687 808 775 gravantur,
839 689 906 751 aut
937 676 1167 751 stomachum

91 789 292 864 distentum
311 789 490 875 sentiunt,
507 799 698 886 propterea
715 788 817 887 quod
834 789 926 863 adeo
942 789 1066 864 subito
1081 789 1169 864 inde

91 900 313 986 absorbetur,
338 911 384 975 ut
400 901 467 973 vix
484 900 611 973 sentiri
628 912 758 1000 queat:
785 926 898 1000 quam
916 902 1026 1002 longe
1043 912 1170 977 autem

93 1012 198 1086 aliter
213 1032 269 1087 res
287 1037 325 1086 se
341 1011 473 1087 habeat
489 1012 529 1085 in
548 1035 621 1085 nou
639 1015 855 1089 sudantibus
872 1025 1028 1090 autnon
1046 1017 1171 1089 sitien·

94 1126 204 1212 tibus,
221 1125 479 1223 unusquisque
490 1123 576 1212 fere,
594 1127 774 1223 siquando
789 1126 884 1201 sorte
899 1128 1010 1203 nimis
1027 1127 1171 1216 biberit,

92 1238 133 1311 in
149 1239 297 1336 proprio
313 1261 463 1336 corpore
480 1237 564 1336 plus
581 1238 667 1312 satis
683 1250 857 1334 expertus
883 1250 948 1315 est.
999 1239 1105 1314 Hinc
1120 1234 1171 1313 la·

92 1350 162 1423 cile
178 1349 410 1449 intelligetur
437 1349 707 1424 administratio
723 1359 762 1421 et
778 1372 866 1423 usus
894 1353 1098 1427 multorum
1117 1376 1171 1426 re·

94 1461 305 1534 mediorum
339 1462 598 1535 evacuantium
626 1461 666 1533 in
697 1460 866 1533 sanandis
894 1464 1002 1536 variis
1034 1465 1172 1539 morbis

95 1572 317 1671 hydropicis,
334 1573 534 1670 inquibus,
551 1584 595 1645 ut
611 1574 706 1647 bene
722 1582 855 1647 notum
872 1586 937 1661 est,
954 1573 1172 1676 plerumque

95 1685 291 1783 insigniter
307 1696 471 1783 prosunt.
543 1778 549 1789 .

145 1819 398 1872 mcccxnvm.
427 1797 628 1873 Nonnullae
643 1800 807 1899 denique
822 1802 1102 1889 exinanitiones,
1120 1825 1174 1875 ra-

96 1910 198 1984 tione
213 1910 321 1984 valde
338 1910 492 1984 obscura
501 1910 562 1987 vel
575 1937 721 2011 prorsus
738 1915 877 2014 ignota,
895 1917 933 1989 in
950 1915 1175 2016 quibusdam

95 2021 232 2095 morbis
249 2021 356 2096 utiles
372 2022 490 2108 fiunt;
515 2024 618 2120 quod
635 2027 797 2123 profecto
826 2053 870 2102 eo
896 2029 1021 2102 minus
1039 2027 1175 2102 minim

96 2143 162 2219 est,
188 2135 289 2232 quod
306 2145 448 2209 naturae
464 2148 503 2209 et
519 2160 636 2210 causae
651 2141 832 2236 proximae
857 2141 1063 2215 multorum
1083 2163 1176 2212 mor·

96 2245 229 2320 borum
259 2249 427 2321 nondum
459 2247 659 2345 exploratae
688 2250 783 2322 sint:
821 2251 891 2338 sic,
915 2252 1019 2325 verbi
1048 2254 1176 2350 gratia,

95 2357 226 2432 multae
242 2358 369 2447 febres,
386 2385 474 2434 cum
492 2361 791 2447 intermittentes,
814 2371 896 2435 tum
914 2364 1100 2436 continuae
1116 2386 1177 2434 va

97 2471 160 2543 riis
188 2473 516 2559 exinanitionibus,
555 2473 631 2545 sive
656 2480 788 2545 natura
816 2473 1075 2559 accidentibus,
1101 2477 1178 2547 sive

98 2594 176 2657 arte
193 2584 308 2671 factis,
334 2609 448 2683 quam
472 2586 615 2682 optime
645 2583 851 2672 solvuntur,
876 2595 914 2659 et
939 2584 1124 2659 interdum
1143 2590 1179 2657 a‘-

98 2696 169 2769 deo
186 2696 309 2770 subito
338 2708 383 2770 ut
410 2698 476 2770 vix
501 2696 673 2770 credibile
697 2696 895 2784 videretur,
921 2698 991 2770 nisi
1008 2698 1180 2795 frequens

99 2818 139 2882 et
163 2809 400 2883 manifestum
428 2818 531 2883 esset.
596 2808 709 2882 Hanc
733 2833 808 2881 rem
840 2808 976 2883 diversi
1004 2819 1181 2896 auctores,

99 2920 251 2994 diversis
269 2921 399 3007 modis,
426 2945 562 3020 magna
587 2921 768 2994 industria
792 2929 965 3020 torquere
982 2920 1110 3010 solent,
1136 2931 1181 2996 ut

100 3032 148 3104 ad
163 3034 281 3106 varias
298 3034 344 3106 de
362 3043 494 3108 natura
509 3032 669 3107 febrium
687 3034 877 3132 opiniones
905 3034 1062 3133 quadret
1090 3058 1182 3132 quas

100 3145 171 3241 ipsi
189 3154 352 3219 tuentur.
404 3146 561 3219 Praestat
587 3169 675 3219 vero
703 3156 967 3246 argumentum
983 3146 1090 3220 adeo
1119 3147 1183 3221 ob-

101 3280 249 3330 scurum
267 3269 378 3355 atque
395 3258 578 3332 incertum
603 3259 643 3331 in
673 3258 797 3333 medio
824 3257 1042 3357 relinquere,
1067 3282 1183 3357 quam

101 3367 214 3442 ullam
232 3371 443 3467 opinionem
469 3369 642 3466 amplecti
665 3371 834 3446 nondum
852 3372 1001 3470 penitus
1019 3368 1184 3467 explora·

101 3487 175 3552 tam
206 3490 243 3553 et
274 3470 482 3553 stabilitam.
544 3479 757 3558 Verisimile
783 3484 938 3583 quidem
968 3493 1024 3557 est
1052 3506 1184 3581 corpus

102 3590 311 3665 febricitans
329 3616 394 3691 per
411 3592 500 3665 tales
527 3592 796 3668 exinanitiones
814 3595 923 3668 variis
954 3595 1070 3669 modis
1101 3595 1184 3669 sub-

102 3703 226 3791 levari,
252 3707 422 3803 viresque
440 3705 519 3802 ejus
537 3707 818 3780 conservatrices
834 3716 873 3779 et
890 3706 1064 3781 salutares
1090 3705 1185 3781 mul·

103 3826 187 3890 tum
200 3817 335 3914 juvari,
361 3818 526 3891 detracto
543 3817 643 3914 quod
659 3818 819 3892 nimium
851 3830 945 3893 esset
975 3819 1184 3908 humorum,

103 3930 260 4028 expulso
277 3929 427 4005 fortasse
445 3931 546 4029 quod
563 3930 768 4029 plurimum
798 3944 957 4019 noceret,
982 3931 1185 4029 multisque

84 4041 367 4129 {unctionibus
393 4045 493 4141 prius
511 4043 784 4143 languentibus,
810 4055 848 4118 et
864 4068 960 4143 pene
976 4043 1183 4128 obstructis,

103 4154 231 4234 denuo
248 4157 440 4253 expeditis,
466 4168 505 4230 et
521 4158 591 4231 rite
615 4156 664 4229 in'
684 4165 873 4254 posterum
892 4154 1183 4255 procedentibus.

102 4265 207 4342 Male
225 4292 313 4345 vero
330 4268 496 4370 expulsae
511 4270 629 4347 oriris
645 4270 808 4346 materiae
823 4269 1013 4358 morbose,
1037 4265 1184 4368 qualem
