2678 4794
175 275 248 350 ⁵62
497 312 501 317 -
597 282 848 342 cousracrus
1090 281 1190 343 cu.
1209 282 1291 338 xm

172 493 318 599 corpus
334 469 529 568 insigniter
541 464 783 542 exhaurireet
795 462 985 537 infirmare
1001 484 1292 561 nonnunquam

183 584 263 657 visa
279 593 357 669 est;
384 581 471 669 baec,
496 589 629 678 utpote
645 604 731 676 quae
756 600 826 676 pus
858 573 1083 662 detrahunt,
1113 575 1226 674 quod
1249 600 1291 649 ex

188 696 369 782 crassiore,
404 704 443 768 et
468 692 665 793 glutinoso,
690 700 729 764 et
758 687 922 762 maxime
950 687 1162 762 nutriente
1192 699 1287 787 parte

189 808 379 905 sanguinis
396 806 475 881 lieri
491 805 651 891 videtur,
669 827 802 901 corpus
818 800 941 877 multo
949 801 1075 898 magis
1090 826 1215 899 quam
1228 825 1286 900 pro

188 915 286 993 mole
302 919 468 994 humoris
479 943 546 1017 qur
535 917 706 991 elicitur
722 913 970 989 exhauriunt:
996 912 1092 986 illa
1081 915 1212 1013 igitur
1225 937 1285 1012 pro

186 1033 450 1106 evacuantibus
467 1029 637 1104 remediis
654 1051 787 1127 pamm
804 1026 975 1125 prodesse
991 1039 1186 1123 possunt;
1212 1026 1281 1100 hac

185 1152 323 1230 autem,
348 1154 387 1218 et
403 1151 535 1217 natura
551 1150 589 1216 et
614 1140 861 1215 diuturnitate
877 1138 1154 1213 exinanitionis
1173 1162 1277 1238 quam

185 1254 362 1342 efficiunt,
379 1254 576 1329 utilissima
586 1277 682 1352 saepe
694 1251 813 1326 fiunt:
839 1249 902 1323 illa
913 1250 1079 1325 demum
1098 1275 1274 1350 maguum

184 1375 224 1438 et
239 1367 407 1441 subitum
424 1366 631 1453 stimulum,
649 1388 749 1439 nunc
762 1360 1061 1450 saluberrimum,
1081 1386 1186 1437 nunc
1200 1387 1273 1462 per-

185 1476 481 1567 niciosissimum,
498 1480 595 1578 parti
612 1479 673 1552 cui
689 1478 946 1574 imponuntur,
963 1474 1214 1574 partibusque
1225 1471 1274 1549 viss

184 1590 286 1679 cinis,
311 1605 350 1667 et
368 1592 646 1691 quodammodo
662 1590 734 1664 toti
750 1587 892 1686 corpori
921 1587 1172 1683 impertiunt;
1199 1588 1273 1661 hac

183 1725 273 1777 vero
290 1704 486 1780 stimulum
500 1703 574 1778 fere
587 1705 769 1800 exiguum
780 1709 818 1772 et
829 1698 932 1772 brevi
945 1697 1158 1775 desiturum
1172 1699 1272 1787 dant,

184 1815 303 1913 qualis
320 1841 442 1914 neque
458 1817 628 1913 prodesse
653 1813 818 1886 multum
847 1835 974 1905 neque
1004 1834 1133 1886 nocere
1160 1822 1269 1909 potu·

184 1928 273 1999 erit:
299 1929 508 2022 omniaque,
534 1925 665 2019 partim
693 1919 844 1995 stimulo
872 1925 1073 2022 (mcxxvr)
1091 1949 1166 2011 suo,
1189 1948 1270 2022 par-

183 2036 249 2105 tim
268 2035 519 2105 exinanitione
537 2034 771 2131 (nocemur)
790 2032 878 2132 ipsa,
904 2037 1100 2133 sanguinis
1125 2059 1267 2111 cursum

181 2153 220 2217 et
236 2143 536 2218 distributionem
559 2145 794 2244 aliquantum
819 2155 979 2234 mutant,
1007 2148 1189 2223 nimirum
1206 2148 1266 2246 qui

179 2255 227 2330 ab
242 2255 321 2330 aliis
338 2258 514 2355 partibus,
540 2259 743 2356 praesertim
759 2258 901 2344 vicinis,
926 2261 1126 2348 avertitur,
1150 2260 1267 2358 adque

179 2367 282 2443 illam
299 2370 399 2444 unde
416 2370 620 2444 exinanitio
636 2370 690 2458 fit,
715 2369 777 2445 vel
793 2370 855 2443 cui
872 2368 1139 2447 vesicutmium
1154 2373 1265 2471 impo-

180 2482 294 2571 nitur,
320 2483 501 2580 copiosius
530 2483 727 2557 derivatur.
789 2483 877 2556 Hoc
904 2483 1018 2559 modo
1045 2486 1200 2560 nimiam
1227 2494 1264 2558 et

179 2592 391 2669 abnormem
417 2595 633 2669 arteriarum
658 2595 771 2693 partis
787 2594 950 2693 cujusvis
967 2597 1156 2671 actionem
1172 2620 1262 2696 soepe

178 2713 388 2804 temperant
416 2715 455 2779 et
484 2707 668 2795 cohibent,
706 2717 745 2781 et
773 2731 961 2806 spasmum
988 2709 1154 2797 solvunt,
1186 2734 1258 2783 non

178 2817 292 2890 modo
307 2819 534 2907 arteriarum,
559 2820 624 2893 sed
640 2829 679 2893 et
695 2819 848 2894 aliarum
874 2821 1052 2918 partium.
1103 2823 1203 2910 Quin
1219 2829 1254 2893 et

94 2997 100 3009 .
179 2931 408 3028 experientia
433 2933 657 3032 amplissima
684 2944 722 3006 et
751 2931 958 3007 felicissima
985 2937 1073 3010 satis
1092 2935 1167 3031 jam
1193 2932 1251 3004 de-

176 3045 407 3129 monstravit,
433 3043 658 3142 epaspastico
684 3044 846 3117 remedia
875 3046 945 3119 rite
974 3057 1017 3121 et
1044 3044 1252 3145 tempestive

145 3150 148 3157 ’
176 3150 351 3241 adhibita,
378 3176 454 3228 uon
470 3154 584 3227 modo
612 3162 736 3228 cutem
767 3166 963 3256 partesque
992 3160 1162 3258 proxime
1189 3157 1256 3232 sub

176 3260 239 3336 illa
257 3263 433 3362 jacentes,
458 3265 522 3339 sed
551 3277 671 3364 partes
699 3278 752 3347 et,
767 3270 903 3343 viscera
932 3297 1020 3369 quae
1050 3276 1089 3347 in
1119 3271 1255 3347 intimis

176 3379 337 3474 corporis
370 3377 617 3478 penetralibus
644 3379 857 3455 conduntur
873 3384 1083 3482 insigniter
1108 3387 1264 3469 afficere,-

175 3487 402 3587 diversisque
429 3489 564 3563 morbis
593 3487 841 3567 laborantibus
864 3495 975 3570 variis
1001 3498 1127 3573 modis
1153 3520 1253 3598 opem

174 3598 276 3673 ferre
365 3655 369 3666 .

225 3733 365 3787 srucrv
385 3714 459 3790 Per
475 3715 669 3791 hosvarios
682 3717 835 3793 effectus
849 3722 1255 3826 (mucunepispostico

172 3824 332 3900 remedia
347 3824 448 3901 haud
463 3854 595 3956 parum
608 3834 786 3928 prosunt
776 3859 815 3906 m
829 3837 1080 3932 praeoavendis
1097 3838 1160 3914 vel
1176 3837 1254 3912 sub

171 3939 363 4013 movendis
380 3940 495 4014 nimia
525 3942 726 4018 humorum
755 3946 995 4075 abundantia
1019 3962 1087 4027 aut
1117 3953 1254 4026 derisa·

170 4049 272 4122 trone
281 4061 347 4125 aut
360 4053 594 4150 congestione
607 4057 785 4145 abnormi,
803 4060 987 4158 variisque
999 4064 1153 4153 morbis,
1171 4086 1252 4137 cum

169 4163 334 4272 vetustis,
346 4176 428 4240 tum
442 4164 569 4253 acutis,
582 4168 648 4265 qui
661 4195 682 4245 a
696 4169 828 4246 talibus
839 4172 940 4251 vitiis
954 4198 1061 4252 suam
1073 4176 1253 4277 originem
