2678 4794
132 413 206 488 236
534 422 786 483 cousrncrns
1020 423 1209 482 canxxc

130 631 277 684 marum
293 617 418 682 tumor
432 611 471 678 et
486 601 685 702 aliquando
701 601 816 689 dolor,
843 621 909 700 per
936 601 1129 676 intervalla
1157 627 1211 678 re·

130 719 390 806 crudescentia,
419 715 535 790 donec
563 717 715 791 tandem
750 713 897 814 sanguis
930 713 1091 789 sincerus
1127 739 1212 814 pro·

129 843 298 933 rumpam
323 829 428 929 quod
443 828 555 903 simul
571 828 625 916 fit,
652 828 730 903 haec
746 826 842 902 mala
857 837 1091 915 evanescunt,
1115 828 1213 902 redi-

129 956 214 1020 tura
240 967 337 1031 vero,
371 942 541 1040 quamvis
567 942 709 1017 incerto
741 950 919 1040 tempore.
986 940 1046 1016 Sic
1078 940 1212 1040 puellis

129 1057 295 1131 nondum
312 1054 420 1154 plene
449 1054 650 1154 puberibus
666 1077 809 1130 menses
833 1076 931 1154 saepe
947 1052 1067 1153 longis
1095 1064 1135 1127 et
1156 1053 1211 1128 in·

129 1168 237 1242 certis
261 1166 464 1242 intervallis
493 1168 673 1241 redeunt:
711 1157 889 1267 paulatim
914 1189 1003 1239 vero
1028 1166 1076 1238 ad
1099 1166 1210 1241 inter-

129 1280 268 1354 vallum
303 1289 538 1355 menstruum
571 1280 783 1366 reducendi,
815 1277 1104 1378 praecedentibus
1137 1277 1212 1355 fere

127 1392 241 1490 signis
261 1392 341 1491 jam
358 1393 557 1481 recensitis,
587 1417 689 1468 nunc
704 1391 904 1468 levioribus
920 1414 1021 1466 nunc
1036 1391 1210 1491 graviori·

126 1504 210 1580 bus.
485 1556 488 1561 -
1145 1496 1149 1521 '

176 1640 385 1693 mcccxxv.
427 1617 544 1692 Ratio
580 1616 765 1692 intervalli
799 1617 892 1691 adeo
924 1615 1075 1716 equalis
1110 1614 1211 1691 nulla

126 1730 306 1805 hactenus
336 1731 481 1805 reddita
505 1740 582 1805 est:
625 1729 764 1804 habent
787 1738 913 1805 tamen
950 1754 1017 1802 sua
1045 1739 1212 1828 tempora

126 1842 312 1942 pleraeque
335 1867 402 1931 res,
427 1842 564 1942 quibus
587 1842 773 1940 incipiunt
797 1852 837 1915 et
860 1840 1125 1916 absolvuntur:
1154 1841 1211 1918 vis

126 1955 402 2030 consuetudinis
419 1956 612 2053 (cccxvn)
641 1954 811 2029 nonnihil
835 1955 896 2028 hic
920 1954 1036 2028 facere
1052 1954 1210 2029 videtur.

125 2065 262 2164 Neque
279 2076 403 2139 tamen
419 2065 656 2141 intervallum
679 2067 772 2141 adeo
793 2066 934 2166 aequale
958 2067 1121 2142 foeminis
1146 2078 1211 2157 est,

126 2179 220 2275 quin
245 2179 384 2266 multis,
422 2178 589 2279 alioquin
614 2180 821 2268 sanissimis,
856 2204 922 2278 per
955 2179 1124 2254 breviora
1146 2187 1211 2254 aut

126 2289 291 2390 longiora
309 2292 438 2389 spatia,
455 2316 599 2367 menses
616 2291 777 2367 redeant
815 2292 1015 2367 Rarissima
1032 2304 1121 2367 sunt
1148 2315 1212 2366 ex-

127 2404 248 2503 empla
265 2402 465 2478 mulierum
483 2404 578 2479 bene
594 2404 814 2493 valentium,
830 2431 915 2503 quae
932 2403 1052 2479 nullos
1069 2427 1212 2480 memes

127 2516 277 2604 habent,
295 2526 333 2591 et
346 2519 479 2591 rariora
488 2517 621 2605 adhuc,
631 2519 710 2593 sine
722 2518 919 2605 mensibus,
937 2517 1211 2592 foecunditatis:

126 2629 261 2727 puellae
278 2631 451 2727 quaedam
468 2655 557 2704 vero
573 2632 675 2729 prius
692 2642 828 2704 matres
844 2630 949 2704 facte
973 2639 1072 2717 sunt,
1096 2652 1211 2730 quam

126 2765 268 2814 menses
279 2744 504 2839 erupissent:
523 2753 650 2840 postea
661 2768 750 2816 vero
762 2768 865 2817 more
876 2743 983 2816 solito
992 2741 1210 2841 profluxuri.

175 2874 394 2926 nccnxxvr.
422 2854 654 2928 Labentibus
683 2878 771 2927 vero
799 2856 915 2942 annis,
944 2855 1077 2929 nostris
1102 2856 1141 2929 in
1159 2878 1212 2930 re·

124 2962 299 3061 gionibus
317 2965 383 3036 vix
400 2977 486 3036 ante
503 2965 840 3064 quadragesimum,
857 2979 896 3040 et
912 2968 987 3042 fere
1000 2977 1087 3042 ante
1103 2967 1212 3068 quin·

125 3073 383 3171 quagesimum
402 3075 520 3148 aetatis
536 3100 689 3164 annum,
706 3100 849 3152 menses
865 3080 1051 3168 desinunt,
1068 3092 1108 3154 et
1124 3104 1212 3157 cum

124 3187 170 3261 iis
185 3187 417 3263 soecunditas.
468 3189 558 3276 Quo
574 3189 683 3281 citius
711 3191 908 3288 incipiunt,
936 3217 982 3266 eo
998 3194 1074 3267 fere
1090 3203 1212 3269 matu·

123 3298 201 3373 rius
217 3301 404 3376 desinunt.
457 3301 591 3401 Neque
619 3303 743 3378 subito
768 3303 990 3404 plerumque
1006 3306 1212 3405 reprimun-

124 3420 210 3485 tur:
237 3413 436 3512 aliquando
462 3414 618 3490 insolitis
646 3415 857 3505 intervallis,
883 3416 960 3491 sive
985 3417 1213 3494 brevioribus

125 3525 204 3598 sive
229 3523 457 3624 longioribus
484 3525 600 3624 justo,
634 3528 802 3618 redeunt,
835 3540 874 3605 et
902 3530 1056 3630 ingente
1084 3533 1211 3632 copia:

125 3660 210 3710 cum
228 3638 405 3736 gravibus
432 3663 528 3738 saepe
555 3643 654 3716 uteri
681 3643 920 3742 partiumque
936 3644 1144 3719 vicinarum
1173 3649 1212 3717 et

124 3750 413 3848 conspirantium
432 3753 579 3841 morbis,
593 3753 726 3856 fluore
753 3753 837 3830 albo
865 3755 1060 3855 imprimis,
1088 3762 1212 3856 nequ'e

123 3861 297 3936 mediocri
312 3862 538 3940 valetudinis
548 3865 766 3943 discrimine.
818 3868 965 3943 Harum
983 3893 1108 3944 rerum
1119 3868 1212 3945 ratio

123 3973 272 4048 videtur
299 3999 376 4050 esse
405 3978 521 4054 totius
551 3980 720 4077 corporis,
748 3982 963 4056 arteriarum
992 3984 1211 4082 praesertim,

121 4088 275 4164 firmitas
292 4101 330 4164 et
359 4090 536 4189 rigiditas,
565 4093 687 4185 indies
706 4105 917 4181 crescentes,
947 4103 986 4168 et
1002 4095 1081 4168 vim
1100 4117 1210 4170 vena·

123 4225 209 4276 rum
234 4202 390 4279 tandem
419 4215 643 4303 superantes.
695 4206 800 4280 Hinc
829 4206 963 4281 ultima
992 4207 1209 4294 arteriarum

121 4311 319 4409 plenitudo
333 4318 373 4394 in
398 4327 504 4417 parte
519 4316 724 4395 laxissime:
754 4318 943 4422 ⁸paulatim
968 4319 1120 4410 tardior,
1146 4314 1209 4393 sed
