2678 4794
113 316 207 373 cnr.
225 310 327 367 xxv.
415 308 636 365 suamc-mn
654 310 940 368 annonariam.
1126 300 1200 376 317

173 512 270 567 srva·
292 488 476 577 Quoniam
495 511 582 563 vero
598 489 689 564 adeo
704 488 854 564 difficile
877 498 988 587 atque
1012 488 1199 588 ingratum

116 614 182 681 est
205 602 448 702 quantitatem
473 599 544 675 eibi
569 602 807 702 praesesibere,
844 600 978 674 medici
1016 625 1113 702 saepe
1142 628 1200 678 eo-

117 727 260 792 nantur
274 714 490 812 qualitatem
507 714 587 811 ejus
600 715 653 788 ita
665 714 917 801 detenninare,
933 722 979 787 ut
988 737 1095 815 aeger,
1108 716 1200 791 dum

117 828 305 928 appetitui
318 848 387 901 auo
402 825 584 925 indulget,
600 836 823 924 tantumque
835 826 907 900 cibi
921 829 1074 902 assumit
1085 854 1200 926 quan-

116 951 201 1017 tum
221 941 308 1016 huie
337 939 541 1027 satisfaciat,
566 962 687 1038 neque
711 940 820 1013 nimis
845 938 1010 1014 alimenti
1035 942 1199 1040 accipiat,

116 1052 400 1152 necquicquam
417 1050 503 1124 edat
519 1053 620 1149 quod
637 1051 863 1127 ventriculus
887 1075 1112 1149 eoneoquere
1136 1067 1199 1126 ne·

117 1177 249 1265 queat:
275 1175 314 1240 et
338 1164 390 1238 sic
414 1185 535 1260 neque
559 1164 660 1240 hunc
683 1173 820 1251 oneret,
845 1187 967 1262 neque
982 1173 1106 1240 totum
1123 1189 1199 1241 eor·

117 1296 191 1378 pus
206 1275 291 1375 plus
307 1299 412 1374 aequo
428 1275 591 1372 impleat

143 1410 280 1462 utun.
305 1387 438 1462 Carnes
462 1410 561 1474 veru,
599 1386 746 1485 cibique
783 1411 831 1462 ex
856 1386 901 1462 iis
923 1390 1051 1487 parati,
1081 1389 1199 1466 multo

115 1500 207 1603 plus
222 1501 391 1576 nutriunt
407 1524 521 1603 quam
537 1500 661 1599 finges
676 1511 743 1576 aut
758 1498 824 1586 lae,
849 1510 888 1574 et
903 1500 987 1575 ideo
1003 1524 1098 1601 saepe
1116 1526 1199 1601 pro-

116 1613 305 1700 hibentur,
341 1614 432 1690 dum
459 1614 537 1688 haee
568 1612 646 1687 lere
669 1612 717 1686 ad
742 1611 892 1687 libitum
929 1616 1199 1712 permittuntur

115 1726 233 1826 aegria
288 1726 376 1802 Hoc
391 1736 618 1827 praeoptem
642 1726 682 1799 in
698 1724 882 1825 plerisque
897 1724 1048 1799 femitan
1072 1750 1197 1800 exem·

113 1838 187 1939 plis
202 1847 258 1914 sat
272 1837 386 1913 fuerit
402 1840 449 1913 ad
465 1837 784 1913 determinandam
799 1837 1021 1912 nutrimenti
1043 1838 1197 1937 copiam,

114 1953 170 2027 ita
193 1949 322 2025 saltem
345 1961 392 2025 ut
415 1972 547 2050 eorpus
570 1970 647 2025 nun
676 1952 788 2026 nimis
825 1950 1032 2050 impleatur.
1094 1951 1198 2051 Soepe

114 2071 245 2139 autem
261 2082 387 2137 <avere
402 2072 558 2164 oportet,
585 2086 636 2137 ne
651 2065 772 2138 vietus
787 2088 836 2137 ex
853 2064 947 2139 laete
962 2074 1001 2138 et
1016 2063 1197 2162 inagibus,

115 2174 235 2253 veluti
251 2196 346 2273 pane
368 2175 575 2264 eommuni,
598 2184 749 2272 propter
766 2176 1010 2272 quantitatem
1034 2200 1196 2274 assump-

116 2297 195 2365 tam
211 2287 323 2361 nimis
339 2285 470 2385 plenus
487 2287 561 2361 fiat.
613 2287 727 2374 Quod
753 2289 782 2361 si
799 2287 901 2361 librae
917 2286 1003 2362 duae
1021 2287 1112 2360 burri
1135 2311 1198 2384 pa-

116 2399 411 2487 nis-fermentati,
428 2422 512 2473 cum
530 2400 648 2473 tribus
664 2398 764 2472 libris
793 2398 896 2473 lactis
911 2398 1051 2472 vaoeini
1068 2398 1108 2470 in
1125 2398 1197 2483 die,

115 2521 173 2587 sat
189 2510 323 2585 etit'ad
338 2511 512 2584 alendum
530 2510 718 2583 hominem
744 2533 872 2584 sanum
903 2520 941 2584 et
956 2507 1133 2594 validum,
1158 2516 1197 2581 et

114 2621 285 2698 multum
305 2640 346 2697 re
368 2632 613 2707 exercentem,
638 2621 874 2720 perspicuum
899 2631 966 2709 est,
991 2619 1196 2708 dimidiam,

115 2734 177 2811 vel
194 2733 343 2809 fortene
367 2738 518 2810 tertiam
544 2743 688 2834 partem
714 2735 821 2808 istius
838 2733 1064 2831 quantitatis,
1088 2731 1197 2806 nimi-

115 2870 175 2923 am
191 2846 358 2923 futuram
373 2870 444 2947 pro
459 2872 569 2948 agiu,
593 2846 718 2935 debili,
741 2848 889 2946 ignavo,
918 2856 957 2920 et
974 2845 1069 2920 lectu
1094 2846 1196 2944 quasi

113 2959 245 3035 affixo:
269 2969 395 3034 senten
417 2970 566 3036 tantum
591 2959 804 3058 etamplius
820 2982 917 3057 saepe
932 2959 1132 3036 assumitur
1146 2960 1194 3034 ab
1300 3023 1304 3033 .

114 3072 232 3173 tegrin,
248 3072 314 3170 qui
331 3070 487 3147 eredunt
502 3096 541 3147 se
557 3073 659 3147 metu
676 3072 894 3147 tenuissimo
909 3071 977 3146 uti.

164 3204 287 3260 mtn.
315 3182 487 3260 Multum
525 3206 673 3285 quoque
697 3185 826 3261 nocuit
850 3193 1078 3283 preceptum
1102 3183 1197 3259 illud

113 3318 312 3371 eommune
327 3307 440 3395 atque
456 3297 657 3396 plausibile,
687 3298 856 3397 quamvis
873 3320 999 3371 revera
1025 3297 1195 3392 ineptum

113 3430 271 3507 prorsus,
286 3419 326 3483 et
343 3433 439 3509 saepe
455 3410 711 3509 periculosum,
732 3412 780 3486 de
794 3412 899 3485 victu
914 3407 1197 3483 valetudinario·

114 3541 215 3606 rum;
244 3542 391 3620 nempe,
416 3532 462 3596 ut
486 3545 581 3620 saepe
605 3523 645 3595 in
671 3523 732 3607 die
747 3523 870 3610 edant,
896 3531 935 3596 et
951 3544 1083 3620 parum
1099 3545 1196 3596 assu·

114 3642 217 3707 mant
242 3635 478 3733 unoquovis
514 3646 700 3731 tempane3
737 3659 815 3734 prae
849 3643 955 3708 metu
985 3633 1197 3710 scilicetne

115 3743 343 3820 ventriculus
371 3747 489 3819 nimio
514 3768 624 3819 onere
648 3746 759 3821 simul
783 3755 933 3844 aeuepto
956 3746 1196 3845 opprimatur.

117 3850 187 3929 Sed
202 3857 298 3930 dum
315 3859 361 3930 ab
379 3858 449 3932 hoe
472 3868 709 3957 praecavetur,
733 3860 773 3932 in
798 3858 899 3933 aliud
924 3858 1060 3933 vitium
1085 3857 1196 3932 curri-

118 3970 199 4054 tur,
224 3991 312 4043 narn
330 3971 443 4046 multi
461 3971 530 4045 hoe
546 3971 670 4060 modo,
695 3971 865 4070 quamvis
881 3971 970 4071 aegri
986 3981 1024 4045 et
1049 3968 1198 4053 debiles,

118 4074 198 4171 plus
214 4084 439 4156 nutrimenti
457 4084 574 4182 spatio
590 4084 702 4159 unius
719 4084 792 4157 diei
817 4082 1058 4167 devorabunt,
1082 4103 1195 4177 quam

120 4190 190 4263 nni
207 4216 351 4267 sumere
369 4193 554 4269 solebant:
582 4199 632 4271 sic
662 4196 772 4271 etiam
791 4193 1017 4273 ventriculus
1034 4188 1195 4265 multum
