2678 4794
158 371 249 430 cnr.
266 367 395 425 xxvu.
483 363 706 423 nnmerum
724 366 1012 423 annonarrca.
1168 355 1242 425 845

155 557 292 640 tentes,
315 545 433 646 magis
457 568 545 620 vero
568 543 709 619 flexiles
733 543 850 631 fiunt;
888 555 928 620 et
952 545 1037 620 ideo
1065 545 1237 644 quaedam

153 672 288 765 partes,
313 672 420 734 antea
443 682 539 758 aegre
562 657 767 746 movenda,
801 666 930 757 postea
952 658 1073 733 multo
1096 657 1238 734 facilius

155 780 366 851 moventur.

205 908 379 962 Mrrxxxr.
409 883 467 959 Hi
486 893 616 959 autem
644 881 797 957 effectus
813 884 916 982 prius
932 892 971 958 et
987 883 1104 982 magis
1121 880 1239 957 mani·

153 998 247 1074 feste
263 999 303 1071 in
320 997 487 1096 partibus
504 997 640 1095 quibus
657 997 817 1070 remedia
842 997 1010 1095 proxime
1039 996 1238 1070 admoven-

154 1119 226 1199 tur,
256 1120 349 1209 puta
377 1110 416 1182 in
445 1120 526 1184 artu
558 1109 733 1207 quodam,
761 1118 827 1182 aut
856 1133 921 1207 per
950 1115 1067 1181 totam
1099 1119 1238 1197 cutem,

155 1247 271 1322 quam
287 1223 326 1294 in
356 1222 507 1295 remotis
524 1221 698 1319 partibus,
727 1231 793 1294 aut
819 1221 859 1293 in
890 1219 1064 1294 universo
1080 1243 1238 1318 corpore,

156 1334 404 1409 observantur.
456 1334 599 1407 Partim
616 1357 717 1423 vero,
746 1342 896 1432 propter
924 1355 1144 1407 consensum
1173 1356 1238 1407 seu

133 1500 143 1517 .-
156 1469 298 1524 nexum
314 1448 426 1521 istum
445 1445 652 1544 generalem
673 1446 849 1543 (cocum)
867 1468 943 1543 quo
959 1468 1089 1518 omnes
1113 1469 1240 1543 corpo·

154 1557 206 1633 ris
221 1546 341 1656 partes
357 1559 647 1657 conjunguntur,
675 1559 810 1657 partim
835 1566 986 1657 propter
1001 1558 1173 1656 quadam
1190 1580 1240 1630 ex

153 1668 326 1745 remediis
342 1670 614 1745 emollientibus
643 1672 695 1743 in.
712 1694 844 1769 corpus
860 1681 1017 1768 recepta,
1047 1680 1086 1744 et
1102 1692 1167 1768 per
1184 1677 1240 1742 to·

153 1788 232 1857 tam
250 1784 505 1882 compaginem
524 1782 654 1868 delata,
675 1782 931 1856 remotissimae
945 1782 1144 1880 aliquando
1160 1780 1241 1877 ejus

152 1904 287 1994 partes,
313 1894 373 1968 vel
389 1895 507 1970 forsan
523 1918 662 1980 omnes,
687 1894 857 1967 similiter
873 1893 1147 1993 quodammodo
1162 1890 1240 1965 affi-

153 2006 316 2083 ciuntur.
366 2007 480 2095 Quod
497 2006 661 2106 profecto
678 2030 722 2078 eo
739 2008 863 2082 minus
886 2007 1024 2082 mirum
1042 2005 1239 2090 videbitur,

154 2129 195 2193 et
210 2117 351 2193 facilius
367 2119 607 2218 intelligetur,
637 2118 751 2214 siquis
769 2143 893 2192 secum
910 2119 1146 2216 reputaverit,
1163 2138 1240 2190 non

154 2230 270 2306 modo
281 2230 549 2328 simplicissima
558 2241 596 2303 et
607 2229 850 2302 minutissima
864 2229 1058 2303 solidarum
1077 2231 1240 2326 partium

154 2342 340 2417 elementa
356 2353 467 2439 atque
485 2341 678 2441 particulas
695 2341 830 2415 molliri
847 2352 886 2415 et
903 2341 1008 2430 solvi,
1026 2340 1089 2413 sed
1104 2363 1241 2436 organa

155 2456 293 2542 omnia,
321 2464 360 2528 et
375 2455 557 2552 imprimis
574 2478 669 2540 vasa,
695 2478 743 2527 ex
760 2455 805 2558 iis
822 2453 988 2540 formata,
1013 2451 1174 2525 eundem
1191 2450 1241 2523 ef-

156 2565 298 2640 fectum
314 2567 537 2665 participare.
588 2566 724 2664 Neque
740 2566 893 2640 obscura
908 2566 1011 2652 ratio,
1037 2588 1124 2661 qua,
1149 2562 1241 2635 mol·

152 2676 225 2755 lita
235 2688 345 2778 atque
357 2680 479 2753 laxata
490 2679 615 2778 aliqua
626 2690 730 2777 parte
741 2704 913 2753 vasorum
926 2703 1011 2777 quae
1024 2676 1242 2774 sanguinem

149 2791 313 2878 vehunt,
338 2793 463 2866 omnia
479 2793 582 2866 brevi
599 2790 781 2878 laxentur,
807 2790 952 2866 sublata
968 2790 1156 2876 nimirum,
1181 2784 1243 2860 vel

138 2904 305 2985 minuta
320 2905 460 2991 saltem,
474 2905 698 2980 distentione
714 2903 776 2977 illa
789 2905 866 2996 (xc,
884 2926 1049 2990 ccoxm,
1066 2910 1104 2975 et
1117 2905 1243 2998 seqq),

130 3042 233 3116 qua
249 3015 404 3091 firmitas
420 3042 559 3106 eorum,
587 3028 625 3092 et
642 3041 728 3092 sane
744 3042 872 3092 omnes
888 3017 963 3091 fere
979 3016 1084 3102 vires,
1107 3034 1243 3111 magna

127 3153 205 3204 ex
224 3138 330 3228 parte
346 3130 570 3206 nitebantur.

208 3264 407 3315 Muxxxn.
424 3242 551 3331 Porro,
568 3242 617 3317 ob
632 3243 877 3318 arctissimum
894 3239 1001 3314 illum
1018 3262 1158 3312 nexum
1176 3237 1243 3335 qui

126 3348 256 3427 inter
268 3353 372 3426 dotes
382 3355 613 3429 mechanicos
625 3366 663 3429 et
675 3356 771 3429 vires
784 3355 914 3428 vitales
926 3350 1081 3453 generis
1096 3344 1247 3424 nervosi

116 3459 365 3553 intercedit,
390 3466 470 3540 fieri
488 3490 564 3541 non
580 3477 716 3565 potest,
742 3470 847 3567 quin,
871 3467 962 3540 dum
978 3488 1107 3539 omnes
1124 3475 1244 3561 partes

121 3577 284 3653 solide
309 3581 425 3653 totius
455 3581 682 3677 compaginis
699 3607 769 3679 ope
787 3580 1034 3655 remediorum
1051 3575 1244 3650 emolliun-

120 3692 221 3765 tur
237 3702 277 3764 et
293 3689 477 3778 laxantur,
502 3691 692 3765 facultates
703 3691 859 3791 generis
881 3690 1030 3767 nervori
1045 3688 1244 3789 peorliares

124 3801 271 3877 simul
295 3804 504 3880 afficiantur
541 3815 580 3879 et
616 3806 888 3904 perturbentur.
938 3804 1131 3890 Praeterea,
1153 3824 1244 3898 quo-

130 3916 271 4003 niam,
288 3928 334 3992 ut
352 3919 461 3992 modo
478 3916 620 3993 dictum
633 3928 689 3992 est
706 3918 906 4013 (Muxxm),
924 3940 1009 3990 vasa
1025 3913 1243 4014 sanguinem

132 4028 333 4103 vehentia
357 4030 557 4127 plurimum
596 4029 807 4104 afficiuntur
841 4039 879 4102 et
903 4027 1075 4103 laxantur
1100 4026 1244 4101 actione

140 4142 408 4215 remediorum
433 4142 711 4229 emollientium,
734 4143 969 4240 perspicuum
995 4149 1060 4227 est,
1098 4162 1145 4212 ex
1175 4134 1243 4209 bac

149 4254 369 4328 mutatione
394 4264 516 4331 totum
536 4279 663 4356 genos
688 4276 885 4331 nervosum
910 4252 1024 4351 magis
1049 4249 1169 4323 adhuc
1203 4261 1242 4325 et
