2678 4794
212 415 285 487 410
631 423 885 482 consrncrns
1080 418 1304 477 caram

263 624 491 684 mccxxvrrr.
516 603 778 679 Effioaeissima
801 611 928 675 autem
944 595 1224 671 medicamenta
1248 621 1300 672 re-

210 720 416 821 frigerantis
432 718 575 818 generis
591 727 680 792 sunt
702 714 794 789 sales
811 712 975 811 quidam,
1000 721 1084 783 tum
1101 709 1200 784 acidi
1218 721 1299 785 tum

210 831 363 916 mutri,·
388 855 471 904 nam
489 853 617 905 omnes
634 828 723 902 sales
739 824 905 912 abalim,
934 834 974 898 et
999 822 1206 922 presertim
1222 848 1297 897 anr-

209 944 344 1031 mrmia,
372 943 593 1017 eontrarium
622 964 768 1040 prorsus
785 936 961 1012 effectum
979 935 1131 1022 habent,
1157 946 1197 1009 et
1221 958 1296 1009 oor·

210 1081 281 1155 pus
297 1055 405 1153 plane
420 1055 614 1130 stimulant
630 1066 669 1128 et
685 1051 911 1128 calefaciunt.

259 1189 459 1243 mccxxrx.
485 1168 621 1268 Neque
637 1166 725 1241 huie
742 1164 933 1240 sententiae
949 1160 1204 1261 objiciendum
1230 1168 1292 1247 est,

207 1302 336 1353 omnes
360 1281 435 1354 fere
459 1279 560 1366 sales,
598 1280 719 1354 acidos
754 1289 791 1353 et
827 1285 979 1352 neutros
1016 1275 1156 1373 pariter
1182 1283 1291 1372 atque

206 1389 398 1480 alcalinos,
414 1394 493 1467 vim
508 1391 759 1469 stimulantem
778 1393 1024 1485 (mcnxxxlx)
1049 1386 1209 1472 habere3
1233 1385 1291 1459 do

206 1513 265 1578 eet
294 1504 395 1578 enim
424 1503 651 1603 experientia
666 1504 876 1589 certissima,
906 1499 1043 1574 multos
1070 1497 1164 1573 sales
1181 1498 1291 1572 vario·

205 1640 291 1691 rum
320 1639 511 1715 generum,
541 1615 607 1713 qui
635 1615 773 1712 largius
800 1613 943 1711 sumpti
960 1609 1230 1698 ventriculum,
1256 1618 1292 1683 et

207 1727 391 1821 intestina,
420 1737 457 1801 et
475 1728 573 1801 varia
588 1750 723 1825 organa
753 1725 976 1800 sesementia
1003 1733 1041 1798 et
1058 1722 1290 1799 exoernentir

207 1840 395 1915 stimulare
411 1839 539 1925 solent,
563 1838 707 1936 parcius
725 1847 893 1934 sumptos
918 1846 1039 1934 partes
1064 1834 1146 1909 illas
1163 1858 1290 1935 parurn

206 1951 358 2036 afficere,
371 1960 409 2023 et
422 1950 498 2022 vim
513 1949 702 2023 sedantem
716 1960 755 2023 et
767 1948 1042 2046 refrigerantem
1061 1949 1289 2045 (rrecxm).

205 2059 314 2159 plane
330 2060 472 2135 habere.
525 2060 609 2136 Imo
636 2085 733 2160 saepe
748 2061 983 2159 perspicuum
1001 2068 1068 2145 est,
1094 2059 1288 2135 nonnullos

179 2194 184 2205 ·
204 2197 333 2247 eorum
351 2183 453 2248 tanta
470 2176 575 2273 copia
592 2185 760 2273 sumptos
778 2191 822 2246 ut
838 2182 957 2270 partes
975 2171 1169 2268 quasdam,
1191 2170 1288 2247 velu-

205 2284 236 2359 ti
252 2285 425 2361 intestina
439 2298 504 2361 aut
516 2311 631 2375 renes,
641 2288 727 2361 satis
739 2285 869 2359 acriter
881 2282 1087 2371 stimulent,
1105 2283 1288 2384 reliquum

204 2423 336 2498 eorpus
351 2399 481 2473 eodem
510 2410 678 2500 tempore
703 2399 813 2496 longe
842 2396 946 2469 aliter
975 2394 1130 2483 affluere,
1161 2406 1200 2471 et
1215 2418 1286 2470 non

204 2512 318 2586 modo
334 2526 410 2586 non
427 2512 616 2586 stimulare
632 2512 719 2585 alias
735 2521 866 2608 partes,
895 2507 960 2582 sed
976 2531 1106 2582 earum
1122 2504 1285 2584 'actiones

204 2625 402 2723 reprimere
417 2635 529 2723 atque
546 2608 785 2722 compesoere,
802 2631 841 2696 et
857 2621 917 2707 sic,
935 2621 1038 2714 verbi
1055 2621 1186 2721 gratia,
1212 2645 1285 2696 mo

203 2744 288 2808 tum
305 2737 494 2834 sanguinis
511 2747 726 2835 temperare,
756 2746 795 2810 et
823 2735 907 2809 ideo
932 2744 1056 2808 toturn
1073 2758 1204 2834 eorpus
1228 2732 1286 2808 fri·

203 2845 327 2943 gidius
344 2848 505 2922 reddere.

253 2977 437 3032 mccxxx.
464 2959 528 3032 Ex
557 2960 668 3033 acidis
685 2984 772 3034 vero
801 2960 935 3035 salibus
959 2954 1140 3060 (quamvis
1154 2980 1284 3033 omnes

201 3065 320 3141 forsan
338 3070 417 3142 vim
442 3069 601 3166 aliquam
629 3070 903 3170 refrigerantem
923 3074 1155 3172 possideant),
1173 3069 1284 3146 asido

200 3179 336 3256 fossilis
351 3179 575 3255 validissima
591 3193 688 3256 sunt.
727 3183 792 3257 Ex
808 3184 865 3258 his
882 3210 1033 3285 quoque
1049 3183 1197 3261 acidum
1211 3179 1284 3260 ssd·

196 3294 399 3395 psoricum
415 3294 525 3394 longe
541 3294 727 3392 optimum
741 3306 808 3383 est,
825 3308 863 3371 et
874 3298 948 3371 fere
960 3298 1080 3373 solum
1093 3299 1172 3396 jam
1185 3317 1281 3371 nuno

200 3430 224 3481 a
239 3409 389 3483 medicis
406 3407 608 3482 adhibetur.
662 3407 831 3484 Plurima
846 3435 941 3508 aqua
957 3410 1135 3497 dilutum,
1157 3419 1197 3485 et
1212 3430 1280 3484 me·

91 3510 99 3527 “
200 3516 272 3591 lius
288 3528 327 3592 et
355 3520 495 3594 facilius
511 3519 633 3596 adbuc
662 3522 692 3595 si
709 3522 849 3622 aliquid
865 3525 1011 3623 gummi
1036 3533 1104 3598 aut
1129 3519 1280 3598 monheri

199 3628 400 3704 admistum
418 3631 540 3720 fuerit,
570 3631 671 3730 quod
688 3637 1001 3711 medicamentum
1019 3637 1113 3711 adeo
1129 3661 1211 3711 aere
1231 3636 1279 3709 in·

199 3740 325 3816 volvat
342 3752 455 3842 atque
471 3745 665 3833 obtundat,
694 3757 778 3822 tuto
805 3757 844 3822 et
860 3747 971 3822 libere
988 3748 1066 3822 dari
1084 3759 1219 3848 potest,
1244 3756 1279 3819 et

199 3877 294 3952 saepe
309 3878 397 3928 cum
409 3856 545 3956 insigni
553 3857 735 3933 beneficio
744 3859 874 3933 datum
891 3869 955 3934 est.
999 3860 1117 3934 Potui
1134 3881 1277 3960 quoque

177 3966 387 4067 ‘communi
403 3971 675 4066 aegrotantium,
688 3970 735 4044 ad
751 3980 899 4069 gratum
924 3996 1044 4070 usque
1060 3997 1207 4047 acorem
1222 3970 1276 4046 ad·

196 4078 361 4166 mistrim,
390 4079 491 4153 haud
515 4105 595 4156 raro
621 4082 767 4182 egregie
791 4081 940 4181 profuit.
997 4083 1273 4161 Observandum

194 4200 320 4267 autem
337 4203 402 4280 est,
427 4192 496 4267 hoc
513 4195 825 4271 medicamentum
851 4219 926 4270 non
946 4199 1056 4271 modo
1085 4199 1222 4299 insigni
1240 4192 1270 4268 si

194 4303 346 4382 sedante
361 4317 400 4381 et
415 4305 652 4408 refrigerante
681 4307 827 4407 pollere,
857 4310 921 4387 sed
945 4310 1176 4414 astringente
1191 4331 1270 4412 quo
