2678 4794
126 401 218 458 car.
237 397 330 453 xxv.
429 395 648 452 nnmerum
667 397 953 458 rnnornrrcn.
1125 393 1195 463 311

173 591 411 652 nccccxcrv.
436 572 571 648 Carnes
595 573 721 673 igitur,
755 575 903 674 cibique
927 599 975 650 ex
998 575 1043 653 iis
1066 581 1195 679 parati,

119 683 409 763 febricitantibus
442 707 585 784 semper
620 695 727 760 caute
750 696 864 785 atque
887 710 1003 787 parce,
1038 697 1076 764 et
1110 702 1195 768 tum

115 800 280 875 maxime
304 797 552 897 permittenda
575 795 673 886 sunt,
702 822 789 873 cum
814 821 937 898 neque
961 799 1069 876 febris
1085 802 1195 878 vehe-

109 933 226 999 mens,
252 933 378 1008 neque
401 907 497 985 calor
520 933 688 1010 magnus,
723 935 845 1012 neque
871 912 949 988 sitis
985 913 1192 1004 immodica,

110 1045 234 1121 neque
258 1022 365 1121 signa
387 1021 526 1113 {multae
549 1023 765 1121 putredinis,
789 1023 935 1111 adsunt,
972 1025 1036 1099 sed
1060 1027 1192 1124 ingena

100 1132 290 1223 debilitas,
315 1159 337 1208 a
361 1133 474 1233 longo
497 1134 637 1223 morbo,
662 1144 702 1209 et
725 1135 901 1211 diuturna
926 1138 1058 1226 inedia,
1083 1138 1191 1215 valde

111 1254 261 1343 urgent,
282 1254 322 1319 et
336 1245 426 1344 aegri
454 1245 525 1344 ipsi
542 1268 665 1321 carnes
681 1256 883 1346 appetunt;
908 1250 1011 1347 quod
1026 1249 1191 1349 profecto

108 1379 194 1431 raro
209 1356 347 1431 accidet
362 1357 433 1431 nisi
446 1356 648 1456 profuturae
663 1359 760 1432 sint:
785 1358 846 1433 vel
862 1359 892 1432 ai
908 1359 1012 1448 forte,
1040 1372 1191 1461 propter

109 1464 295 1557 delirium,
310 1480 376 1544 aut
393 1470 546 1545 taedium
576 1479 721 1544 tautum
739 1470 858 1545 diaetae
872 1471 989 1570 vulgo
1004 1469 1198 1574 praescrip'

108 1587 170 1666 ta,
182 1618 185 1623 <
198 1603 323 1655 carnes
337 1579 594 1681 flagitaverint,
623 1605 741 1681 quum
758 1581 825 1670 hae,
852 1593 1001 1682 propter
1016 1595 1187 1662 naturam

105 1690 228 1766 morbi
254 1701 294 1766 et
319 1702 457 1768 statum
486 1693 656 1793 corporis,
684 1694 808 1768 minus
824 1693 966 1770 idoneae
981 1708 1079 1786 sunt,
1102 1708 1188 1774 tum

103 1801 203 1900 ipaea
226 1828 320 1902 quas
350 1805 441 1880 adeo
469 1807 686 1905 cupiverant
713 1806 988 1904 quamprimum
1015 1817 1187 1908 gustave-

103 1913 193 2002 rint,
209 1916 334 1990 atatim
351 1915 425 1992 fere
441 1918 646 2008 fastidiunt,
663 1940 785 2016 neque
800 1926 949 1993 tantum
965 1917 1187 2020 plerumque

102 2047 234 2101 earum
250 2040 405 2104 sumunt
419 2039 604 2130 quantum
632 2030 774 2128 corpori
802 2028 967 2106 multum
989 2033 1104 2130 possit
1119 2055 1185 2108 no·

103 2159 199 2213 cere.

153 2271 367 2329 nccccxcv.
392 2253 508 2342 Quod
531 2253 685 2328 formam
709 2277 797 2327 vero
833 2255 968 2330 attinet
991 2280 1068 2354 qua
1092 2257 1184 2334 tales
1298 2280 1303 2291 ·

101 2360 182 2436 cibi
195 2362 484 2441 febricitantibus
510 2366 661 2441 concedi
677 2365 846 2453 debeant,
872 2366 913 2439 id
929 2368 1092 2442 maxime
1120 2369 1184 2443 ob-

103 2476 326 2552 servandum
343 2488 409 2566 est,
435 2482 480 2553 ut'
508 2478 560 2552 ita
575 2484 782 2574 coquantur
798 2484 838 2549 et
853 2486 1112 2574 praeparentur,
1137 2486 1184 2554 ut

102 2599 283 2664 oonooctu
306 2590 382 2665 sint
396 2613 511 2690 quam
538 2587 713 2675 facillimi,
736 2598 777 2662 et
793 2586 1043 2662 ventriculum
1067 2612 1183 2687 quam

101 2698 260 2776 minime
284 2713 448 2791 onerent,
477 2709 517 2776 et
543 2723 677 2800 corpus
706 2723 820 2797 quam
836 2700 990 2773 minime
1016 2701 1183 2779 excitent

98 2818 172 2886 aut
185 2811 414 2901 calefaciant3
439 2814 609 2913 quocirca
637 2811 752 2886 rarius
778 2835 881 2909 purae
907 2822 946 2885 et
962 2811 1086 2888 solidae
1107 2836 1182 2888 oar·

99 2946 179 3011 nea,
197 2925 274 2999 sive
290 2950 376 3002 assae
391 2927 468 3000 sive
483 2926 603 3016 elixae,
623 2924 663 2998 in
680 2923 796 2998 acuns
809 2922 945 2997 morbis
958 2926 1180 3023 permittun-

96 3038 637 3138 turoegrianimirumadquas
648 3035 838 3112 solvendas
851 3044 890 3110 et
901 3036 1180 3137 concoquendus

98 3147 327 3224 ventriculus
351 3159 390 3224 et
412 3150 595 3237 intestina,
618 3149 669 3224 ob
684 3147 947 3235 infirmitatem,
976 3149 1101 3225 minus
1117 3174 1180 3225 va·

96 3257 203 3346 lent3
225 3270 264 3336 et
278 3261 426 3336 decocta
442 3263 502 3337 vel
520 3260 667 3360 juscula
695 3259 822 3334 tenuia
846 3283 895 3332 ex
912 3260 1094 3348 comibus,
1119 3257 1180 3333 vel

87 3369 241 3471 juscula
256 3372 386 3472 gelata,
410 3374 547 3471 quibus
563 3370 756 3471 paululum
773 3371 864 3458 viui,
893 3379 932 3444 et
947 3369 1115 3459 sacchari,
1141 3379 1182 3449 et

95 3484 197 3559 succi
213 3486 328 3573 citrei,
352 3485 461 3584 adjici
484 3484 585 3573 solet,
604 3484 734 3582 saepius
746 3482 1040 3582 praescribuntur.
1083 3481 1180 3560 Haec

94 3595 264 3695 profecto
288 3598 373 3672 satis
397 3598 532 3672 idonea
551 3606 651 3683 sunt,
680 3604 719 3669 et
743 3602 925 3693 quantum
950 3617 1044 3693 opus
1067 3593 1181 3671 fuerit

84 3698 215 3794 alunt,
253 3708 401 3783 fortasse
437 3711 549 3784 etiam
587 3706 671 3805 plus
695 3729 811 3805 quam
844 3703 969 3780 solidae
992 3728 1115 3781 carnes
1139 3707 1181 3782 in

95 3828 199 3896 autu
214 3820 308 3894 adeo
323 3820 447 3908 debili,
471 3830 510 3894 et
525 3817 629 3894 facile
645 3816 866 3915 plerumque
887 3825 1180 3916 concoquuntur,

94 3953 222 4030 neque
237 3932 454 4008 calefaciunt
470 3955 611 4031 eorpus,
627 3952 752 4027 neque
767 3928 868 4002 sitim
884 3938 1035 4029 augent,
1058 3951 1181 4028 neque

93 4044 289 4141 putredini
304 4044 440 4134 favent,
458 4045 521 4120 sed
537 4044 662 4143 potius
677 4041 873 4130 obsistunt,
898 4049 938 4115 et
953 4041 1059 4140 aegris
1084 4063 1181 4139 saepe

94 4157 305 4254 gratissima
320 4166 417 4233 sunt

143 4289 382 4350 necccxcvr.
415 4269 635 4351 Cavendum
650 4275 785 4359 autem,
801 4289 851 4346 ne
865 4273 933 4346 aut
946 4262 1059 4344 nimis
1074 4258 1181 4338 fortia
