2678 4794
195 293 267 366 546
608 293 861 352 consrncws
1118 300 1213 355 CAP.
1230 303 1289 357 xl.

87 541 88 545 a
198 494 238 561 et
268 481 443 557 tardiores
467 475 601 562 reddit,
625 474 721 548 vires
737 469 990 547 musculorum
1008 472 1195 567 infirmat,
1219 504 1290 555 oor·

199 618 344 696 pusque
358 594 511 667 demum
522 597 646 661 totum
660 584 860 683 refrigerat,
876 592 916 659 et
928 585 1042 661 simul
1052 586 1290 688 aliquantum

202 708 351 782 relaxat.

252 838 442 892 ornnxxn.
469 812 583 900 Quod
600 812 631 884 si
647 805 839 883 interdum
867 808 995 908 pulsus
1023 823 1115 908 post
1147 816 1288 914 sangui.

203 954 290 1004 nem
323 927 529 1000 detractum
564 920 756 1020 pleniores,
790 919 993 1008 validiores,
1017 921 1286 1022 frequentiores

202 1042 311 1126 fiunt,
327 1033 589 1135 sanguinisque
605 1033 769 1130 impetus
784 1031 895 1130 plane
909 1043 1084 1132 augetur,
1101 1047 1145 1110 et
1162 1062 1287 1137 corpus

203 1150 351 1235 firmari,
375 1155 414 1220 et
431 1145 526 1219 vires
543 1143 622 1242 ejus
648 1141 746 1216 refici
762 1153 802 1217 et
817 1144 985 1243 expediri
1000 1145 1200 1236 videntur,
1222 1151 1285 1224 hoc

205 1287 281 1336 non
298 1257 412 1333 dubie
423 1255 667 1331 tribuendum
679 1255 749 1328 erit
761 1253 903 1330 sublata
914 1279 980 1356 per
990 1257 1284 1336 exinanitionem

202 1380 307 1446 tanto
324 1367 514 1467 sanguinis
539 1389 650 1440 onere
677 1376 717 1440 et
744 1366 852 1454 mole,
877 1378 1066 1466 quantum
1083 1380 1127 1444 et
1143 1373 1283 1447 arterias

201 1483 286 1581 plus
314 1504 424 1581 aequo
453 1479 658 1570 (cccxxiv,
683 1487 803 1578 nxrv)
820 1479 1058 1569 distenderet,
1084 1507 1284 1584 earumque

202 1595 298 1670 vires
314 1591 550 1691 opprimeret,
575 1600 616 1664 et
631 1598 754 1664 toturn
771 1614 902 1689 corpus
918 1604 1102 1690 gravaret.

254 1726 464 1781 mnnxxm.
489 1701 660 1777 Effectus
676 1726 763 1777 vero
787 1703 970 1778 naturales
999 1713 1039 1778 et
1069 1729 1281 1783 communes

202 1817 315 1915 hujus
343 1815 604 1891 exinanitionis
631 1816 856 1912 (nnnxvru)
883 1815 924 1888 in
957 1815 1054 1890 sanis
1082 1819 1226 1916 pariter
1249 1827 1281 1893 et

203 1929 386 2026 plerisque
402 1927 520 2025 aegris,
537 1925 597 1998 vel
608 1924 840 2024 interipsum
854 1926 1075 2025 sangumem
1094 1929 1280 2004 detrahet·

201 2039 305 2123 dnm,
330 2047 396 2111 sut
414 2036 516 2110 brevi
534 2045 629 2134 post,
651 2037 738 2111 satis
753 2036 945 2112 manifeste
961 2048 1204 2136 spectantum
1227 2041 1281 2116 ille

201 2149 392 2237 nimirum,
417 2150 644 2249 comprimo
669 2148 824 2223 solvitur
849 2173 954 2236 vena,
978 2152 1088 2248 quasi
1116 2163 1278 2241 aestuam,

92 2306 95 2311 -
201 2270 241 2335 et
274 2284 409 2360 magno
441 2261 587 2360 impetu
621 2258 820 2359 prosiliens,
856 2260 1033 2360 paulatim
1075 2261 1280 2365 languidior

201 2371 333 2461 effluit,
358 2383 398 2447 et
413 2373 517 2447 brevi
533 2371 609 2446 fere
625 2382 781 2470 stagnat,
807 2396 930 2472 neque
946 2372 1120 2452 frictione
1137 2377 1278 2465 brachii,

201 2508 324 2585 neque
336 2485 585 2561 contractione
602 2483 844 2584 (ccccxxvn)
862 2484 942 2583 ejus
958 2488 1218 2566 musculorum
1233 2490 1278 2563 fs-

201 2596 271 2672 cile
283 2594 557 2695 exprimendus,
574 2620 643 2671 nec
658 2621 748 2685 raro,
766 2596 1024 2674 deficientibus
1039 2601 1183 2677 viribus
1199 2625 1279 2700 qua

200 2708 456 2808 propellerent,
473 2709 576 2808 prius
586 2710 740 2784 omnino
755 2708 896 2785 sistitur
910 2734 1027 2808 quam
1043 2711 1093 2785 ad
1110 2712 1277 2788 idoneam

200 2818 448 2917 quantitatem
466 2820 596 2896 missus
619 2819 741 2897 fuerit
792 2821 896 2921 Saepe
923 2823 1039 2897 etiam
1066 2823 1276 2898 brevissimo

200 2939 284 3030 post
300 2940 467 3033 tempore
493 2957 515 3007 a
543 2934 731 3033 sanguinis
757 2933 982 3009 detractione
1008 2936 1166 3034 impetus
1191 2932 1275 3031 ejus

198 3044 394 3143 insigniter
408 3045 530 3119 minui
548 3045 706 3133 videtur,
723 3047 894 3143 quamvis
904 3047 1001 3122 dum
1017 3049 1091 3148 ipse
1105 3043 1274 3121 efflueret

198 3154 302 3231 nulla
313 3154 389 3231 fere
400 3157 560 3231 mutatio
571 3155 797 3232 observanda
808 3168 911 3235 esset
961 3159 1099 3260 Neque
1113 3155 1274 3258 profecto

196 3292 322 3343 rarum
337 3278 404 3358 est,
424 3267 602 3368 sanguine
619 3269 729 3345 semel
747 3294 869 3371 neque
884 3270 985 3370 large
1002 3272 1179 3358 detracto,
1195 3267 1272 3345 nul·

197 3376 309 3477 loque
325 3381 396 3455 alio
407 3379 572 3456 adhibito
584 3381 757 3471 remedio,
773 3383 921 3458 morbos
932 3383 1117 3481 quosdam
1127 3407 1150 3457 a
1161 3381 1273 3456 nimio

193 3488 274 3585 ejus
290 3493 435 3591 impetu
452 3492 709 3591 provenientes
737 3495 840 3570 brevi
856 3502 896 3568 et
912 3495 1063 3594 penitus
1081 3493 1173 3570 tolli.
1221 3492 1272 3566 Et

194 3599 273 3697 pari
302 3602 377 3675 fere
400 3604 551 3692 ratione,
585 3604 706 3683 multa
734 3604 923 3705 sanguinis
948 3605 1138 3704 profluvia
1166 3627 1271 3682 suum

191 3710 468 3811 quodammodo
484 3740 608 3792 secum
625 3718 829 3792 remedium
846 3715 1018 3793 afferunt

241 3846 442 3903 arnnxxrm
485 3828 638 3929 Magnae
668 3853 757 3904 vero
793 3829 983 3928 sanguinis
1016 3829 1270 3914 detractiones,

188 3939 372 4032 graviores
395 3948 435 4012 et
458 3939 533 4015 fere
550 3941 821 4042 perniciosiores
849 3940 1005 4017 effectus
1032 3940 1198 4027 habent3
1221 3964 1271 4014 ar·

186 4048 288 4123 teriis
304 4052 403 4127 enim
419 4053 604 4151 variisque
619 4054 738 4130 cordis
754 4052 864 4128 saccis
889 4050 1053 4130 multum
1084 4064 1128 4130 et
1153 4053 1272 4129 subito

183 4157 366 4256 relaxatis,
389 4163 604 4266 viribusque
619 4190 748 4246 eorum
765 4166 817 4244 sic
833 4165 1060 4258 imminutis,
1080 4162 1272 4270 sanguinis
