2678 4794
127 342 200 433 270
527 362 779 422 oonsracrus
984 334 1197 427 csrssxxrn

125 546 326 635 mittentes,
349 562 430 619 euru
448 538 557 613 vultu
586 537 722 638 pallido
750 550 789 613 et
810 537 976 638 oollopso,
1002 545 1200 619 oculorum

127 659 316 760 splendore
330 652 504 738 extincto,
532 649 685 724 artubus
701 649 928 748 frigentibus,
945 653 1079 727 sudore
1095 657 1203 754 frigi

128 774 177 847 do
193 780 230 845 et
246 780 379 850 tensos,
396 785 528 861 spuma
543 761 636 836 eirea
651 785 703 848 os,
727 771 766 836 et
780 761 883 860 gravi
898 761 1093 850 anxietate,
1118 767 1205 862 ple·

126 902 283 980 rumque
298 898 485 952 summum
515 873 733 973 perieulum,
758 895 853 972 saepe
874 872 1072 948 instantem
1096 899 1215 949 mor..

126 1006 200 1070 tem
217 987 426 1064 ostendunt.

172 1123 429 1178 ncccnxxvn.
446 1098 659 1199 Respiratio
670 1119 819 1197 quoque
831 1096 1051 1195 imperfecta,
1069 1097 1204 1172 diffici-

122 1214 177 1303 lis,
205 1212 393 1301 laboriosa,
421 1222 459 1287 et
476 1222 640 1312 strepens
655 1208 759 1297 facta,
788 1210 853 1284 ubi
875 1211 975 1309 prius
991 1234 1127 1310 organa
1144 1234 1201 1285 re-

66 1422 69 1427 ,
122 1325 331 1425 spirationis
347 1347 424 1399 non
439 1323 700 1412 laboraverant,
716 1322 919 1422 pessimum
934 1333 999 1397 est.

171 1458 445 1516 ncccnxxvrn.
473 1438 577 1537 Saepe
602 1436 712 1510 etiam
737 1435 777 1508 in
799 1432 918 1534 longis
941 1435 1086 1523 morbis,
1110 1458 1201 1511 non·

122 1574 319 1649 nunquam
344 1573 433 1624 vero
467 1550 507 1622 in
539 1549 668 1635 acutis,
702 1548 837 1646 magna
869 1547 1026 1646 eorporis
1058 1549 1202 1636 macies,

123 1673 291 1763 aspectus
301 1661 547 1747 mdaverosus,
562 1669 601 1734 et
613 1660 720 1734 facies
731 1658 794 1734 illa
804 1656 1084 1758 Hippocratica
1094 1660 1202 1749 diota,

124 1776 219 1851 etin
236 1785 397 1875 utroque
419 1794 553 1874 genere
576 1771 801 1858 morborum,
826 1768 937 1845 foetor
960 1771 1139 1860 insolitus,
1162 1780 1203 1848 et

124 1888 277 1962 tandem
293 1886 451 1987 putredo
475 1882 664 1987 generalis,
688 1880 917 1983 aliquamdiu
942 1893 1028 1959 ante
1044 1893 1201 1961 mortem

124 1999 375 2073 observantia.

174 2132 415 2186 ncccnxxrx.
446 2110 541 2185 Haeo
561 2109 716 2210 quidem
740 2117 779 2185 et
802 2108 1017 2209 hujusmodi
1041 2110 1147 2210 signa
1161 2109 1200 2187 in

124 2224 234 2298 variis
250 2224 387 2299 morbis
403 2224 585 2310 accidunt,
611 2246 813 2322 eommque
837 2220 1135 2321 magnitudinem
1150 2230 1203 2297 at-

126 2361 202 2435 que
218 2335 422 2435 periculum
440 2335 554 2435 probe
579 2334 774 2409 declarant.
825 2332 993 2409 Plurima
1013 2358 1098 2409 vero
1125 2334 1203 2423 alia,

127 2461 166 2524 et
182 2448 293 2548 longe
310 2448 462 2535 diversa,
488 2448 528 2523 in
545 2446 623 2522 aliis
639 2457 752 2547 atque
773 2446 851 2522 aliis
866 2446 1081 2522 morborum
1096 2469 1203 2547 gene·

127 2562 240 2650 ribus,
258 2562 461 2637 senmdum
478 2561 612 2637 horum
629 2571 810 2647 naturam,
827 2568 1020 2658 partesque
1048 2559 1204 2659 eorporis

127 2675 265 2772 quibus
281 2675 444 2747 maxime
460 2658 694 2759 incumbubt,
719 2696 758 2746 se
773 2671 986 2757 ostendunt,
1003 2693 1204 2770 eorumque

128 2784 345 2881 periculum,
370 2785 558 2859 interdum
584 2784 733 2858 fortasse
765 2782 1001 2859 insanabilem
1022 2792 1203 2871 naturam,

127 2893 173 2966 ab
190 2895 270 2992 ipso
286 2895 395 2968 initio
412 2903 714 2970 commonstrant.

175 3026 387 3078 noccnxxx.
424 3006 510 3101 Ipsa
546 3017 673 3078 autem
708 3006 812 3105 signa
848 3009 1090 3106 (namnam)
1118 3029 1205 3105 qua

126 3115 289 3189 maxime
312 3113 482 3200 infausta,
519 3127 557 3190 et
594 3115 814 3214 plerumque
841 3117 989 3194 lethalia
1012 3118 1205 3206 habentur,

123 3226 289 3327 periculo
306 3251 401 3326 saepe
418 3236 552 3313 carent,
570 3225 706 3301 seilicet
722 3252 807 3303 eum
823 3234 974 3306 aeausis
986 3231 1132 3307 levibus
1143 3241 1208 3307 aut

126 3340 329 3440 fugacibus,
358 3337 418 3414 vel
434 3337 560 3413 saltem
579 3339 682 3415 facile
698 3342 987 3431 medicabilibus,
1017 3345 1203 3426 oriuntur:

126 3452 245 3527 veluti
261 3455 299 3527 in
317 3450 494 3551 hysteria,
524 3453 714 3541 asthmata,
740 3453 919 3544 scordalo,
945 3456 1111 3532 febribus
1127 3456 1204 3557 qui·

125 3562 282 3637 busdam
299 3564 640 3654 intermittentibus,
658 3567 861 3666 multisque
877 3568 955 3642 aliis
974 3570 1124 3644 morbis.

174 3696 407 3750 noconxxxn
425 3677 545 3751 Causa
561 3680 700 3775 mortis,
718 3680 847 3757 saltem
859 3680 968 3780 plena
985 3694 1026 3755 et
1037 3681 1205 3780 proxima

125 3784 204 3882 ejus
220 3810 339 3874 eausa,
367 3786 476 3863 debet
502 3814 579 3864 esse
596 3816 738 3891 semper
754 3792 894 3880 eadem,
923 3794 1106 3868 nimirum
1124 3816 1206 3893 quae

125 3897 290 3972 consistit
305 3899 345 3971 in
363 3901 557 3976 amissione
572 3902 670 3977 illius
687 3904 806 4002 ignoti
823 3915 940 3980 status
950 3905 1112 4004 generis
1124 3927 1205 3980 aer·

125 4009 213 4097 uosi,
230 4010 430 4108 quiritem
448 4025 631 4111 quatenus
656 4039 825 4114 corporea
842 4028 907 4106 est,
936 4017 1083 4093 efficere
1108 4017 1205 4092 side·

123 4131 195 4196 tur.
246 4122 432 4211 Quoniam
451 4150 539 4199 vero
565 4135 680 4201 status
697 4126 759 4201 ille
785 4128 906 4205 adhue
929 4155 1078 4229 prorsus
1103 4130 1203 4230 igno

122 4242 185 4309 tus
209 4247 275 4321 est,
312 4233 457 4340 plenam
481 4247 520 4312 et
547 4239 758 4337 proximam
783 4243 912 4319 mortis
936 4266 1096 4329 oausam,
1125 4263 1204 4339 quae
