2678 4794
206 362 255 439 92
386 402 389 407 -
606 369 856 426 eousrucruu
1134 369 1219 425 cur.
1237 369 1276 425 x.

204 576 403 652 rerumque
418 551 509 624 bene
524 559 695 620 notarum
709 551 920 642 conspectu,
942 541 1085 617 levetur
1101 546 1161 619 vel
1177 571 1273 621 com-

204 679 391 765 pescatum
415 687 481 737 cur
504 684 600 758 saepe
622 644 856 758 ingravescet
874 656 905 728 si
920 678 1018 753 aeger
1041 657 1080 729 in
1097 656 1194 732 lecto
1211 659 1274 732 de·

204 780 373 861 tineatur,
399 774 525 847 mitius
540 795 735 847 evasurum
752 771 783 845 si
799 766 1005 855 surrexerit,
1034 779 1073 842 et
1088 769 1275 868 paulisper

203 900 342 963 erectus
358 885 502 960 sederit.

251 1018 413 1074 ccxcrx.
441 995 696 1071 Melanoholioe
712 1005 751 1071 et
776 995 925 1070 insaniae
940 993 1032 1068 ratio
1048 993 1169 1068 multo
1184 995 1277 1069 deu·

202 1110 353 1184 sioribus
369 1111 529 1184 tenebris
553 1110 762 1209 obtegitur:
788 1106 934 1194 scilieet,
959 1131 1044 1206 quae
1072 1108 1149 1179 sine
1173 1105 1275 1181 febre

200 1229 297 1307 sunt,
322 1233 388 1297 aut
405 1234 510 1296 motu
539 1223 728 1321 sanguinis
759 1220 835 1295 ullo
850 1220 962 1293 modo
986 1219 1153 1303 turbato;
1179 1243 1276 1318 saepe

199 1357 350 1431 quoque
375 1334 620 1420 haeoeffltariae,
644 1358 667 1407 a
690 1332 810 1432 prime
833 1341 872 1406 et
895 1332 1090 1430 congenita
1105 1332 1273 1429 corporis,

197 1453 236 1517 et
252 1448 453 1542 praesertim
471 1446 619 1532 cerebri,
645 1446 789 1532 fabrica,
813 1455 858 1519 ut
874 1443 1035 1533 videtur,
1059 1442 1276 1542 pendentes,

196 1556 303 1653 cujus
319 1568 443 1631 temen
459 1558 596 1632 vitium
612 1582 634 1631 a
649 1558 887 1632 subtilissimo
897 1556 1103 1632 anotomr'eo
1118 1577 1194 1630 non
1210 1556 1272 1630 de·

195 1666 431 1769 tegi‘posset:
453 1694 538 1769 quae
550 1693 615 1768 per
627 1668 817 1744 intervella
827 1677 1029 1755 recurrunt,
1040 1692 1136 1767 saepe
1150 1668 1271 1767 longo,

195 1782 331 1879 quibus
355 1782 522 1857 homines
551 1790 675 1855 mente
711 1803 798 1855 sane
830 1781 870 1854 in
904 1804 1053 1879 corpore
1081 1805 1170 1855 sano
1197 1780 1271 1855 frui

196 1895 390 1968 videntur:
416 1904 455 1968 et
471 1918 554 1992 quae
571 1893 731 1992 denique
755 1891 898 1967 amalis
926 1894 1072 1980 mentis,
1096 1892 1270 1993 gravibus

194 2005 370 2082 nimirum
396 2003 598 2092 effectibus,
624 2029 719 2103 saepe
734 2005 915 2093 oriuntur,
940 2028 1100 2104 quorum
1116 2003 1270 2080 effecum

192 2116 232 2189 in
249 2115 448 2205 cerebrum,
465 2129 504 2215 et
519 2119 612 2192 ratio
627 2141 703 2216 qua
718 2117 810 2193 adeo
820 2126 964 2205 nocent,
980 2140 1125 2216 prorsus
1141 2116 1270 2216 ignote

192 2239 290 2303 sunt.
1142 2247 1145 2254 ·

241 2364 325 2416 ccc.
350 2341 497 2418 Notum
510 2353 634 2418 umen
651 2352 708 2418 est
724 2341 823 2418 varie
837 2342 972 2417 cerebri
990 2342 1090 2429 vitiu,
1106 2339 1269 2416 obstruo·

190 2452 319 2541 tiones,
344 2463 517 2543 tumores,
547 2455 607 2531 vel
630 2454 845 2553 ipsius,·vel
868 2455 1031 2531 calvariae
1055 2455 1095 2527 in
1123 2452 1164 2527 id
1187 2477 1266 2551 pre-

189 2568 336 2654 mentis,
362 2569 440 2642 vim
467 2569 579 2667 capiti
606 2567 758 2656 illatam,
783 2579 831 2656 et,
856 2575 900 2641 ut
928 2566 1052 2641 ferunt
1077 2566 1269 2663 scriptores

189 2679 332 2765 medici,
358 2681 494 2753 cerebri
518 2681 632 2778 ipsius
648 2680 834 2764 duritiem,
859 2679 1071 2762 siceitatem,
1095 2687 1135 2748 et
1149 2679 1268 2753 irrita-

188 2799 313 2860 menta
330 2791 498 2885 quaedam
511 2813 639 2887 genus
655 2811 852 2863 neruorum
867 2785 1105 2871 stimulantis,
1122 2785 1268 2865 malum
1309 2802 1314 2811 “

186 2897 368 2970 inducere.
429 2899 484 2970 Et
508 2899 671 2995 profecto
696 2906 798 2971 tante
821 2897 976 2969 irritatio
997 2905 1124 2969 mente
1148 2902 1267 2996 ceptis

185 3015 252 3093 est,
269 3017 314 3080 ut
330 3031 425 3105 saepe
442 3032 508 3106 per
523 3008 678 3106 longum
696 3018 844 3106 tempus
856 3031 987 3105 pamm
1000 3006 1060 3082 vel
1071 3007 1165 3082 nihil
1182 3010 1265 3087 dor-

186 3118 314 3205 miant,
331 3142 453 3218 neque
468 3118 583 3194 solitis
600 3119 769 3193 remediis
785 3118 889 3193 facile
906 3121 1103 3218 sopientur.

234 3254 335 3307 ccci.
362 3232 435 3307 Sed
453 3257 574 3332 neque
598 3232 687 3322 brec,
713 3233 883 3331 quemvis
905 3234 1042 3332 exigua
1064 3243 1103 3308 et
1127 3237 1261 3336 imper-

184 3343 288 3431 fecta,
316 3344 363 3419 de
379 3346 514 3421 cerebri
531 3358 569 3421 et
585 3347 720 3420 mentis
736 3346 883 3434 morbis,
909 3347 1067 3434 scientia,
1093 3351 1167 3422 suis
1192 3351 1261 3425 dif-

54 3471 56 3474 ⁴
184 3453 410 3532 ficultotibus
436 3468 556 3533 curet:
592 3481 679 3532 nam
702 3459 797 3533 faeta
817 3459 951 3534 cerebri
970 3457 1028 3532 vel
1044 3460 1157 3559 partis
1181 3462 1262 3561 ejus

182 3566 345 3664 cujusvis
355 3568 512 3657 laesione,
528 3581 685 3657 tumore,
702 3595 780 3645 osse
792 3572 831 3645 in
844 3595 1060 3645 mueronem
1076 3585 1261 3648 crescente

183 3689 222 3753 et
238 3678 412 3769 irritante,
429 3685 494 3757 &c
514 3707 625 3758 nemo
641 3683 852 3782 predixerit
868 3683 1046 3783 quidnam
1064 3684 1152 3759 mali
1177 3686 1261 3762 talis

181 3791 279 3867 laesio
308 3794 447 3869 factura
470 3798 536 3882 sit3
572 3796 795 3898 epilepsiam,
819 3793 1065 3896 apoplexiam,
1090 3795 1260 3896 herntple-

174 3904 296 4004 giam,
324 3918 524 4007 stuporem,
546 3909 850 3999 melancholiam,
884 3910 1056 3996 furorem,
1091 3907 1258 3984 dolorem

179 4019 320 4117 ospitis,
344 4029 411 4094 aut
439 4021 492 4093 nil
519 4032 651 4118 praeter
678 4019 838 4095 solitum.
891 4020 977 4094 Non
1003 4020 1137 4095 desunt
1153 4021 1256 4097 enim

178 4132 347 4232 exempla
364 4132 569 4218 hominum,
586 4132 663 4230 qui,
680 4142 764 4229 post
775 4131 943 4205 amissam
961 4132 1061 4207 haud
1077 4133 1253 4231 exiguam

178 4246 313 4320 cerebri
339 4255 491 4345 partem,
515 4240 791 4332 convaluerunt,
817 4252 856 4318 et
883 4242 949 4318 diu
972 4245 1168 4328 vixerunt3
1194 4244 1255 4338 rel
