2678 4794
123 411 214 470 CAP.
231 407 320 466 XXI·
432 403 655 463 MEDICINAE
673 405 963 464 THEOBETICAE.
1007 437 1009 444 ·
1144 399 1229 466 233

133 586 348 692 genitalium
379 583 526 673 morbis,
554 585 618 661 lue
645 608 810 674 venerea,
840 586 901 660 vel
929 585 1013 661 laesa
1040 584 1173 660 fabrica
1195 613 1216 662 a

129 702 350 778 contusione
375 709 442 775 aut
468 699 621 774 vulnere
635 730 654 773 z·
671 700 771 775 haud
800 724 881 773 raro
908 699 994 773 oriri
1021 700 1100 772 visa
1123 707 1217 774 esta

127 817 246 890 nimia
261 827 409 900 venere,
436 813 640 911 praesertim
657 812 826 901 solitaria,
843 811 989 900 scilicet,
1015 813 1076 886 cui
1091 811 1216 887 nullus

71 974 77 981 -
127 928 263 1003 modus
281 936 349 1001 est.

177 1061 357 1115 nccnxm
392 1035 599 1113 Verisimile
626 1047 693 1125 est,
722 1038 820 1112 viros
846 1036 1046 1137 aliquando
1079 1038 1217 1114 steriles

128 1177 206 1228 esse
221 1176 245 1225 a
260 1151 356 1225 vitio
372 1150 532 1239 seminis,
559 1150 730 1249 quamvis
757 1151 860 1225 nulla
886 1175 1110 1250 organorum
1127 1151 1218 1224 vitia

130 1274 340 1365 appareant,
357 1273 397 1339 et
411 1264 482 1363 ipsi
499 1264 547 1337 ad
558 1263 746 1337 Venerem
763 1263 877 1362 probe
893 1264 1060 1348 valeant3
1084 1264 1219 1338 multa-

131 1401 210 1475 que
235 1376 404 1476 exempla
426 1376 679 1462 ostenderunt,
705 1399 781 1452 non
806 1398 954 1449 omnem
981 1375 1106 1449 virum
1130 1400 1219 1450 eum

132 1489 236 1562 omni
252 1487 403 1563 foemina
419 1487 638 1564 foeoundum
655 1512 742 1577 esse,
767 1488 939 1585 quamvis
956 1495 1116 1588 uterque
1132 1512 1218 1563 eum

134 1599 212 1676 aliis
228 1603 314 1676 satis
329 1601 425 1676 foret
439 1599 646 1677 foecundus.
871 1595 874 1599 ’
1078 1687 1081 1693 ,

178 1735 374 1790 nccuxvr.
416 1713 702 1812 Nonnunquam
735 1715 876 1813 inguen
910 1713 1146 1813 pertinaciter
1179 1723 1218 1787 et

129 1849 216 1901 oum
233 1826 360 1901 dolore
377 1825 515 1926 arrigit,
542 1825 603 1901 vel
619 1829 709 1903 citra
725 1826 952 1924 cupidinem,
983 1824 1044 1900 vel
1060 1850 1145 1899 cum
1165 1826 1220 1897 in-

132 1949 244 2038 gente
269 1947 309 2014 et
337 1938 553 2039 inexplebili
582 1939 745 2015 libidine.
802 1940 947 2014 Rarum
977 1939 1062 2012 vitii
1090 1961 1220 2039 genus,

132 2051 194 2129 eui
213 2053 366 2126 nomina
381 2052 555 2152 Tentigo,
582 2053 822 2152 Priapismus,
852 2052 1044 2152 Satyriasis
1074 2053 1219 2126 dantur.

132 2160 264 2240 Oritur
278 2162 354 2238 fere
370 2189 393 2237 a
407 2165 512 2263 gravi
528 2165 733 2239 irritatione
750 2165 865 2263 ipsius
882 2165 1050 2250 membri,
1064 2164 1123 2237 vel
1140 2189 1220 2262 par·

131 2275 228 2351 tium
246 2277 464 2364 vicinarum,
481 2277 612 2351 vesieae
628 2277 842 2374 prasertim,
869 2277 929 2350 vel
947 2277 1089 2350 acribus
1108 2278 1220 2350 medi-

133 2389 321 2476 camentis,
334 2388 452 2463 veluti
461 2389 747 2477 cantharidibus,
759 2389 925 2485 sumptis,
940 2387 1149 2472 stimulatae,
1161 2388 1221 2460 vel
1264 2468 1266 2472 ,

132 2501 249 2577 multa
267 2515 307 2576 et
335 2503 472 2577 acriore
498 2502 605 2577 urina
622 2501 812 2576 distentae:
838 2500 926 2572 binc
941 2499 1060 2572 levior
1075 2499 1222 2596 tentigo

132 2614 484 2714 expergiscentibus,
507 2613 671 2712 alioquin
687 2612 895 2698 sanissimis,
913 2635 1036 2709 neque
1053 2610 1221 2684 libidino

135 2725 189 2815 sis,
213 2725 425 2803 familiaris:
464 2727 551 2802 hinc
577 2750 728 2825 quoque
753 2726 894 2824 inguen
926 2748 1022 2822 saepe
1046 2724 1142 2822 riget
1168 2725 1223 2797 in·

134 2835 296 2914 lantibus
325 2841 522 2940 puerisque
551 2839 820 2939 impuberibus,
850 2838 1023 2936 quamvis
1053 2837 1220 2911 nondum

134 2948 184 3024 ita
198 2948 396 3026 evolvatur
412 2951 492 3050 ejus
507 2952 653 3040 fabrica,
671 2961 716 3026 ut
733 2960 880 3025 tumeat
898 2960 936 3025 et
953 2952 1098 3049 arrigat,
1129 2952 1223 3026 sieut

135 3063 221 3147 viris
237 3061 340 3139 solet.

187 3195 387 3252 nccuxvn.
406 3177 550 3252 Eadem
566 3178 643 3253 sere
660 3186 770 3252 aetate
787 3201 861 3274 qua
878 3178 986 3274 pueri
1003 3176 1223 3274 pubescunt,

138 3283 271 3382 puellae
285 3289 403 3364 solent
419 3291 564 3365 nubiles
581 3292 681 3365 fieri:
707 3287 883 3388 genitalia
897 3312 1033 3386 organa
1046 3285 1223 3359 evolvun-

137 3404 209 3483 tur,
226 3407 264 3472 et
279 3401 325 3474 ad
338 3404 485 3502 propria
498 3427 653 3478 munera
669 3403 793 3476 valent
807 3430 815 3487 ;
842 3402 959 3498 pubes
975 3401 1090 3484 venit,
1108 3424 1224 3473 mam-

135 3531 206 3585 mae
232 3510 477 3600 efflorescunt,
512 3538 608 3590 nova
632 3525 806 3588 venustas
831 3513 895 3600 ori,
921 3537 1019 3586 nova
1043 3511 1226 3613 elegantia

136 3623 319 3699 universae
348 3624 477 3700 iormae
515 3627 705 3701 accedunt.
768 3623 958 3698 Valetudo
987 3649 1149 3724 quoque,
1179 3625 1224 3698 si-

134 3736 288 3832 quando
304 3748 413 3812 antea
428 3738 609 3813 infirmior
624 3737 763 3824 fuisset,
787 3760 882 3834 saepe
898 3746 936 3811 et
954 3738 1077 3810 subito
1092 3738 1132 3810 in
1149 3759 1225 3809 me-

136 3841 261 3922 liorem
280 3851 449 3938 vertitur,
479 3874 553 3925 non
572 3874 674 3925 secus
691 3872 733 3922 ac
761 3848 1052 3924 adolescentibus
1075 3848 1224 3923 alterius

137 3978 244 4034 sexus
260 3960 405 4036 accidit.
457 3962 629 4038 Multum
646 3985 735 4034 vero
752 3961 855 4036 abest
871 3970 916 4036 ut
940 3970 1043 4036 tanta
1060 3959 1223 4035 universi

139 4073 294 4171 corporis
311 4074 471 4148 mutatio
486 4075 650 4149 foeminis
666 4074 816 4161 accidat,
835 4085 973 4172 quanta
991 4075 1030 4147 in
1048 4074 1136 4147 viris
1161 4071 1224 4144 ob

141 4194 311 4260 servetur.
361 4185 497 4286 Neque
523 4189 623 4261 enim
652 4212 729 4262 vox
757 4196 937 4274 mutatur,
962 4209 1089 4282 neque
1112 4181 1221 4256 barba

143 4296 249 4386 venit,
272 4320 397 4400 neque
412 4298 541 4374 eadem
558 4299 615 4374 vis
631 4309 670 4374 et
685 4299 797 4375 robur
812 4309 877 4375 aut
894 4295 1035 4395 corpori
1052 4304 1120 4368 aut
1147 4294 1222 4369 ani-
