2678 4794
135 287 191 361 48
545 302 796 361 consenesce
870 316 887 359 .·
1060 307 1146 363 car.
1164 305 1219 365 rr.

132 479 255 580 primo
269 479 406 580 ingrati
420 477 610 576 displicere
621 478 800 571 desinant,
817 480 1022 558 ettandern
1040 483 1219 584 placeant,
1249 566 1255 577 ,

134 595 305 692 quamvis
322 615 442 691 neque
466 600 597 665 natura
613 615 735 691 neque
751 592 989 667 vehementia
1014 596 1218 697 impressio

134 706 192 782 nis
204 707 264 782 vel
279 705 478 783 minimum
494 712 649 779 mutatae
664 704 816 781 fuerint.
868 704 1028 794 Scilicet,
1043 706 1118 783 sola
1134 733 1220 784 con·

134 818 330 894 suetudine
344 815 538 891 familiares
554 815 651 904 tacti,
677 841 804 893 sensus
831 842 927 916 saepe
952 819 1110 917 repetiti,
1136 845 1219 920 seg·

78 946 88 963 ··
133 932 217 1005 nius
227 929 480 1029 percipiuntur
489 933 615 1028 (exn),
630 940 669 1004 et
685 930 836 1005 tandem
853 929 1097 1031 negliguntur
1113 935 1218 1031 peni-

133 1053 204 1129 tus,
220 1040 323 1117 nulla
339 1042 454 1117 animi
469 1043 675 1118 attentione
687 1041 863 1117 adhibita.

180 1175 323 1229 cuvnr.
350 1155 455 1230 Hinc
470 1181 623 1255 quoque
646 1156 740 1230 ratio
764 1153 870 1229 reddi
886 1163 1019 1254 potest.
1045 1179 1112 1232 cur
1127 1159 1217 1234 nori

131 1288 257 1342 seusus
273 1266 348 1342 fere
365 1267 480 1368 magis
497 1268 686 1366 placeant3
711 1292 778 1342 cur
793 1267 950 1341 varietas
971 1267 1063 1341 adeo
1080 1268 1217 1368 jucun.

130 1376 199 1465 da;
237 1403 303 1455 cur
331 1380 525 1456 validiores
549 1405 687 1468 sensus,
724 1377 787 1454 vel
811 1378 938 1453 saltem
964 1377 1216 1478 impressiones

130 1491 170 1565 in
185 1516 323 1592 organa
338 1516 464 1568 sensus
480 1492 688 1591 cujuslibet,
701 1492 908 1590 cupiamus,
924 1499 969 1565 ut
985 1491 1216 1592 voluptatem

128 1603 191 1679 vel
213 1627 415 1705 augeamus
439 1601 501 1679 vel
524 1606 806 1689 continuemusz
839 1626 906 1678 cur
931 1600 978 1678 ad
1003 1612 1062 1679 tot
1084 1605 1216 1707 volup·

128 1726 222 1793 tates
239 1718 306 1793 vix
329 1743 374 1793 ac
395 1742 445 1794 ne
463 1719 528 1793 vix
543 1719 698 1817 quidem
723 1715 969 1802 attendamus,
992 1738 1116 1814 neque
1141 1716 1216 1796 fere

129 1829 219 1904 tales
244 1844 329 1906 ante
355 1833 521 1933 extitisse
547 1830 703 1904 sciamus
731 1852 845 1927 quam
871 1853 931 1903 eas
965 1828 1215 1918 amiserimus:

92 2041 97 2050 .
128 1965 195 2017 cur
219 1954 277 2018 tot
293 1944 512 2043 voluptates,
537 1953 689 2042 tamque
713 1949 921 2016 constantes
947 1950 985 2018 et
1001 1966 1117 2039 pune,
1134 1952 1215 2019 tan·

127 2061 241 2152 taque
264 2055 349 2131 ideo
374 2065 513 2131 ettam
539 2055 716 2131 continua
739 2053 854 2129 animi
879 2048 1052 2141 hilaritas,
1090 2057 1214 2154 pueris

126 2189 203 2264 prae
240 2168 399 2245 senibus.
459 2170 659 2258 Quantum
697 2166 796 2243 enim
826 2188 976 2264 cunque
999 2164 1214 2266 voluptatis,

126 2300 224 2353 nova
247 2281 430 2356 sentiendi
454 2279 629 2357 facultate
664 2279 788 2355 subito
811 2278 982 2366 donatus,
1006 2290 1073 2353 aut
1097 2304 1215 2357 werra

125 2391 223 2469 visui
247 2394 373 2469 denuo
397 2394 574 2482 redditus,
610 2393 770 2480 haberet,
808 2400 970 2480 tantum,
1005 2415 1142 2481 omnes,
1166 2392 1215 2469 ab

125 2506 488 2583 omnibus'sensibus
523 2505 612 2582 olim
637 2505 847 2591 habuimus
872 2502 1041 2603 quamvis
1079 2503 1214 2604 longus

124 2641 214 2802 ἰιειιε
231 2630 270 2693 et
286 2622 517 2698 consuetudo
541 2621 649 2696 istam
674 2619 905 2717 voluptatem
925 2614 1005 2712 jam
1030 2639 1126 2712 pene
1137 2618 1213 2692 „de-

116 2741 292 2915 aeevdilriri
313 2843 449 2916 Sensus
464 2790 633 2939 plerique
649 2837 740 2912 satis'
751 2835 876 2922 validi,
904 2842 951 2908 ut
978 2832 1083 2908 facile
1099 2846 1139 2910 et
1154 2862 1212 2912 ac·

120 2943 250 3023 'curate
274 2950 562 3049 distinguantur,
591 2973 659 3024 suo
685 2947 845 3047 quisque
868 2970 1003 3046 genere
1031 2955 1071 3024 et
1089 2951 1211 3038 modo,

122 3061 198 3134 fere
213 3060 360 3161 placent
376 3062 545 3137 maxime.
596 3060 710 3135 Varia
732 3068 860 3134 autem
886 3060 1053 3135 existunt
1078 3061 1211 3163 volup·

122 3182 244 3275 tatum
269 3199 425 3275 genem
463 3174 630 3275 variique
653 3172 770 3272 igitur
804 3195 930 3246 sensus
955 3173 1064 3246 variis
1089 3177 1210 3253 modis

123 3288 289 3364 animum
314 3288 503 3364 delectare
534 3294 699 3388 possunt.
766 3283 902 3383 Neque
939 3283 1102 3383 profecto
1143 3300 1209 3364 aut

124 3399 295 3498 splendor
321 3401 416 3490 solis,
445 3410 511 3477 aut
537 3399 690 3500 pulchra
704 3408 743 3474 et
772 3398 898 3472 vivida
921 3399 1037 3472 totius
1053 3399 1209 3476 Naturae

122 3511 231 3587 facies
249 3515 457 3603 meridiana,
475 3513 551 3589 sola
566 3512 763 3589 hominum
779 3511 913 3599 oculos,
940 3535 1064 3610 neque
1080 3516 1207 3613 magni

121 3636 322 3701 concentus
348 3626 415 3702 soli
445 3651 549 3702 aures
576 3651 705 3702 eorum
735 3625 943 3710 delectam
979 3625 1116 3699 scilicet
1140 3629 1207 3724 qui

122 3738 233 3839 longe
249 3728 402 3826 diversit,
419 3741 485 3814 sed
501 3752 626 3815 tamen
644 3739 744 3813 haud
761 3740 899 3838 exigua
915 3737 1118 3837 voluptate,
1143 3739 1207 3814 oh

96 3868 226 3927 'scura
254 3853 431 3927 Numinis
461 3852 601 3952 templa
629 3862 807 3950 spectant,
836 3861 875 3924 ct
900 3851 1088 3925 umbrosos
1105 3850 1207 3926 lucos

123 3987 188 4063 per
203 3963 330 4038 lunam
349 3965 498 4052 adeunt,
530 3964 723 4063 noctisque
749 3963 901 4037 demum
919 3963 1065 4061 nigram
1081 3963 1207 4038 formi-

122 4077 249 4151 dinem
264 4077 435 4151 lubentes
449 4075 767 4174 contemplantur;
799 4084 839 4149 et
860 4073 1065 4172 zephyrum
1082 4075 1206 4174 sylvas

122 4192 335 4287 agitantem,
346 4199 413 4265 aut
423 4213 535 4289 apum
550 4211 752 4274 susurrum,
764 4197 831 4263 arat
842 4185 1008 4262 fluminis
1022 4211 1205 4275 murmur,
