2678 4794
656 273 696 348 iv

142 470 285 574 tingere
310 474 506 571 scriptores.
558 470 697 564 Prima
711 480 809 547 certe
834 471 1016 571 elegantia
1041 485 1096 549 est
1126 477 1211 550 sim·

141 587 282 686 plicitas
297 595 335 659 et
349 583 586 682 perspicuitas
602 584 799 671 orationis;
824 586 965 685 quippe
988 585 1092 684 cujus
1121 613 1211 661 usus

140 701 189 774 sit
209 722 308 775 sensa
324 694 486 792 cujusvis
502 696 718 796 exprimere,
745 707 784 772 et
800 721 887 771 cum
902 697 981 770 aliis
998 697 1210 774 hominibus

139 809 415 887 communicare.
479 807 732 897 Quamobrem
761 810 873 884 etiam
902 834 1068 884 sermone
1095 835 1208 909 quam

138 921 332 1023 purissimo
347 921 406 994 uti
422 929 580 1019 oportet,
603 930 641 994 et
658 921 782 994 omnia
798 921 975 996 vocabula
1000 946 1107 1010 nova,
1132 922 1210 1016 bar·

138 1035 230 1117 bara,
255 1016 335 1124 arte*
349 1031 501 1108 cuilibet
529 1033 684 1132 propria,
709 1043 893 1131 quantum
910 1033 989 1108 fieri
1007 1037 1120 1133 possit
1136 1035 1210 1108 evi·

135 1153 220 1217 tare.
273 1145 336 1218 Sin
354 1146 488 1234 minus,
508 1146 753 1220 metuendum
771 1146 840 1219 erit
856 1170 904 1218 ne
921 1145 1006 1218 talia
1023 1147 1209 1232 vocabula,

134 1256 194 1329 vel
211 1265 312 1332 totus
329 1257 483 1332 demum
500 1282 629 1344 sermo,
654 1267 720 1331 aut
748 1282 893 1356 prorsus
910 1282 986 1330 non
1003 1258 1209 1361 intelligan-

133 1375 207 1456 tur,
222 1380 299 1456 aut,
316 1371 418 1467 quod
434 1368 540 1469 pejus
556 1380 612 1444 est
624 1381 663 1444 et
675 1370 904 1468 frequentius
920 1371 1209 1459 incommodum,

133 1482 393 1556 existimentur
408 1482 567 1581 intelligi
596 1507 617 1555 a
643 1481 878 1580 scriptoribus
894 1481 1030 1579 pariter
1046 1494 1084 1557 et
1098 1482 1209 1555 lecto·

131 1592 244 1681 ribus,
269 1617 355 1667 curn
373 1594 439 1667 vix
455 1594 495 1667 in
512 1594 556 1666 iis
573 1593 621 1666 sit
637 1593 740 1691 quod
767 1591 999 1691 intelligant;
1024 1605 1090 1669 aut
1106 1594 1208 1668 deni·

131 1728 217 1802 que,
241 1703 434 1803 capiantur
461 1705 747 1804 quodammodo,
781 1704 844 1777 sed
870 1729 1002 1802 parum
1032 1715 1209 1793 accurate,

131 1824 170 1890 et
183 1841 290 1892 sensu
302 1816 451 1893 fortasse
465 1842 584 1892 avero
599 1815 756 1891 auctoris
774 1840 880 1889 sensu
898 1817 1063 1892 multum
1079 1817 1208 1892 alieno.

130 1930 350 2027 Antiquum
377 1929 477 2003 enirn
495 1939 534 2002 et
550 1927 827 2003 usitatissimum
844 1929 944 2026 apud
961 1929 1122 2002 medicos
1139 1940 1206 2016 est,

130 2040 199 2115 sibi
216 2040 370 2139 aliisque
385 2037 602 2141 persuadere
629 2065 667 2115 se
692 2062 770 2113 rem
800 2038 1014 2138 intelligere,
1040 2064 1126 2114 cum
1144 2065 1208 2113 no·

128 2175 217 2226 men
243 2162 392 2228 tantum
416 2153 622 2242 didicerint,
647 2176 859 2250 novamque
886 2175 965 2225 rem
997 2175 1034 2224 se
1062 2153 1208 2225 credere

127 2264 321 2353 invenisse,
345 2290 432 2342 cum
449 2290 592 2340 novum
608 2272 757 2339 tantum
782 2265 835 2337 rei
861 2273 969 2336 antea
984 2262 1079 2337 bene
1108 2272 1206 2337 uotae

126 2399 265 2452 nornen
282 2378 535 2477 imposuerint.
586 2377 751 2452 Caveant
779 2385 906 2451 autem
936 2376 1077 2463 medici,
1103 2400 1207 2449 cave-

126 2498 193 2563 ant
209 2489 390 2589 imprimis
407 2491 448 2566 in
463 2490 657 2565 medicinae
673 2490 842 2566 studium
867 2488 1132 2577 incumbentes,
1158 2512 1207 2561 ne

125 2600 197 2674 hoc
214 2604 325 2676 modo
341 2604 490 2675 sibimet
518 2604 606 2698 ipsis
622 2603 714 2673 dent
729 2603 850 2686 verba,
875 2601 1122 2694 umbramque
1138 2624 1206 2697 pro

126 2711 330 2784 substantia
346 2718 506 2805 captent.

114 2813 129 2905 l
176 2818 288 2892 Hanc
315 2841 403 2891 vero
432 2817 704 2916 simplicitatem
733 2827 772 2891 et
800 2818 1100 2917 perspicuitatem
1133 2846 1204 2897 ser·

124 2929 246 3003 monis
263 2938 302 3004 et
318 2930 550 3028 cogitationis
568 2954 677 3028 super
692 2930 801 3004 rebus
823 2930 985 3019 medicis,
1010 2956 1123 3030 quam
1141 2958 1203 3006 ve-

124 3041 318 3116 hementer
333 3041 439 3117 vobis
467 3032 725 3117 commendare
748 3065 850 3132 aveo,
875 3053 973 3117 certe
988 3044 1110 3119 multo
1126 3069 1203 3118 me-

85 3234 89 3247 ,
123 3152 196 3227 lius
224 3164 264 3229 et
288 3152 409 3229 multo
432 3153 574 3229 facibus
589 3155 794 3254 attigissem
811 3154 1006 3230 vernaculo
1023 3181 1135 3255 quam
1151 3154 1202 3230 la-

123 3264 205 3341 tino
220 3291 387 3341 sermone
403 3290 514 3353 usus;
539 3276 579 3341 et
595 3267 706 3342 simul
721 3266 841 3341 forsan
870 3291 949 3342 rem
976 3270 1094 3368 magis
1121 3294 1202 3366 gras

123 3387 201 3451 tam
230 3378 322 3451 meis
351 3377 580 3453 auditoribus
608 3387 648 3452 et
675 3377 871 3455 lectoribus
896 3381 1072 3454 fecissem.
1132 3381 1200 3454 An

122 3489 240 3588 igitur
263 3490 444 3564 rationem
470 3489 621 3563 reddere
647 3501 793 3588 oportet
819 3514 887 3566 cur
910 3489 1005 3564 hanc
1032 3491 1201 3590 linguam

121 3602 404 3701 anteposuerim,
429 3625 504 3698 qua
530 3625 597 3701 per
620 3601 762 3700 aliquot
786 3626 900 3677 annos
917 3603 1108 3702 scriptores
1125 3627 1198 3676 me·

121 3707 194 3789 dici
211 3714 250 3787 in
267 3713 490 3813 quibusdam
507 3712 670 3810 Europae
695 3713 917 3812 regionibus,
942 3724 980 3787 et
996 3714 1198 3811 praesertim

120 3824 161 3900 in
177 3826 297 3911 insula
313 3835 446 3912 nostra,
472 3835 547 3899 tam
567 3849 696 3923 parurn
728 3825 785 3898 usi
814 3826 917 3900 sint?
954 3825 1092 3899 Veram
1109 3826 1197 3898 fate-

119 3936 187 4013 bor
202 3961 358 4013 causam.
409 3936 555 4012 Nobilis
579 3947 618 4011 et
646 3937 840 4011 utilissima
863 3936 992 4035 lingua
1007 3937 1117 4010 nimis
1134 3958 1197 4009 ne·

95 4049 213 4150 ..gligi
229 4050 319 4124 mibi
336 4050 413 4126 visa
429 4059 495 4138 est,
520 4071 565 4122 eo
581 4047 704 4148 pejore
721 4072 807 4122 cum
836 4047 972 4121 effectu
1002 4048 1102 4144 quod
1130 4071 1197 4145 per

69 4146 300 4249 <maccam
315 4161 390 4240 fere
406 4185 519 4240 annos
535 4170 732 4262 postquam
756 4160 872 4238 literae
886 4159 1129 4250 humaniores,
1155 4173 1193 4235 et
