2678 4794
132 345 215 402 CAP.
231 345 254 396 1.
407 341 629 397 MEDICINAE
648 343 936 399 THEORETICAE.
1180 334 1204 407 '7

133 544 302 622 prosperae
317 543 400 595 suae
416 518 650 609 valetudinis,
675 522 814 609 multis,
840 521 936 608 coeli,
962 520 1093 607 victus,
1117 523 1210 597 vita.

130 635 274 735 generis,
295 633 540 708 varietatibus
556 644 673 709 semet
688 635 987 722 accommodasse,
1005 643 1044 707 et
1060 633 1111 707 sic
1125 633 1205 731 plu.

128 749 230 821 rimas
247 747 469 821 morborum
486 771 609 821 causas
626 749 780 846 impune
796 745 975 834 tolerasse,
997 745 1122 844 quales
1139 747 1206 818 mi-
1277 813 1278 817 ,

126 882 191 934 nus
207 856 362 932 firmum
381 870 448 933 aut
466 882 596 933 sanum
615 883 745 957 corpus
761 858 822 933 vel
841 882 988 958 prorsus
1005 858 1206 955 fregissent,

126 970 181 1045 vel
198 970 330 1046 saltem
347 971 388 1043 in
405 994 518 1069 grave
541 973 763 1047 valetudinis
793 971 987 1045 discrimen
1016 970 1208 1069 perduxis·
1301 1038 1312 1080 ἦ

126 1084 474 1164 seut-Postremo,
489 1084 622 1185 sanitas
639 1084 759 1157 eidem
777 1084 920 1158 homini
932 1082 1102 1181 quamvis
1115 1106 1209 1157 sem·

128 1184 190 1295 per
205 1196 398 1270 sanissimo
414 1219 490 1268 non
504 1220 650 1294 prorsus
663 1196 790 1270 eadem
805 1207 870 1270 est.
912 1195 1091 1270 Plurimae
1106 1196 1209 1268 enim

130 1319 167 1381 et
194 1309 416 1406 gravissunae
441 1310 634 1387 varietates
663 1309 821 1407 corporis
850 1307 896 1380 ab
921 1316 1029 1381 aetate
1055 1308 1228 1409 omnino

135 1420 317 1516 pendent:
341 1444 408 1494 nec
425 1422 623 1519 quisquam
649 1422 845 1494 hominum
867 1421 914 1494 ab
938 1420 1017 1494 aliis
1042 1419 1209 1518 ejusdem

134 1534 246 1604 atatis
263 1527 410 1606 tantum
436 1531 571 1620 differt,
597 1544 781 1633 quantum
797 1533 907 1606 variis
923 1533 1013 1606 vitae
1036 1531 1209 1631 tempori·
1229 1606 1232 1615 ,

132 1641 194 1715 bus
211 1668 288 1717 ase
304 1646 385 1742 ipso
402 1644 604 1745 discrepat;
630 1647 707 1719 sive
724 1645 881 1718 formam
898 1654 1115 1742 spectemus,
1132 1644 1210 1717 sive

130 1756 285 1852 corporis
301 1757 409 1842 vires,
436 1757 513 1829 sive
530 1757 644 1830 animi
661 1758 778 1845 dotes,
804 1758 882 1831 sive
908 1757 1061 1828 demum
1078 1755 1211 1829 intima

132 1868 285 1966 corporis
302 1867 503 1966 penetralia
525 1894 752 1969 muneraque
777 1869 884 1943 abiis
908 1866 1108 1966 pendentia
1131 1889 1211 1965 per.

135 1988 345 2053 scrutemur.
389 1980 479 2066 Quo
495 1980 550 2069 fit,
568 1990 610 2055 ut
621 1980 796 2055 valetudo
808 2006 921 2080 quam
938 1979 1210 2080 perfectissima,

133 2116 211 2189 quae
225 2116 362 2191 corpus
381 2115 536 2190 parvum
555 2104 593 2167 et
610 2104 780 2168 tenerum
798 2094 844 2167 ad
862 2118 973 2169 suum
989 2094 1156 2191 vigorem
1173 2102 1212 2164 et
1308 2172 1311 2177 ,

136 2205 392 2302 perfectionem
424 2205 544 2302 primo
570 2207 756 2304 perduxit,
786 2217 824 2279 et
852 2206 916 2280 diu
948 2208 987 2279 in
1014 2206 1083 2278 hoc
1112 2213 1211 2278 statu
1249 2254 1254 2263 -
1291 2256 1304 2305 3

137 2317 315 2402 sustinuit,
334 2315 434 2389 idern
452 2315 630 2414 paulatim
648 2319 805 2406 minuat,
822 2326 861 2392 et
875 2318 1025 2392 taudem
1038 2316 1086 2390 ad
1098 2312 1211 2390 tinem
1243 2399 1254 2410 ⁸
1320 2396 1324 2409 ¹

142 2429 325 2526 perducam
352 2452 440 2505 nam
1218 2450 1221 2459 ·
1322 2426 1324 2431 ’

252 2678 274 2706 “
294 2669 453 2728 Nascentes
467 2669 616 2739 morimur,
638 2668 760 2745 finisque
772 2669 809 2726 ab
822 2667 931 2747 origine
944 2665 1116 2789 pendet'X
1138 2630 1195 2757 ’ζ’
1251 2642 1267 2675 ”
1293 2646 1296 2651 ’

183 2891 253 2946 xrs
280 2870 430 2944 Harum
448 2893 582 2956 rerum,
608 2896 694 2968 quae
717 2893 846 2944 omnes
870 2869 917 2943 ad
934 2892 1063 2944 sanum
1082 2844 1295 2970 corpoeis?
1306 2898 1324 2995 p

139 2983 331 3080 pertinent,
354 2981 529 3080 cognitio,
547 2980 787 3081 Physiologia
804 2983 962 3082 corporis
979 2981 1134 3057 humani
1150 3007 1215 3058 vo·
1313 2990 1316 2995 '

140 3110 245 3170 (ntur.
689 3120 691 3125 ’
802 3115 805 3121 ’

185 3230 271 3282 xxi.
299 3205 444 3281 Verum
472 3206 672 3295 enimvero,
704 3202 830 3294 homo,
859 3230 933 3282 non
963 3206 1077 3280 modo
1104 3217 1214 3294 certo,

142 3319 340 3393 secundum
369 3318 526 3405 Naturae
553 3316 664 3418 leges,
689 3328 857 3419 tempore
880 3319 1052 3405 nascitur,
1076 3319 1215 3406 crescit,

140 3430 248 3529 viget,
274 3431 444 3518 senescit,
468 3430 648 3531 moritum
688 3431 752 3504 sed
777 3431 888 3509 variis
940 3454 1076 3530 uoque,
1100 3453 1216 3531 prope

141 3539 351 3629 innumeris,
376 3541 513 3617 morbis
529 3538 714 3635 ohioxius
741 3541 797 3631 fis,
820 3538 903 3641 quit
943 3566 1061 3617 ruram
1086 3565 1216 3642 quam·

141 3653 193 3726 vis
224 3652 416 3752 pulchram
434 3630 819 3762 ¹corrumpantfvires
848 3654 1029 3753 frangant,
1054 3653 1216 3752 singulas

141 3768 294 3862 corporis
318 3766 479 3839 actiones
506 3764 724 3864 impediant,
757 3787 889 3864 eorpus
910 3768 1016 3863 ‚saepe
1043 3765 1218 3863 gravibus

142 3875 323 3951 doloribus
341 3877 565 3964 excrucient,
589 3900 713 3977 neque
728 3875 799 3976 ipsi
814 3876 1043 3976 pepercerint
1068 3888 1090 3920 “
1106 3872 1218 3950 Divi-

144 3998 164 4029 “
187 4012 245 4063 oae
255 3987 460 4090 partiente
475 3996 613 4067 auroe.”
679 4066 724 4085 ,‚

117 4136 147 4165 v
190 4123 289 4176 xxrr.
315 4101 467 4177 Horum
483 4101 544 4175 aiii
560 4100 752 4188 infantem,
772 4100 1085 4183 insuescentem,
1102 4094 1219 4169 odori·

149 4221 267 4302 untur,
290 4239 359 4292 nec
375 4239 455 4290 raro
483 4215 724 4314 extinguunt.
775 4211 857 4290 Alii
880 4211 1062 4308 juvenem
1079 4201 1220 4292 vitibus
1257 4312 1260 4317 ‚
