2678 4794
117 257 191 332 258
405 312 411 323 .
523 269 774 332 cousracrus
982 273 1069 330 car.
1084 272 1188 331 xxn.

121 460 267 542 crescat,
295 475 360 528 cur
374 472 528 526 crescere
544 448 694 524 tandem
710 447 862 535 desinat,
890 453 930 521 et
946 446 1101 526 demum
1126 475 1194 528 suo

121 574 287 666 tempore
302 565 489 641 decrescat
539 561 721 649 Quamvis
739 557 898 634 multum
916 558 976 635 hic
998 564 1115 638 subsit
1131 563 1200 638 ob-

123 678 219 752 scuri
235 688 273 751 et
297 674 425 748 incerti
452 672 582 761 adhuc,
608 683 733 747 tamen
749 680 893 771 oportet
921 672 1073 760 novisse,
1099 674 1201 772 quid

123 786 173 863 de
196 784 405 886 gravissimo
433 793 653 884 argumento
684 779 913 884 propositum
943 782 1064 869 fuerit,
1098 786 1205 883 quid

124 884 340 984 stabilitum,
355 898 447 995 quid
463 896 617 971 fictumt
646 904 829 994 praeterea,
844 892 995 993 plurimi
1011 897 1128 969 morbi
1146 896 1208 968 ab

123 1017 231 1083 oetate
247 1007 423 1138 pendent,
450 1008 585 1084 scilicet
601 1007 669 1106 qui
693 1032 716 1082 a
731 1005 995 1083 mutatrombus
1011 1031 1103 1104 quas
1119 1031 1210 1080 cor-

119 1142 192 1218 pus
206 1121 315 1196 variis
331 1121 501 1197 aetatibus
517 1120 617 1196 subit
632 1120 824 1204 minutum
851 1116 1010 1193 horum
1002 1120 1117 1218 igitur
1134 1142 1209 1193 na-

119 1237 242 1307 turam
258 1242 297 1307 et
313 1256 437 1312 causas
453 1232 640 1307 medicum
651 1232 757 1307 decet
772 1228 976 1329 intelligere
993 1230 1114 1322 (xxn,
1125 1238 1201 1329 nr).

167 1364 355 1421 ncccxnr.
385 1344 606 1421 Certissimis
622 1352 661 1419 et
677 1341 953 1442 simplicissimis
967 1343 1204 1443 experimen·

118 1452 167 1529 tis
183 1466 335 1544 constat,
360 1479 488 1531 omnes
503 1457 662 1555 corporis
691 1466 825 1554 partes,
848 1452 979 1529 solidas
1003 1454 1140 1553 pariter
1155 1478 1207 1530 ac

118 1563 261 1657 fluidas,
286 1567 394 1644 variis
409 1565 661 1643 functionibus
677 1567 756 1640 vivi
771 1565 931 1640 hominis
956 1566 1100 1642 assidue
1123 1567 1199 1641 dis-

118 1677 230 1778 sipari'
252 1690 291 1755 et
314 1679 441 1755 deteri.
490 1677 630 1776 Neque
648 1676 808 1752 dubium
831 1694 888 1752 est
910 1676 1086 1753 alimenta
1110 1698 1206 1779 quae

116 1793 298 1868 sumimus
314 1792 407 1866 hanc
425 1791 609 1888 jacturam
625 1812 800 1891 reparare.
852 1789 947 1864 Haec
964 1813 1051 1864 vero
1075 1792 1204 1890 primo

117 1902 158 1977 in
175 1926 237 1977 ore
251 1913 290 1978 et
306 1900 521 1990 ventriculo,
538 1912 577 1975 et
592 1899 786 1988 intestinis,
815 1900 990 1989 confecta,
1010 1911 1048 1976 et
1065 1902 1196 1991 soluta,

116 2022 157 2088 et
172 2026 342 2090 concocta
359 2014 493 2106 (ncxv,
510 2020 663 2112 ncxvr),
687 2023 813 2113 postea
828 2013 978 2089 forsitan
995 2014 1034 2088 iu
1051 2014 1197 2113 pulmo·

117 2146 167 2200 nc
190 2126 347 2225 amplius
363 2136 509 2201 mutata
533 2126 709 2225 (anxur),
732 2126 770 2199 in
797 2125 1014 2225 sanguinem
1041 2126 1197 2202 demum

117 2247 316 2313 vertuntur
328 2238 554 2330 (ccccxciv,
567 2245 649 2336 nv),
665 2236 773 2335 cujus
787 2236 918 2337 gluten
935 2235 1110 2337 (fibrina
1129 2239 1196 2314 sci-

118 2346 214 2438 licet,
230 2348 413 2439 albumen,
428 2361 467 2426 et
477 2348 678 2450 galatica),
696 2359 743 2426 ut
758 2347 916 2438 videtur,
945 2349 1071 2426 solidis
1086 2350 1199 2451 parti·

119 2461 188 2537 bus
205 2464 433 2539 nutrimento
448 2472 514 2539 est.

169 2594 375 2651 ncccxnrr.
393 2573 519 2649 Facile
535 2574 755 2674 intelligitur
770 2573 941 2649 humores
957 2575 1117 2674 corporis
1133 2574 1198 2650 tali

120 2683 283 2759 subsidio
306 2686 461 2785 reparari
486 2711 613 2785 posse:
644 2684 765 2762 multo
793 2710 881 2761 vero
903 2686 1091 2763 obscurior
1105 2688 1200 2763 ratio

120 2815 195 2890 qua
211 2793 335 2870 solidae
351 2809 472 2894 partes
487 2797 707 2870 reficiantur.

168 2924 392 2981 ncccxnun
411 2908 507 2980 Sunt
519 2931 588 3003 qur
576 2906 770 2995 credunt,
787 2834 1197 3015 nequeprofectoparvi

121 3013 281 3089 nominis
292 3025 467 3104 auctores,
484 3016 680 3115 particulas
696 3018 891 3095 solidarum
908 3024 1199 3154 partiumvaso·

120 3150 217 3216 rum,
240 3127 428 3216 fibrarum,
453 3127 601 3217 ossium,
637 3128 720 3205 telae
743 3133 952 3222 reticulata),
978 3136 1089 3211 variis
1109 3137 1200 3213 vite

119 3239 335 3316 muneribus
362 3239 524 3329 detritas,
549 3240 691 3317 scrobes
714 3267 779 3319 seu
795 3245 945 3322 fossulas
969 3247 1198 3349 relinquere·

119 3349 259 3450 hasque
274 3350 434 3441 fossulas,
450 3363 544 3452 puta
559 3353 598 3427 in
615 3355 747 3431 intima
761 3358 952 3456 superficie
967 3361 1063 3435 vasis
1078 3359 1199 3490 cujus-

116 3459 204 3535 dam
220 3465 438 3562 sanguinem
449 3463 632 3557 vehentis,
649 3467 804 3545 humare
819 3470 1006 3570 glutinosa
1021 3472 1091 3571 qui
1106 3494 1192 3573 prus

116 3570 256 3648 terflnit
271 3573 426 3673 impleri,
452 3600 605 3652 crassam
623 3579 785 3678 ejusdem
802 3582 966 3659 humoris
982 3595 1130 3683 partem
1143 3590 1184 3663 ss

113 3683 256 3758 trahere
271 3685 351 3772 sibi,
369 3697 518 3763 tenuem
534 3689 739 3782 demittere,
757 3692 915 3790 juvante
931 3702 970 3768 et
986 3698 1178 3796 exprimet

114 3805 153 3869 te
167 3806 347 3894 perpetuo
365 3824 441 3898 quo
454 3825 581 3877 omnes
592 3815 711 3901 partes
723 3804 912 3903 agitantur
931 3817 1034 3881 motu
1047 3820 1171 3885 etcon

112 3906 320 4006 pressione;
345 3910 376 3983 si
405 3912 540 3988 fossula
556 3937 630 3988 non
655 3915 803 4013 penitus
819 3916 971 4015 impleta
995 3930 1103 4009 esset,
1127 3944 1164 3995 m

111 4041 241 4094 norem
264 4043 350 4118 quae
387 4032 479 4099 tunc
503 4034 705 4124 superesset
729 4027 903 4117 scrobem,
941 4031 1019 4129 pari
1043 4032 1157 4109 ratior

111 4129 200 4228 plus
212 4130 369 4234 glutinis
386 4133 456 4210 sibi
471 4136 653 4214 attrahere
668 4147 707 4215 et
730 4139 916 4230 detinere3
942 4143 973 4221 si
996 4168 1089 4223 vern
1111 4142 1150 4247 pl
