2694 4792
122 375 195 444 534
279 340 282 345 ⁵
511 377 763 436 cousrucrus
944 373 1044 428 car.
1064 375 1222 432 mm

181 582 344 635 nruxmr.
371 558 419 630 In
435 557 618 630 mensium
645 551 801 637 defectu,
828 550 1012 623 memoria
1031 576 1157 651 usque
1172 566 1223 627 te·

132 696 218 745 nere
234 679 390 770 oportet,
415 692 488 743 non
507 691 650 765 semper
666 665 751 740 ullis
767 688 860 762 opus
876 687 958 737 esse
977 666 1157 740 remediis
1172 667 1219 740 ad

133 786 229 883 ipsos
242 782 436 856 eliciendos
452 791 518 855 aut
532 778 765 862 revocandos,
791 777 867 849 sive
885 774 994 848 solita
1009 789 1125 852 atate
1140 803 1215 852 non

134 895 377 992 proruperint,
403 893 478 966 sive
495 905 690 990 postquam
715 889 912 986 aliquoties
940 887 1215 986 produxissent,

136 1018 268 1103 praeter
284 1017 451 1080 naturam
476 1004 726 1087 substiterint;
751 999 954 1099 praesertim
984 1001 1013 1073 si
1039 1000 1213 1075 valetudo

138 1127 268 1191 caetera
284 1118 380 1191 bona
395 1116 517 1190 fuerit.
568 1116 614 1188 In
642 1113 704 1188 tali
723 1113 822 1187 enim
840 1122 953 1198 statu,
981 1122 1115 1186 natura
1128 1114 1215 1212 ipsa,

136 1252 288 1315 menses,
314 1232 343 1302 si
360 1239 467 1302 antea
483 1227 575 1301 nulli
594 1226 748 1310 fuerant,
774 1249 841 1298 suo
876 1247 1043 1322 empore,
1060 1235 1140 1300 arte
1155 1226 1213 1299 vir

134 1338 350 1425 festinando,
367 1340 526 1439 proferre
539 1340 640 1426 solet,
657 1338 880 1435 eosdemque
896 1333 1122 1436 aliquandiu
1138 1337 1213 1411 suli

135 1451 303 1526 sistentes
319 1440 444 1525 denuo
460 1451 641 1527 reducere.
695 1449 826 1546 Neque
846 1447 916 1521 alia
933 1448 1108 1547 profecto
1124 1449 1213 1524 vide·

137 1573 201 1637 tur
216 1588 292 1638 esse
309 1565 402 1638 ratio
418 1565 552 1638 virium
571 1587 662 1662 quas
678 1558 865 1635 nonnullis
875 1559 1069 1658 imputare
1086 1560 1212 1660 placuit

136 1676 307 1750 remediis
324 1675 543 1774 quibusdam
574 1673 742 1759 anilibus,
766 1696 853 1770 quae
878 1694 1011 1746 revera
1032 1673 1152 1748 nullas
1177 1676 1208 1747 in

137 1789 325 1862 mensibus
342 1787 527 1861 eliciendis
548 1786 702 1859 habent:
729 1785 759 1857 si
777 1807 863 1858 vero
879 1807 948 1882 per
967 1796 1122 1884 tempus
1137 1786 1208 1859 saris

136 1899 292 1996 longum
309 1899 470 1971 adhibita
488 1897 634 1982 fuerint,
651 1919 802 1994 corpore
814 1895 967 1973 interim
982 1897 1135 1997 reliquis
1145 1897 1206 1972 suis

136 2008 368 2082 mediocriter
396 2007 525 2080 functo
551 2008 777 2094 muneribus,
802 2031 951 2082 menses
980 2009 1062 2084 fere
1088 2012 1204 2085 iterun

135 2116 362 2216 prodibunt;
386 2116 588 2217 laudesque
604 2120 664 2205 sic,
690 2120 848 2218 tempori
870 2131 909 2193 et
936 2134 1088 2198 naturae
1103 2123 1205 2197 solun

135 2228 280 2317 debltae,
303 2229 540 2305 inutilissimo
556 2231 706 2307 forsitan
723 2231 1000 2309 medicamento
1028 2236 1133 2311 facile
1156 2234 1205 2308 tri·

133 2340 306 2416 buentur.
362 2342 461 2417 Hinc
485 2368 635 2443 quoque
651 2345 732 2443 cogi
748 2354 881 2442 potest,
908 2370 1148 2447 quaecunque
1166 2344 1204 2418 ad

135 2477 277 2527 menses
293 2455 541 2553 provocandos
558 2456 693 2530 dentur
709 2455 879 2543 remedia,
897 2458 1085 2536 idoneum
1103 2462 1204 2534 victus

135 2575 173 2639 et
190 2567 277 2640 vitae
293 2591 421 2666 genus,
447 2567 553 2667 quale
579 2568 716 2643 scilicet
740 2569 786 2642 ad
814 2572 1033 2678 generalem
1065 2571 1203 2673 ourpon's

134 2677 339 2764 sanitatem,
365 2679 473 2752 variis
490 2704 585 2779 saepe
601 2681 720 2755 modis
737 2680 870 2770 laam,
894 2685 1069 2763 maxime
1084 2685 1201 2760 mudu-

136 2797 204 2872 cat,
230 2810 421 2887 nunquam
440 2815 516 2865 esse
532 2791 808 2891 negligendum.

185 2921 369 2976 srnxnrrr.
397 2902 550 3002 Singula
574 2928 662 2980 vero
686 2905 846 2979 remedia
872 2910 985 3007 quod
1013 2913 1132 2986 attinet
1153 2905 1196 2978 ad

134 3008 329 3084 eliciendos
354 3038 497 3088 menses
513 3015 590 3088 dari
607 3015 722 3103 solita,
748 3019 894 3092 tametsi
921 3021 1199 3119 uniuscujusque

133 3121 229 3192 actio
245 3131 283 3193 et
301 3146 388 3197 usus
406 3123 505 3198 haud
522 3126 618 3200 male
634 3127 899 3228 intelligantur,
919 3143 1053 3212 tamen
1068 3157 1153 3234 agre
1165 3133 1201 3207 in

132 3231 330 3330 pulchrum
344 3244 410 3310 aut
421 3248 631 3312 accuratum
642 3241 807 3314 ordinem
824 3241 1088 3333 reducuntur;
1111 3270 1204 3345 prop

130 3354 231 3417 terea
244 3347 348 3443 quod
366 3345 484 3421 multa
497 3358 535 3422 et
545 3349 789 3427 efficacissima
802 3376 933 3429 eorum
947 3381 1030 3433 uon
1049 3384 1124 3435 uno
1139 3370 1207 3432 tau·

131 3461 215 3527 turn
233 3457 296 3528 sed
315 3458 422 3531 variis
439 3459 558 3532 modis
575 3463 727 3558 prosint,
753 3465 947 3563 variosque
964 3471 1083 3545 simul
1099 3493 1207 3545 neers»

131 3565 239 3637 sarios
255 3576 321 3640 aut
338 3566 511 3643 salutares
529 3571 713 3648 duntaxat
731 3575 885 3651 effectus
902 3604 1006 3679 saepe
1024 3593 1208 3681 prmstent3

129 3674 237 3748 variis
255 3674 339 3750 ideo
355 3679 523 3769 consiliis,
549 3682 664 3780 inque
679 3688 789 3767 variis
817 3688 974 3780 casibus
1002 3697 1144 3792 pariter
1156 3693 1208 3770 ad·

129 3785 297 3860 hibenda.

179 3920 352 3974 Muxmv,
380 3901 440 3975 Sic
455 3905 586 3984 idonea
603 3911 761 4007 corporis
779 3912 1012 4005 exercitatio,
1038 3943 1130 4017 quae
1145 3941 1211 3993 out·

128 4008 231 4082 nium
252 4010 463 4108 hujusmodi
482 4019 727 4097 remediorum
741 4021 851 4120 longe
864 4027 1064 4121 optimum
1084 4044 1153 4119 est,
1167 4029 1213 4103 di·

126 4121 314 4219 versisque
327 4123 466 4198 casibus
479 4131 908 4209 accommodat'rssimum.
927 4138 1013 4213 sive
1030 4167 1053 4215 a
1071 4144 1213 4218 defectu

124 4231 261 4312 virium
278 4258 363 4339 quae
378 4241 595 4342 sanguinem
614 4244 815 4347 propellere
830 4245 1071 4347 debuissent,
1083 4255 1214 4335 sivest
