2678 4794
75 391 166 448 oar.
185 384 318 444 xxm
375 385 596 444 Maurorum
614 388 901 447 rnaonarrom.
1086 378 1162 449 343

74 564 235 641 visibilia
256 572 501 663 penetrantes,
539 590 651 668 seque
675 591 762 642 cum
787 567 993 644 siccioribus
1017 563 1155 667 quibus

71 689 268 754 oocurrant
284 676 470 776 particulis
487 678 761 779 conjungentes

121 812 274 864 mxxv,
311 789 453 865 Praeter
488 814 576 867 vero
613 791 882 865 medioamenu
917 789 1152 880 emollientia,

65 912 135 977 aut
151 903 370 990 devoranda,
387 912 453 978 aut
469 904 610 1004 corpori
626 905 735 978 variis
752 903 871 978 modis
887 927 955 1002 pro
965 902 1151 991 sumentis,

68 1018 133 1089 &o
150 1015 392 1103 admovenda,
421 1028 509 1091 sunt
526 1027 564 1091 et
580 1017 649 1090 alia
664 1015 836 1104 remedia,
863 1041 949 1116 quae
972 1013 1083 1090 simili
1099 1014 1150 1104 vi,

68 1149 186 1224 eaque
202 1127 303 1202 haud
319 1129 465 1226 exigua,
482 1130 520 1202 in
538 1153 689 1228 corpore
705 1129 868 1204 humano
883 1127 1034 1229 pollent.

118 1259 288 1312 mnxxvr.
314 1239 422 1313 Calor
445 1240 638 1339 imprimis,
663 1243 865 1339 praesertim
888 1264 975 1316 oum
992 1239 1148 1314 humore

61 1348 228 1445 junctus,
252 1361 372 1449 partes
398 1350 528 1426 solidas
552 1362 762 1427 nostrorum
787 1376 980 1452 corporum
1009 1352 1149 1426 mirum

66 1459 108 1531 in
144 1460 293 1536 modurn
329 1461 438 1536 solvit
472 1473 586 1561 atque
613 1463 765 1540 emollit.
841 1464 950 1539 Color
982 1463 1147 1564 profecto

64 1571 192 1660 siocus,
215 1572 382 1661 similem,
412 1576 583 1672 quamvis
611 1574 712 1650 haud
738 1586 889 1665 tantam,
919 1575 995 1650 vim
1022 1574 1143 1652 habet

65 1681 258 1772 Praeterea,
283 1709 432 1785 corpora
468 1696 591 1761 nostra
624 1697 757 1762 natura
792 1687 893 1763 haud
920 1713 1052 1787 parum
1076 1689 1146 1762 hu·

63 1795 164 1872 mida
200 1797 378 1885 existunt,
404 1807 442 1871 et
466 1798 552 1873 ideo
582 1799 722 1875 facilius
756 1810 795 1876 et
819 1801 937 1901 magis
973 1825 994 1873 a
1027 1799 1145 1874 oalore
1223 1782 1232 1801 ⁴

63 1906 285 1983 afficiuntur.
334 1908 463 1984 Partes
492 1910 645 2009 quidem
674 1914 833 2012 corporis
861 1915 1025 2001 intemae,
1050 1911 1143 1987 onlo-

62 2042 143 2094 rem
167 2043 277 2095 suum
302 2021 492 2120 proprium
518 2031 557 2096 et
580 2024 784 2099 naturalem
807 2049 938 2124 parum
956 2033 1142 2100 mutatum

61 2130 138 2205 fere
171 2131 291 2207 solent
332 2156 494 2208 semare:
536 2144 657 2232 parter
694 2159 782 2209 vero
823 2147 985 2212 extemae
1025 2137 1142 2214 calore

62 2243 265 2341 plurimum
294 2244 389 2319 allici
406 2254 571 2343 possunt,
601 2253 640 2318 et
655 2245 800 2333 molliri,
830 2256 868 2320 et
895 2246 1036 2322 flexiles
1061 2250 1141 2324 red·

62 2354 112 2443 di,
137 2357 305 2454 quamvis
321 2366 428 2431 antea
444 2357 552 2431 valde
568 2356 697 2455 rigidae
724 2355 829 2432 factae
844 2368 975 2432 essent.
1026 2359 1142 2447 Quod

61 2467 93 2540 si
117 2468 213 2542 mlor
236 2468 403 2544 insolitus
428 2469 525 2568 parti
549 2470 703 2543 intemae
726 2469 897 2545 admotus
921 2470 1043 2556 fuerit,
1078 2493 1140 2544 ve-

62 2577 136 2653 luti
161 2581 365 2657 ventriculo
389 2591 454 2654 aut
478 2579 659 2680 pulmoni,
684 2605 845 2680 quorum
870 2583 910 2655 in
935 2591 1139 2680 utrumque

59 2715 118 2765 res
143 2691 268 2767 oalidae
294 2694 461 2793 quaedam
500 2693 586 2766 satis
611 2692 715 2767 facile
751 2704 790 2768 et
814 2704 899 2769 tuto
919 2693 1033 2793 ‘recipi
1058 2717 1140 2793 pos·

59 2815 161 2893 sunt,
188 2805 244 2879 hae
268 2830 416 2905 quoque
440 2814 561 2904 partes
585 2805 743 2880 similem
768 2804 953 2893 effectum,
976 2805 1138 2904 aliquan·

52 2917 108 2991 ‹lo
123 2916 331 3008 salutarem,
359 2919 557 3018 aliquando
585 2917 691 2992 valde
715 2919 971 3017 perniciosum,
997 2919 1139 3017 experi-

55 3039 184 3106 untur.

108 3163 301 3219 mtxxvn.
326 3145 453 3233 Porro,
488 3146 662 3244 quoniam
699 3153 819 3245 partes
848 3144 973 3220 solidae
996 3154 1136 3220 nostro

39 3272 140 3328 lum
179 3280 374 3354 oorporum
410 3266 540 3331 natura
576 3257 714 3344 molles,
752 3280 884 3356 magna
924 3265 963 3330 et
990 3255 1137 3330 insolita
1277 3306 1279 3309 v

38 3365 281 3441 distentione
297 3367 404 3443 valde
430 3351 617 3468 rigescunt
646 3369 736 3468 (xc),
761 3378 800 3443 et
823 3367 1046 3443 relaxatione
1069 3368 1135 3441 ite-

35 3495 143 3553 lum
159 3477 378 3554 flaooesount
394 3489 433 3553 et
450 3479 676 3568 molliuntur,
701 3480 933 3580 perspituum
951 3489 1017 3567 est,
1042 3479 1136 3556 hanc

30 3588 253 3688 aliquando
277 3616 344 3691 pro
369 3592 531 3666 remedio
567 3590 777 3666 emolliente
807 3592 936 3667 utilem
962 3591 1133 3667 futuram.

31 3693 121 3777 Ire
135 3703 249 3802 hujus
264 3729 354 3779 vero
369 3704 522 3778 remedii
538 3702 679 3779 viribus
694 3714 807 3802 atque
824 3700 1024 3793 effectibus,
1048 3703 1134 3777 alibi

29 3802 155 3891 locus
166 3817 242 3890 erit
259 3815 415 3891 dicendi.

104 3947 319 4005 mnxxvnr.
358 3930 495 4003 Crebra
521 3937 561 4003 et
585 3926 707 4003 valida
730 3928 888 4026 corporis
913 3928 1135 4015 exercitatio,

34 4048 103 4110 ut
126 4063 193 4113 suo
212 4040 291 4138 jam
309 4041 389 4116 loco
406 4045 625 4133 (Lxxxvnr,
646 4048 816 4136 uxxxrx)
834 4040 977 4114 dictum
994 4051 1060 4128 est,
1076 4037 1136 4114 vel
1190 4057 1194 4068 ·
1263 4140 1266 4146 Ι

40 4149 181 4225 totum
206 4175 347 4253 oorpus,
372 4154 432 4228 vel
457 4164 578 4255 partes
602 4164 747 4229 tantum
777 4152 856 4250 ejus
872 4176 959 4251 quae
975 4153 1136 4225 maxime

45 4274 284 4357 exooentur,
318 4266 564 4345 efficacissime
596 4265 729 4356 firmat,
766 4288 864 4365 saepe
888 4265 1000 4339 etiarn
1024 4261 1135 4343 nimis
