2694 4792
126 293 202 371 480
514 299 769 358 consessurus
955 300 1050 357 ear.
1069 302 1228 358 xxxiv.

128 479 246 583 possit
261 477 536 555 exhalationem
553 502 620 581 per
636 502 718 555 eam
731 475 842 554 valde
854 477 1023 578 reprimi,
1045 480 1232 557 eandem·

128 619 206 693 que
231 603 368 693 postea,
393 591 595 667 decedente
622 592 735 682 febre,
758 591 895 667 iterum
924 591 1164 682 humesoere,
1191 606 1230 670 et

129 706 282 783 mollem
297 705 397 792 fieri;
422 714 462 780 et
477 706 673 780 vomitorio
696 705 970 780 meditamenta
993 709 1226 805 tempestive

128 818 295 894 adhibita
311 818 424 895 talem
448 819 545 895 sutis
572 826 713 892 statum
739 841 836 917 saepe
859 816 1012 906 effluere,
1037 842 1129 893 oum
1163 821 1223 894 in·

129 931 228 1032 signi
259 941 298 1005 et
327 931 452 1006 subito
469 931 584 1006 totins
612 930 732 1005 morbi
762 928 956 1019 levamine,
979 931 1031 1005 ita
1055 941 1102 1005 ut
1127 932 1238 1027 satis·

131 1042 330 1119 verisimile
345 1044 393 1119 sit
408 1067 581 1119 nauseam
600 1054 638 1117 et
655 1042 910 1130 vomitionem,
931 1066 1069 1144 magna
1084 1042 1221 1119 saltem

129 1179 179 1230 ex
196 1165 310 1256 parte,
335 1156 430 1230 tanti
446 1156 614 1231 beneficii
630 1179 777 1230 oausam
794 1154 916 1230 fuisse.

179 1290 409 1343 mcccxonr.
427 1266 601 1343 Multum
617 1293 706 1343 vero
721 1268 824 1343 abest
841 1279 885 1343 ut
901 1268 971 1344 hac
981 1268 1062 1345 sola
1074 1270 1217 1345 ratione

129 1380 382 1456 vomitoriain
398 1381 562 1459 febribus
573 1381 727 1481 prosint,
742 1403 949 1480 eorumque
965 1405 1058 1457 usus
1074 1383 1216 1482 opinio·

128 1493 253 1568 nibus
267 1492 317 1568 de
345 1495 463 1569 causis
490 1493 648 1569 febrium
678 1494 841 1568 nitatur:
866 1493 947 1568 aliis
963 1495 1069 1569 enim
1094 1517 1215 1595 neque

128 1605 252 1681 dubiis
270 1607 390 1682 modis
405 1631 502 1707 saepe
518 1606 715 1684 utilissima
729 1606 855 1692 fiunt;
878 1606 1151 1696 ventriculum,
1165 1631 1216 1680 rs·

127 1718 270 1793 tissime
298 1740 375 1794 non
405 1718 500 1794 male
522 1716 700 1794 affectum
730 1722 880 1815 (nutv),
903 1720 1011 1819 gravi
1042 1729 1082 1794 et
1112 1718 1214 1794 valde

126 1833 261 1907 nocivo
277 1856 389 1906 onere
403 1832 572 1918 liberant,
596 1841 636 1904 et
660 1831 712 1903 sio
735 1829 940 1905 naturalem
969 1855 1152 1907 nauseam
1176 1841 1212 1908 et

127 1945 314 2017 vomitum
328 1951 567 2017 summovent
580 1942 783 2042 (ncnxxv),
795 1954 835 2018 et
846 1944 1077 2019 anxietatem
1093 1946 1210 2045 (exer)

128 2054 319 2141 minuunt,
356 2063 396 2127 et
432 2052 597 2128 dolorem
635 2056 764 2154 eapitis
798 2057 969 2156 (ncnvn)
1005 2056 1148 2148 levant,
1177 2069 1211 2134 et

126 2165 234 2253 vires,
268 2165 433 2265 alioquin
459 2165 666 2264 plurimum
691 2169 968 2257 exhauriendas,
994 2180 1211 2247 conservant

128 2278 353 2378 (cccnxxx),
365 2290 405 2354 et
417 2303 593 2355 somnum
605 2281 805 2380 aliquando
820 2281 1020 2358 oonsiliant
1037 2284 1210 2375 (eoam,

125 2399 250 2489 eoem),
268 2403 307 2467 et
323 2416 466 2493 aegrum
485 2416 506 2467 a
521 2392 744 2468 vehemente
759 2402 799 2467 et
814 2394 1131 2492 pemioiosissimo
1143 2396 1210 2472 alvi

127 2503 237 2582 fluxu
255 2507 460 2604 (neurim),
485 2505 609 2604 quiin
625 2500 835 2581 istiusmodi
851 2506 991 2581 morbis
1008 2531 1111 2609 saepe
1126 2511 1211 2585 aoei-

127 2615 197 2706 dit,
221 2619 443 2718 plerumque
459 2627 624 2695 tuentur.

177 2751 376 2807 Meeoxmv.
394 2731 604 2806 Observata
620 2730 779 2831 dignum
796 2741 862 2819 est,
879 2734 1083 2809 vomitorio
1098 2734 1209 2811 medi·

127 2851 298 2917 camenta
313 2843 487 2920 adversus
515 2844 633 2919 febres
659 2854 735 2918 tarn
765 2844 983 2919 mirabiliter
1011 2847 1206 2935 valerent

125 2944 468 3031 vehementissimas
478 2958 592 3031 etiam
608 2957 798 3032 interdum
815 2981 929 3056 quam
946 2960 1122 3034 citissime
1135 2956 1203 3032 sol·

126 3077 228 3155 sant,
245 3080 284 3142 et
302 3068 498 3144 nonnullas
514 3070 662 3168 pessimi
677 3071 821 3169 generis
844 3070 1036 3160 instantes,
1060 3071 1121 3146 vel
1130 3071 1207 3170 jam

126 3180 354 3279 ingruentes,
371 3188 518 3257 arceant
529 3181 590 3255 vel
602 3181 799 3283 depellant,
815 3192 854 3257 et
871 3206 968 3282 saepe
983 3186 1103 3259 etiam
1117 3181 1211 3259 mul·

124 3301 209 3368 tum
226 3295 379 3394 prosint,
396 3294 567 3393 quamvis
583 3303 661 3368 tam
679 3297 816 3395 exigua
827 3296 1041 3394 quantitate
1052 3307 1210 3395 sumpta,

125 3415 172 3479 ut
187 3429 360 3482 nauseam
379 3416 527 3482 tantum
544 3406 634 3479 eitra
658 3406 779 3483 ullum
796 3408 983 3482 vomitum
1009 3419 1211 3484 moveant:

125 3516 214 3590 binc
229 3520 315 3593 satis
332 3519 566 3618 perspicuum
596 3528 664 3608 est,
689 3545 732 3594 ea
759 3541 836 3594 non
865 3518 987 3594 solum
1016 3521 1212 3596 exinouto

127 3629 344 3718 ventriculo,
360 3641 400 3705 et
411 3653 494 3729 quae
507 3632 594 3705 inde
606 3631 792 3731 profluant
805 3632 991 3707 benefieiis
1004 3633 1211 3732 (moseres),

124 3741 190 3815 sed
205 3740 284 3816 aliis
301 3767 453 3842 quoque
470 3744 600 3833 modis,
626 3744 766 3820 auxilio
782 3769 870 3821 esse.

176 3875 357 3929 meecxov.
383 3856 602 3942 Cavendum
619 3867 746 3932 autem
771 3857 817 3930 ab
841 3880 961 3934 errore
978 3856 1091 3932 valde
1120 3857 1214 3958 peri·

126 3965 252 4040 culoso
267 3967 315 4041 de
331 3992 402 4042 usn
420 3970 669 4044 vomitionum
687 3969 726 4042 iu
744 3969 942 4043 uucmndis
968 3968 1150 4058 febribus,
1175 3971 1213 4044 in

128 4100 241 4176 quem
259 4078 371 4155 multi
395 4078 517 4154 clinici
542 4081 713 4156 incidisse
741 4081 928 4168 videntur,
953 4081 1020 4178 qui
1048 4104 1112 4156 eas
1141 4081 1216 4156 fere

127 4190 334 4290 promiscue
360 4193 400 4279 in
429 4192 604 4271 omnibus
634 4192 742 4308 segnis
770 4217 921 4268 movere
950 4191 1085 4284 solent,
1110 4194 1216 4295 quasi
