2678 4794
175 294 248 370 574
573 290 825 352 cousrncrns
1065 295 1168 349 car
1188 296 1291 351 xnu„

176 481 353 557 obscurus
370 483 437 561 est,
454 482 492 549 et
509 474 710 572 explanatu
727 468 921 556 difficilior,
937 468 1172 546 lumbricis
1159 498 1286 572 impu

178 603 266 678 tare,
290 601 329 663 et
345 612 456 663 omne
473 588 589 684 igitur
606 584 759 659 curandi
776 582 970 657 consilium
986 583 1067 658 huc
1085 584 1267 686 dirigere.

232 722 475 778 Mocxxvm
494 698 857 771 Medicamentorum
873 695 1050 769 adversus
1067 694 1280 773 lumbricos

180 814 387 892 valentium
404 811 505 885 varia
530 810 698 882 existunt
725 831 871 907 genera,
896 831 981 905 quae
1004 809 1125 883 variis
1156 813 1275 884 modis

180 928 352 1027 prodesse
368 924 564 1007 videntur;
591 920 729 995 scilicet
745 944 832 1019 quae
854 919 913 995 vel
938 919 1085 994 laedunt
1114 932 1155 995 et
1183 921 1271 997 lace·

180 1049 264 1113 rant
281 1050 408 1111 tenera
424 1059 553 1109 eorum
582 1053 744 1132 corpora,
769 1034 830 1107 vel
846 1034 891 1106 iis
907 1055 1054 1106 veneno
1083 1046 1190 1121 sunt,
1214 1035 1270 1108 vel

182 1152 279 1249 ipsos
313 1161 459 1223 tantum
491 1145 681 1219 infirmant
707 1156 773 1220 aut
802 1144 1065 1244 stupefaciunt,
1104 1145 1167 1220 vel
1202 1145 1268 1220 illis

181 1263 273 1334 adeo
290 1262 432 1357 ingrata
450 1269 538 1333 sunt
568 1267 613 1332 ut
641 1258 801 1355 hospitio
818 1282 885 1331 suo
914 1265 1046 1355 sponte
1077 1256 1268 1344 decedant,

181 1372 241 1447 vel
259 1370 412 1444 demum
431 1396 517 1467 quae
533 1395 676 1443 vermes
692 1392 815 1467 neque
831 1369 946 1454 laesos,
967 1388 1096 1466 neque
1126 1395 1266 1445 veneno

181 1492 339 1570 necatos,
358 1506 479 1580 neque
496 1483 708 1568 infirmatos,
733 1505 856 1578 neque
885 1472 1121 1579 stupefactos,
1145 1507 1267 1582 neque

183 1595 359 1669 domicilii
377 1597 434 1670 sui
452 1607 636 1694 pertaesos,
663 1595 767 1692 quasi
786 1594 825 1667 vi
841 1604 880 1666 et
896 1593 1007 1666 armis
1031 1593 1129 1668 foras
1146 1594 1265 1694 expel-

183 1707 294 1785 lant..
340 1707 524 1781 Nonnulli
557 1708 720 1803 denique
747 1705 968 1803 praecipiunt
996 1705 1266 1781 medicamenta

185 1819 274 1906 dari,
299 1844 385 1916 quae
402 1821 509 1894 nidos
525 1819 787 1892 lumbricorum
806 1818 999 1891 destruant
1028 1828 1142 1916 atque
1154 1888 1158 1894 ,
1169 1819 1267 1916 ejici·

181 1939 259 2004 a‘nt.
311 1932 447 2026 Neque
464 1954 549 2002 saue
565 1927 767 1999 absurdum
785 1937 851 2001 aut
867 1928 1001 2003 inutile
1027 1939 1085 2003 est
1112 1932 1160 2004 ad
1189 1957 1264 2006 ver·

184 2064 262 2113 mes
280 2040 454 2114 arcendos
470 2050 508 2112 et
525 2038 811 2125 submovendos,¹
835 2041 968 2114 idonea
984 2040 1108 2130 diaeta,
1125 2053 1165 2116 et
1182 2047 1278 2117 vitae·

183 2175 329 2250 genere,
354 2151 541 2225 interdum
569 2176 720 2250 quoque
737 2162 775 2224 et
791 2151 870 2226 aliis
898 2153 1082 2241 remediis,
1108 2156 1266 2254 generali

184 2263 344 2362 corporis
361 2265 520 2353 sanitati,
536 2265 644 2338 variis
658 2288 753 2362 saepe
763 2264 883 2338 modis
898 2262 1097 2355 labefactae,
1115 2268 1265 2368 diligen·

185 2385 243 2450 ter
259 2376 456 2464 consulere.

237 2511 446 2563 Mucxxiir.
465 2490 592 2565 Multa
603 2501 730 2566 autem
741 2516 789 2565 ex
801 2490 858 2566 his
875 2494 986 2567 nimis
1003 2495 1155 2570 subtilia
1171 2506 1264 2583 sunt,

186 2609 225 2674 et
242 2602 431 2675 communi
449 2605 534 2677 usui
552 2629 682 2702 parum
699 2606 994 2693 accommodam
1021 2617 1072 2695 et,
1088 2607 1191 2706 quod
1207 2633 1266 2705 pe·

180 2712 245 2810 jus
262 2724 327 2798 est,
353 2724 391 2786 et
409 2717 526 2812 magis
543 2716 757 2804 dolendum,
775 2717 906 2795 idonea
923 2720 1097 2806 remedia,
1124 2721 1264 2819 quibus,

187 2825 391 2898 secundum
410 2826 521 2901 talem
539 2831 720 2905 rationem
737 2831 922 2919 medendi,
946 2856 1042 2930 opus
1059 2847 1162 2918 esset,
1190 2856 1262 2904 nou

186 2934 279 3009 adeo
304 2948 392 3011 sunt
421 2940 459 3012 in
488 2954 663 3040 promptu
694 2968 736 3016 ac
764 2943 878 3042 vulgo
903 2944 1075 3020 creditur.
1123 2945 1262 3017 Parum

186 3049 288 3121 enim
314 3059 457 3124 constat
489 3055 583 3148 quid
617 3054 804 3129 vermibus
829 3069 980 3154 gratum
1009 3056 1174 3133 futurum
1203 3058 1264 3143 sit,

186 3159 355 3257 quidque
371 3160 583 3258 ingratum:
610 3165 750 3261 quidve
766 3191 827 3240 eos
844 3168 1018 3257 infirmet,
1035 3181 1101 3246 aut
1110 3169 1266 3268 stupefa·
1301 3180 1305 3187 '

186 3268 268 3358 ciat,
286 3283 351 3345 aut
368 3283 484 3360 necet,
503 3275 696 3366 (contraria
712 3279 813 3352 enim
823 3283 1079 3380 experimenta
1095 3292 1134 3356 et
1150 3284 1265 3356 obser·

186 3384 353 3457 vationes
369 3385 416 3457 de
433 3385 489 3458 his
506 3385 614 3460 rebus
639 3399 788 3477 extant;
815 3404 853 3466 et
872 3394 1144 3470 medicamenta
1160 3395 1267 3494 pluri·

185 3515 257 3576 ma,
283 3519 367 3590 quoe
384 3497 571 3572 vermibus
589 3524 637 3573 ex
654 3526 804 3601 corpore
821 3505 917 3581 vivis
934 3506 1102 3605 expulsis
1118 3507 1265 3582 certissi·

185 3627 251 3676 mo
276 3606 391 3680 exitio
417 3621 514 3695 suut,
541 3611 637 3685 intra
662 3638 793 3715 corpus
820 3619 887 3693 vix
916 3620 1084 3694 adhiberi
1114 3631 1265 3720 queunt,

184 3725 318 3814 utpote
337 3719 546 3798 hominibus
563 3728 750 3823 pariterue
761 3731 952 3805 vermibus
963 3734 1208 3832 perniciosa);
1232 3741 1267 3804 et

185 3832 340 3904 minime
369 3846 445 3907 cert
447 3861 511 3909 um
529 3850 595 3924 est,
621 3840 741 3937 qualis
771 3843 818 3916 sit
847 3844 958 3918 nidus
987 3845 1267 3929 lumbricorum,

184 3954 251 4014 aut
268 3946 453 4040 quomodo
468 3947 724 4037 destruendus,
749 3965 816 4027 aut
832 3957 951 4053 qualis
974 3956 1139 4031 diaeta··
1114 3983 1161 4032 us
1188 3959 1266 4057 gig·

184 4056 315 4128 nendis
334 4058 390 4130 vel
408 4071 616 4156 opportuna
633 4064 682 4136 sit
699 4063 758 4137 vel
775 4065 902 4141 aliena

234 4186 426 4246 nroexxx.
452 4173 556 4246 Ex⁰
533 4199 576 4250 us
596 4176 872 4255 medicamentis
902 4205 988 4279 quae
1004 4204 1073 4280 per
1089 4206 1196 4257 suam
1214 4204 1266 4254 as·
