2678 4794
131 345 220 405 ω.
234 347 350 401 xmn.
400 340 620 405 nements
642 338 934 403 rnronnrrcrr.
1133 338 1209 416 ⁵89

131 525 231 603 acidi
246 522 432 601 sarbonici
455 547 477 596 a
500 523 679 622 sanguine
694 524 872 611 derivati,
887 524 939 599 ihi
956 519 1087 601 saltem
1102 529 1208 605 brevi

131 641 236 714 mitia
251 637 459 712 reddentur.

69 749 71 752 ’
182 772 369 827 mncnvrr.
396 749 501 835 Quin
524 755 562 819 et
587 747 860 836 in·ventriculo,
885 758 924 824 et
953 750 992 822 in
1023 754 1208 851 superiore

130 862 278 937 fortasse
305 860 471 934 intestini
497 868 610 958 parte,
644 862 756 935 acoris
783 859 935 960 aliquid,
960 871 999 936 et
1025 864 1207 963 imprimis

129 975 169 1047 in
185 972 382 1058 calculosis,
407 969 530 1044 adesse
547 969 649 1057 solet,
669 982 852 1069 quantum
870 973 999 1046 saltem
1016 974 1127 1050 alcali
1143 977 1207 1052 vel

128 1085 263 1160 calcem
280 1106 394 1181 quum
411 1106 506 1180 aquo
515 1082 663 1155 tenebat
674 1084 778 1156 tircile
790 1088 1017 1161 saturaverit.
1068 1088 1206 1188 Neque

128 1221 215 1271 sane
246 1196 423 1269 hactenus
456 1195 749 1269 demonstratum
781 1206 836 1268 est
864 1223 1002 1295 purum
1029 1197 1141 1276 oholi
1165 1203 1206 1275 in

128 1309 306 1407 sunguine
323 1309 400 1381 vivi
417 1307 574 1393 hominis
591 1331 758 1404 unquam
775 1308 949 1396 extitisse,
972 1334 1093 1409 neque
1110 1315 1205 1386 veri.

127 1419 246 1497 simile
261 1431 317 1493 est
333 1418 445 1494 talem
463 1418 543 1516 ejus
558 1428 697 1493 statum
722 1420 827 1518 gravi
854 1430 892 1493 et
916 1433 1093 1517 praesente
1110 1425 1204 1523 peri-

127 1531 212 1606 culo
227 1556 304 1606 esse
320 1532 532 1606 cariturum.
582 1532 703 1607 Urina
719 1533 797 1630 ipsa
812 1529 976 1608 alcalina
989 1533 1082 1607 facta
1094 1536 1204 1609 mini-

127 1667 189 1717 me
205 1645 335 1743 probat
351 1645 567 1744 sanguinem
589 1643 757 1741 ejusdem
786 1643 898 1717 fnisse
923 1658 1087 1732 naturae;
1112 1671 1205 1744 quo-

127 1757 227 1860 niam
244 1765 364 1854 partes
381 1756 583 1830 humorum
607 1756 770 1830 maxime
795 1766 1055 1856 putrescentes,
1081 1758 1225 1857 adque'

127 1878 265 1943 statum
282 1865 484 1941 amolinum
497 1878 744 1966 properantes,
761 1892 828 1968 per
838 1891 943 1947 renes
953 1880 1204 1958 secernuntur,

127 2001 213 2076 quor
227 1977 311 2050 ideo
327 2001 393 2074 per
409 2000 587 2050 remoram
603 1980 643 2049 in
655 1981 785 2067 resim,
803 1979 864 2053 vel
879 1981 1094 2056 brevissimo
1111 1995 1204 2057 tem·

126 2108 215 2187 pore
231 2097 427 2186 postquam
445 2086 599 2159 redditae
613 2086 762 2175 fuerint,
780 2090 951 2166 alculinoe
960 2092 1039 2168 fieri
1050 2095 1203 2191 possint.

126 2201 405 2301 Experimentis
436 2199 586 2298 insuper
618 2207 771 2283 constat,
806 2222 927 2297 neque
965 2201 1077 2275 ciculi
1111 2208 1204 2280 mite

127 2312 383 2402 (carbonatem
398 2313 534 2388 scilicet
548 2311 738 2405 Polassoe)
757 2333 878 2409 neque
899 2310 1008 2385 sulem
1026 2322 1203 2389 matrum

127 2428 193 2524 qui
217 2451 264 2500 ex
287 2424 400 2501 olcoli
425 2435 463 2499 et
491 2423 598 2500 acido
613 2434 754 2500 acetoso
770 2422 814 2495 fit
832 2422 1017 2512 (sertitem
1033 2424 1204 2501 Potassoe

126 2561 228 2613 nunc
243 2538 400 2637 dictum)
419 2537 574 2612 calculos
591 2537 650 2610 vel
667 2537 868 2611 minimum
884 2537 1145 2611 comminuere.

177 2673 382 2725 Mnonvrn.
408 2651 468 2726 Ut
494 2649 551 2724 his
580 2660 620 2723 et
648 2648 828 2723 similibus
842 2647 1201 2723 difficultatibus'ob-

126 2762 225 2837 viam
242 2763 367 2851 iretur,
392 2761 546 2861 quidam
576 2760 708 2835 medici
737 2770 941 2847 suaserunt,
965 2767 1002 2833 et
1030 2760 1201 2835 nonnulli

127 2885 327 2963 tentarunt,
352 2900 488 2975 aquam
505 2873 621 2960 calcis,
646 2872 707 2947 vel
722 2896 865 2971 puram,
882 2871 943 2946 vel
958 2871 1102 2946 lenibus
1120 2873 1205 2971 qui·

125 2987 279 3062 busdam
290 2988 567 3063 medicamentis
577 2986 769 3074 mollitam,
781 2984 1026 3083 peridoneum
1037 2984 1201 3061 fistulam

126 3099 166 3172 in
178 3099 338 3176 hominis
346 3102 504 3176 vesicam
517 3099 722 3174 infundere.
773 3096 821 3170 In
833 3097 952 3171 brutis
961 3121 1112 3196 quoque
1123 3097 1200 3172 ani.

127 3209 281 3284 malibus
294 3219 478 3287 tentatum
489 3222 544 3286 est
557 3236 691 3310 aquam
705 3208 820 3297 calcis
833 3208 973 3306 adjecta
985 3208 1107 3307 aliqua
1119 3234 1199 3308 por.

126 3323 228 3396 tione
242 3321 354 3398 ulcoli
369 3325 529 3412 mustici,
559 3325 689 3398 eodem
718 3321 830 3397 modo
858 3319 1062 3394 infundere.
1112 3321 1200 3394 Hoc

125 3443 251 3509 autem
268 3459 400 3533 parum
415 3435 594 3510 hactenus
605 3437 756 3534 proluit,
774 3458 841 3509 nec
850 3432 1016 3508 multum
1032 3432 1200 3508 beneficii

125 3545 328 3645 pollicetur,
344 3571 430 3622 cum
448 3570 524 3622 non
540 3548 652 3622 modo
668 3573 862 3648 operosum
878 3549 937 3633 sit,
960 3545 1200 3645 multumque

125 3659 258 3736 doloris
274 3660 412 3748 afferat,
439 3670 477 3735 et
505 3669 590 3758 post
614 3661 757 3759 aliquot
781 3660 1017 3757 repetitiones
1032 3683 1128 3757 pene
1143 3658 1199 3730 in-

124 3770 310 3847 tolerabile
327 3773 402 3859 fiat,
427 3772 492 3847 sed
513 3772 775 3872 experimentis
792 3794 943 3868 quoque
958 3779 1111 3853 constet,
1134 3791 1198 3842 ne·

125 3905 200 3981 que
215 3885 319 3959 culcis
336 3909 468 3984 aquam
493 3909 615 3984 neque
630 3882 743 3960 skuli
758 3883 960 3957 causticum
977 3883 1082 3956 urina
1098 3903 1197 3955 com-
1273 3910 1276 3921 ·

123 3992 278 4075 mistum
295 3998 333 4070 in
351 3996 646 4073 comminuendis
662 3993 807 4070 calculis
824 3995 1022 4093 quicquam
1041 3989 1171 4066 valere.

174 4128 348 4184 ornem.
369 4110 468 4185 Aliis
485 4134 572 4185 vero
588 4108 708 4182 modis
724 4106 885 4180 remedia
900 4101 1063 4181 alcaliuu
1079 4102 1196 4179 calcu·

123 4219 208 4293 losis
233 4220 404 4319 opitulari
433 4235 611 4322 possunt;
643 4219 869 4296 absorbendo
891 4217 1067 4294 nimirum
1097 4217 1196 4315 quic-
