2678 4794
70 280 158 337 CAP.
175 278 297 335 XXXI.
378 278 598 335 mumolum
616 281 902 338 THEORE'I'ICAE.
1075 273 1148 349 417

68 457 259 554 Denique,
283 453 385 531 baud
406 459 513 555 pauci
530 457 648 532 morbi
671 479 902 557 spoamoram
928 461 1071 558 generis
1096 459 1145 536 ab

58 568 322 669 imaginatione
345 591 479 668 magna
506 592 554 644 ex
583 578 686 667 parte
711 571 895 668 pendent:
921 594 1043 670 neque
1059 597 1143 672 pro.

57 680 158 755 fecto
173 704 296 754 rarum
312 688 368 754 est
382 681 528 755 morbos
553 705 699 781 prorsus
715 683 948 781 imaginarios
978 694 1141 783 spectare

58 803 174 891 atque
201 801 363 880 tractare,
400 792 536 890 quibus
572 793 687 891 igitur
721 794 882 868 remedia
905 796 965 868 vel
993 820 1140 894 prorsus

55 902 282 1003 imaginaria,
311 903 372 977 vel
402 929 487 1002 quae
503 903 633 978 saltem
657 906 960 1004 imaginationem
977 910 1141 983 maxime

58 1014 236 1103 afficiunt,
253 1039 368 1113 quarn
385 1016 526 1114 optime
541 1020 783 1105 conveniam
810 1019 903 1093 ratio
919 1020 1019 1093 enim
1035 1030 1139 1094 vetat

59 1125 100 1200 iu
117 1126 183 1201 tali
209 1135 309 1202 statu
326 1127 373 1200 ad
389 1127 564 1201 validiora
591 1130 751 1203 remedia
766 1130 973 1228 confugere,
1002 1131 1139 1207 scilicet

57 1261 144 1336 quae
159 1237 301 1313 malum
316 1238 435 1338 magis
451 1239 598 1328 aerium,
622 1240 724 1339 quod
740 1265 815 1315 non
840 1244 1060 1332 invenirent,
1086 1244 1138 1318 fa·

58 1361 320 1448 cerepoaunt.
1245 1343 1247 1347 ’

108 1483 319 1538 mccxnvu.
349 1463 526 1537 Proxime
553 1474 637 1563 post
664 1464 764 1539 varia
789 1465 1056 1542 meditamenta
1082 1492 1138 1544 se-

56 1573 193 1661 dantia,
218 1576 436 1650 recensenda
460 1584 548 1650 sunt
576 1585 616 1651 et
639 1574 707 1649 alia
734 1575 992 1676 remediaquoe
1015 1579 1139 1713 eidem

54 1685 235 1761 oonsilio
223 1689 399 1762 mservire
415 1697 581 1786 possunt

104 1821 337 1874 mccxuvnr
375 1799 471 1874 Haeo
506 1800 605 1874 inter
627 1799 809 1897 imprimis
844 1801 1138 1878 enumerandum

54 1920 111 1986 est
133 1910 261 2010 frigus,
298 1935 374 2009 quo
399 1911 493 1986 nibil
528 1922 626 1987 certe
650 1910 788 2009 majore
822 1922 889 1987 aut
922 1914 1074 1988 oertiore
1097 1916 1138 1989 vi

54 2022 207 2098 sedante
240 2024 280 2096 in
307 2046 457 2121 oorpore
486 2023 648 2097 humano
679 2023 811 2122 pollet;
851 2023 988 2099 scilioet
1021 2026 1140 2123 quod,

54 2135 263 2211 dummodo
277 2136 349 2208 rite
365 2135 556 2210 admotum
573 2136 632 2221 sit,
656 2145 696 2208 et
718 2136 900 2209 sentiendi
925 2135 1139 2214 saorrltatem

54 2245 349 2322 manifestissime
365 2247 541 2322 obtundit
558 2247 717 2338 (cxmu,
735 2253 909 2344 cuxx1v),
938 2258 1140 2346 motusque

53 2381 184 2434 omues
196 2359 374 2458 reprimit,-
391 2370 429 2432 et
442 2356 681 2433 mobilitatem
694 2357 834 2431 minuit
844 2357 1089 2457 (cccsxxm),
1099 2367 1139 2434 et

54 2495 225 2570 soporem
237 2471 298 2546 vel
310 2494 484 2545 somnum
496 2471 726 2557 altissimum,
743 2478 781 2542 et
790 2468 894 2543 brevi
907 2468 1137 2544 mortiferum

54 2587 274 2683 (cccxcvr),
291 2584 446 2658 inducit.

107 2714 308 2770 Mccxux.
335 2695 522 2782 Quoniam
539 2717 628 2768 vero
656 2702 714 2769 tot
731 2692 822 2790 jam,
846 2694 955 2769 variis
979 2692 1019 2767 in
1036 2690 1136 2781 loeis,

54 2806 104 2882 de
119 2805 254 2906 frigore
269 2807 422 2906 ejusque
446 2808 486 2880 in
503 2829 651 2905 corpore
667 2806 829 2880 humano
846 2803 1036 2880 effectibus
1053 2829 1136 2904 pro·
1199 2832 1212 2913 '.

53 2918 129 2994 lata
144 2928 242 3007 aunt,
271 2919 331 2995 hic
348 2930 403 2995 sat
419 2919 532 2994 fuerit
547 2942 775 3015 memorasse,
799 2918 895 2993 vires
911 2915 990 3016 ejus
1007 2917 1134 2993 sedan-
1192 2916 1210 2999 j

54 3043 111 3106 tes
126 3041 212 3108 tum
230 3034 390 3107 maxime
406 3056 587 3133 apparere,
612 3056 698 3106 cum
716 3031 782 3106 diu
798 3040 912 3129 atque
927 3039 1136 3106 constanter

53 3144 296 3231 admovetur;
320 3170 407 3220 nam
424 3148 454 3222 si
471 3147 556 3221 satis
572 3145 761 3219 intensum
777 3153 844 3231 est,
860 3152 899 3216 et
915 3142 1039 3218 subito
1055 3164 1135 3241 per·

54 3281 131 3354 que
146 3257 259 3332 breve
274 3260 434 3357 spatium
452 3258 669 3346 adhibitum,
692 3258 776 3332 satis
793 3257 923 3330 acriter
947 3253 1135 3329 stimulare

53 3369 195 3468 (mcor)
212 3369 314 3444 solet.
364 3370 522 3445 Diutius
534 3394 621 3444 vero
637 3381 750 3469 atque
765 3367 992 3444 constantius
1008 3363 1134 3439 admo·
1239 3446 1243 3453 ,

53 3490 150 3569 tum,
175 3483 278 3555 omni
304 3483 466 3571 stimulo,
490 3493 529 3557 et
553 3483 623 3555 nisi
652 3483 761 3556 nimis
784 3481 974 3555 intensum
1009 3475 1133 3564 fuerit,

53 3593 156 3665 omni
181 3594 342 3692 periculo
358 3604 472 3693 atque
488 3595 731 3680 incommodo,
756 3602 863 3680 earet,
890 3601 929 3666 et
945 3589 1135 3665 saluberri-

53 3727 160 3779 mum
187 3729 283 3806 saepe
311 3706 357 3780 fit
385 3717 423 3780 et
451 3706 739 3794 efficacissimum
765 3704 973 3779 remedium
997 3701 1136 3786 sedans,

52 3815 258 3917 multisque
283 3819 421 3893 morbis
446 3819 554 3893 variis
582 3819 630 3892 de
659 3816 775 3893 causis
807 3812 1136 3890 accommodatissi-

54 3951 175 4004 mum.

102 4062 226 4116 saecu.
252 4041 361 4117 Calor
377 4068 537 4144 quoque,
565 4043 612 4117 de
627 4041 859 4142 eujus-variis
875 4036 1067 4114 effectibus
1096 4043 1136 4112 et

55 4150 95 4228 iu
128 4178 279 4255 oorpore
312 4156 476 4234 humano
508 4157 649 4234 viribus
683 4155 821 4253 (moen)
862 4147 1139 4227 stimulantibus

564 4267 635 4343 ad
964 4302 965 4306 Ν
