2678 4794
88 318 174 375 cur.
192 319 277 374 xm.
361 313 582 376 nummum
600 315 890 376 annosarum.
1093 298 1162 378 mr
1281 403 1283 406 y

84 495 226 571 firmam
245 511 283 571 et
299 521 422 572 sanam
439 508 564 573 cutem
575 497 701 573 denuo
709 497 866 596 adeptus
876 503 942 586 est,
959 495 1016 570 sin
1030 496 1163 587 minus,

40 599 45 609 ’
84 612 250 710 partibus
266 611 395 684 vicinis
410 609 610 710 imponere.
647 665 651 674 .

135 744 268 797 moen.
295 723 409 810 Quod
426 724 456 796 si
473 723 716 821 necessarium
734 720 884 797 videtur
907 744 983 796 non
1010 732 1165 797 tenuem
1288 809 1292 819 Ι

86 840 234 908 tanturn
257 835 463 922 humorem,
488 834 552 908 sed
576 858 707 908 verum
737 857 810 935 pus
838 834 977 936 elicere,
1003 832 1073 909 hoc
1088 857 1166 908 non

84 946 292 1034 difficulter,
315 947 378 1020 sed
396 945 536 1020 tardius
553 945 785 1044 aliquantum
804 945 900 1022 effici
916 956 1049 1045 potest,
1067 946 1165 1021 ulee-

83 1058 184 1132 ribus
201 1060 240 1133 in
259 1059 345 1133 locis
362 1059 504 1133 idoneis
529 1068 608 1132 arte
635 1059 750 1148 factis,
776 1083 862 1159 quae
878 1061 987 1134 variis
1003 1058 1165 1134 artificiis

83 1170 130 1243 ad
147 1171 294 1245 libitum
312 1180 447 1269 aperta,
465 1182 504 1245 et
515 1169 755 1260 inflammata,
772 1182 809 1246 et
822 1173 1021 1272 purulenta
1031 1170 1166 1248 servari

82 1283 234 1379 possint
285 1283 391 1358 Talia
406 1308 494 1357 vero
518 1284 641 1358 ulcera
668 1283 767 1358 fiunt
783 1285 843 1357 vel
858 1286 1010 1373 urendo,
1035 1284 1095 1358 vel
1113 1306 1165 1357 se-

82 1396 211 1482 eando,
241 1395 301 1469 vel
329 1395 568 1495 perforando:
595 1397 718 1472 uritur
741 1407 865 1472 autem
890 1391 972 1496 ¹{isus
988 1397 1164 1498 quaelibet

83 1507 145 1579 vel
160 1505 255 1583 ferro
271 1509 451 1584 uendente
468 1509 595 1609 (quod,
621 1519 772 1609 propter
788 1533 912 1584 causas
936 1512 1022 1584 satis
1048 1510 1164 1584 mani-

82 1616 202 1708 festas,
227 1645 307 1695 raro
324 1631 516 1720 tentatur),
542 1622 603 1696 vel
620 1623 890 1697 medicamento
905 1622 1085 1706 eaustioo;
1111 1645 1165 1695 se-
1222 1632 1225 1640 '

82 1742 188 1806 eatur
213 1734 403 1831 sulpeum
430 1742 469 1808 et
492 1734 646 1810 vulnere
670 1735 731 1811 vel
760 1735 880 1809 ulcere
897 1736 948 1810 sio
964 1735 1061 1809 facto
1076 1734 1165 1833 pisa,

82 1842 141 1916 vel
158 1844 299 1943 globuli
329 1845 456 1945 lignei,
486 1846 546 1918 vel
571 1846 719 1922 duriora
745 1847 924 1946 quoedam,
942 1856 999 1935 et,
1025 1846 1056 1920 si
1071 1869 1166 1945 opus

82 1953 205 2042 fuerit,
232 1959 305 2030 aeri
333 1959 605 2032 meditamento
622 1960 749 2047 tincta,
774 1960 999 2047 conduntur,
1025 1982 1111 2056 quae
1126 1955 1167 2031 id

82 2066 238 2152 irritent,
255 2067 410 2164 ejusque
422 2068 649 2141 sanationem
667 2072 892 2168 impediant;
918 2080 958 2145 et
974 2070 1080 2144 uleus
1097 2069 1167 2142 hoc

83 2179 197 2253 modo
212 2178 364 2265 factum,
382 2188 420 2251 et
437 2188 608 2277 apertum
626 2190 824 2266 servatum,
828 2180 1045 2278 fontinidus
1061 2204 1167 2255 voea-

83 2299 166 2376 tur;
192 2289 397 2389 perforatur
406 2313 495 2362 vero
511 2299 549 2361 et
566 2289 672 2387 quasi
688 2290 893 2363 transuitur
908 2290 1004 2364 eutis
1021 2291 1167 2364 duobus

84 2399 172 2476 locis
194 2424 271 2477 non
300 2403 412 2475 nimis
436 2400 662 2476 distantibus
677 2425 746 2475 acu
762 2400 836 2475 lata
852 2400 1058 2499 grandiore,
1082 2410 1168 2499 apta

83 2513 304 2589 fistulasive
314 2514 454 2614 ¹vagina
470 2523 548 2587 tota
565 2521 698 2611 praeter
714 2535 931 2586 mueronem
948 2511 1099 2599 inclusa,
1128 2521 1168 2587 et

84 2624 192 2699 filum
209 2650 370 2701 crassum
386 2635 426 2700 et
443 2624 553 2701 molle
569 2649 618 2698 ex
635 2624 797 2724 gossipio
820 2624 961 2699 santum
986 2624 1167 2698 ducente:

84 2749 252 2835 protrusa
269 2740 389 2837 primo
405 2763 483 2825 aon,
501 2738 636 2813 deinde
653 2737 836 2811 subducta
850 2735 985 2824 fistula,
1001 2735 1108 2810 filum
1126 2736 1168 2810 in

84 2861 171 2923 cute
187 2849 420 2950 relinquitur,
445 2851 601 2950 ejusque
616 2849 737 2948 oapita
752 2848 851 2922 inter
879 2871 918 2921 se
946 2847 1168 2946 deligantur,
1291 2839 1296 2850 ’

83 2962 283 3062 ipsumque
300 2964 458 3037 subinde
470 2987 535 3063 per
546 2960 724 3036 foramina
738 2959 897 3034 trahitur
912 2971 1028 3058 atque
1043 2983 1168 3034 move·
1262 3013 1267 3024 .

83 3082 156 3161 tur,
182 3089 227 3150 ut
244 3074 348 3150 ulcus
365 3074 607 3174 purulentum
622 3071 699 3160 fiat,
724 3081 763 3146 et
786 3070 901 3146 facilis
929 3072 1015 3170 puri
1044 3073 1168 3148 exitus
1278 3083 1291 3105 ⁸

62 3276 66 3282 ⁵
84 3185 214 3260 detur:
241 3186 455 3285 hujusmodi
471 3186 678 3261 remedium
693 3192 877 3261 attactum
893 3197 1056 3259 vocatur.
1163 3190 1167 3198 '

135 3319 285 3373 MDcm.
314 3298 419 3371 Inter
434 3298 648 3372 vesioatoria
663 3306 802 3385 autem,
826 3309 865 3370 et
881 3293 1091 3397 fonticulos
1108 3293 1169 3369 vel

83 3419 240 3497 setacea,
257 3409 357 3483 haud
370 3432 501 3508 parum
518 3411 682 3497 interest,
699 3411 801 3510 quod
818 3409 865 3483 ad
882 3408 1001 3482 varios
1017 3429 1112 3505 quos
1127 3407 1168 3480 in

85 3546 236 3622 oorpore
262 3520 426 3595 humano
452 3532 627 3620 praestent
655 3522 829 3597 effectus:
865 3521 927 3595 illa
953 3521 1051 3594 enim
1072 3520 1169 3595 satis

85 3636 220 3722 subito,
247 3635 325 3708 haec
341 3634 444 3708 tarde
461 3635 614 3718 omnino
631 3633 803 3709 humores
820 3623 973 3708 eliciunt
988 3661 997 3719 ;
1023 3631 1083 3705 illa
1099 3632 1168 3728 igi-

87 3756 151 3821 tur
167 3749 206 3821 in
224 3748 341 3822 acutis
356 3756 397 3821 et
412 3746 643 3846 urgentibus,
673 3744 751 3819 haeo
774 3746 814 3818 in
831 3744 990 3819 vetustis
1006 3755 1043 3817 et
1061 3740 1170 3816 lentis

85 3860 222 3935 morbis
238 3861 356 3960 magis
373 3847 624 3934 eonveniunt:
649 3857 713 3931 iila
737 3880 894 3956 parvum
911 3857 988 3930 sere
1004 3853 1169 3928 exinani·

85 3972 228 4045 tionem
252 3973 429 4059 efficiunt,
456 3972 527 4046 nisi
544 3973 583 4046 in
600 3969 822 4070 quibusdam
841 3980 880 4043 et
896 3969 1049 4068 quidem
1066 3965 1169 4038 raris-
1240 4050 1244 4056 ¹

85 4084 395 4190 simisexemplis,
412 4086 490 4172 ubi,
506 4091 657 4184 propter
669 4082 893 4181 singularem
909 4077 1068 4176 eorporis
1085 4099 1170 4150 con-
1214 4120 1219 4135 .

86 4194 280 4287 ditionem,
296 4197 518 4282 incredibilis
529 4197 586 4273 vis
597 4194 763 4270 humoris
772 4193 896 4270 tenuis
908 4189 1038 4278 effluit,
1051 4187 1170 4287 qualis

587 4327 661 4385 N‘n
