<?xml version="1.0" encoding="UTF-8"?>
<!DOCTYPE html PUBLIC "-//W3C//DTD XHTML 1.0 Transitional//EN"
    "http://www.w3.org/TR/xhtml1/DTD/xhtml1-transitional.dtd">
<html xmlns="http://www.w3.org/1999/xhtml" xml:lang="en" lang="en">
 <head>
  <title>
</title>
<meta http-equiv="Content-Type" content="text/html;charset=utf-8" />
  <meta name='ocr-system' content='tesseract 3.04.00' />
  <meta name='ocr-capabilities' content='ocr_page ocr_carea ocr_par ocr_line ocrx_word'/>
</head>
<body>
  <div class='ocr_page' id='page_1' title='image "./conspectusmedic01greggoog_0629.png"; bbox 0 0 2678 4794; ppageno 0'>
   <div class='ocr_carea' id='block_1_1' title="bbox 117 337 1228 410">
    <p class='ocr_par' dir='ltr' id='par_1_1' title="bbox 117 337 1228 410">
     <span class='ocr_line' id='line_1_1' title="bbox 117 337 1228 410; baseline -0.012 -1"><span class='ocrx_word' id='word_1_1' title='bbox 117 337 189 410; x_wconf 83' lang='lat'>586</span> <span class='ocrx_word' id='word_1_2' title='bbox 531 344 783 402; x_wconf 77' lang='lat' dir='ltr'>comesurus</span> <span class='ocrx_word' id='word_1_3' title='bbox 982 340 1080 396; x_wconf 72' lang='lat' dir='ltr'>cnr.</span> <span class='ocrx_word' id='word_1_4' title='bbox 1100 341 1228 398; x_wconf 77' lang='lat' dir='ltr'>xn111.</span> 
     </span>
    </p>
   </div>
   <div class='ocr_carea' id='block_1_2' title="bbox 119 520 1224 3982">
    <p class='ocr_par' dir='ltr' id='par_1_2' title="bbox 119 520 1224 938">
     <span class='ocr_line' id='line_1_2' title="bbox 119 520 1224 630; baseline -0.008 -26"><span class='ocrx_word' id='word_1_5' title='bbox 119 554 208 630; x_wconf 85' lang='lat' dir='ltr'>quae</span> <span class='ocrx_word' id='word_1_6' title='bbox 226 529 332 602; x_wconf 85' lang='lat' dir='ltr'>urina</span> <span class='ocrx_word' id='word_1_7' title='bbox 350 548 478 599; x_wconf 91' lang='lat' dir='ltr'>eorum</span> <span class='ocrx_word' id='word_1_8' title='bbox 496 525 562 623; x_wconf 91' lang='lat' dir='ltr'>qui</span> <span class='ocrx_word' id='word_1_9' title='bbox 580 521 793 623; x_wconf 90' lang='lat' dir='ltr'>hujusmodi</span> <span class='ocrx_word' id='word_1_10' title='bbox 807 520 970 597; x_wconf 84' lang='lat' dir='ltr'>remedia</span> <span class='ocrx_word' id='word_1_11' title='bbox 987 520 1145 595; x_wconf 82' lang='lat' dir='ltr'>affatim</span> <span class='ocrx_word' id='word_1_12' title='bbox 1164 546 1224 595; x_wconf 90' lang='lat' dir='ltr'>su·</span> 
     </span>
     <span class='ocr_line' id='line_1_3' title="bbox 121 632 1221 735; baseline -0.015 -20"><span class='ocrx_word' id='word_1_13' title='bbox 121 653 278 727; x_wconf 85' lang='lat' dir='ltr'>merent,</span> <span class='ocrx_word' id='word_1_14' title='bbox 295 638 356 711; x_wconf 83' lang='lat' dir='ltr'>vel</span> <span class='ocrx_word' id='word_1_15' title='bbox 372 649 477 712; x_wconf 83' lang='lat' dir='ltr'>extra</span> <span class='ocrx_word' id='word_1_16' title='bbox 494 662 626 735; x_wconf 88' lang='lat' dir='ltr'>corpus</span> <span class='ocrx_word' id='word_1_17' title='bbox 643 636 702 709; x_wconf 87' lang='lat' dir='ltr'>vel</span> <span class='ocrx_word' id='word_1_18' title='bbox 720 637 817 708; x_wconf 81' lang='lat' dir='ltr'>intra</span> <span class='ocrx_word' id='word_1_19' title='bbox 832 632 925 706; x_wconf 77' lang='lat' dir='ltr'>faeta</span> <span class='ocrx_word' id='word_1_20' title='bbox 943 642 1048 719; x_wconf 90' lang='lat' dir='ltr'>sunt,</span> <span class='ocrx_word' id='word_1_21' title='bbox 1066 634 1221 732; x_wconf 85' lang='lat' dir='ltr'>siquan.</span> 
     </span>
     <span class='ocr_line' id='line_1_4' title="bbox 123 746 1219 849; baseline -0.005 -22"><span class='ocrx_word' id='word_1_22' title='bbox 123 755 174 827; x_wconf 91' lang='lat' dir='ltr'>do</span> <span class='ocrx_word' id='word_1_23' title='bbox 190 751 378 826; x_wconf 83' lang='lat' dir='ltr'>calculosis</span> <span class='ocrx_word' id='word_1_24' title='bbox 396 750 566 824; x_wconf 88' lang='lat' dir='ltr'>medendi</span> <span class='ocrx_word' id='word_1_25' title='bbox 584 750 702 848; x_wconf 89' lang='lat' dir='ltr'>magis</span> <span class='ocrx_word' id='word_1_26' title='bbox 727 771 839 846; x_wconf 85' lang='lat' dir='ltr'>quam</span> <span class='ocrx_word' id='word_1_27' title='bbox 869 746 1094 849; x_wconf 86' lang='lat' dir='ltr'>experiendi</span> <span class='ocrx_word' id='word_1_28' title='bbox 1112 772 1219 821; x_wconf 78' lang='lat' dir='ltr'>causo</span> 
     </span>
     <span class='ocr_line' id='line_1_5' title="bbox 123 865 377 938; baseline 0.004 -1"><span class='ocrx_word' id='word_1_29' title='bbox 123 866 211 937; x_wconf 76' lang='lat' dir='ltr'>data</span> <span class='ocrx_word' id='word_1_30' title='bbox 228 865 377 938; x_wconf 85' lang='lat' dir='ltr'>fuerint.</span> 
     </span>
    </p>

    <p class='ocr_par' dir='ltr' id='par_1_3' title="bbox 127 972 1215 2060">
     <span class='ocr_line' id='line_1_6' title="bbox 177 972 1214 1052; baseline -0.005 -1"><span class='ocrx_word' id='word_1_31' title='bbox 177 1001 338 1052; x_wconf 76' lang='lat' dir='ltr'>noenu.</span> <span class='ocrx_word' id='word_1_32' title='bbox 367 977 538 1051; x_wconf 87' lang='lat' dir='ltr'>Multum</span> <span class='ocrx_word' id='word_1_33' title='bbox 554 1003 642 1052; x_wconf 86' lang='lat' dir='ltr'>vero</span> <span class='ocrx_word' id='word_1_34' title='bbox 658 977 760 1050; x_wconf 87' lang='lat' dir='ltr'>abest</span> <span class='ocrx_word' id='word_1_35' title='bbox 777 984 821 1049; x_wconf 89' lang='lat' dir='ltr'>ut</span> <span class='ocrx_word' id='word_1_36' title='bbox 838 975 894 1047; x_wconf 87' lang='lat' dir='ltr'>his</span> <span class='ocrx_word' id='word_1_37' title='bbox 909 975 1024 1047; x_wconf 84' lang='lat' dir='ltr'>etiam</span> <span class='ocrx_word' id='word_1_38' title='bbox 1040 972 1214 1047; x_wconf 87' lang='lat' dir='ltr'>omnibus</span> 
     </span>
     <span class='ocr_line' id='line_1_7' title="bbox 128 1085 1215 1189; baseline -0.003 -28"><span class='ocrx_word' id='word_1_39' title='bbox 128 1089 220 1163; x_wconf 89' lang='lat' dir='ltr'>fides</span> <span class='ocrx_word' id='word_1_40' title='bbox 237 1100 303 1164; x_wconf 82' lang='lat' dir='ltr'>aut</span> <span class='ocrx_word' id='word_1_41' title='bbox 320 1090 451 1164; x_wconf 85' lang='lat' dir='ltr'>debeat</span> <span class='ocrx_word' id='word_1_42' title='bbox 477 1102 541 1163; x_wconf 90' lang='lat' dir='ltr'>aut</span> <span class='ocrx_word' id='word_1_43' title='bbox 572 1091 686 1189; x_wconf 84' lang='lat' dir='ltr'><strong>possit</strong></span> <span class='ocrx_word' id='word_1_44' title='bbox 703 1089 836 1173; x_wconf 87' lang='lat' dir='ltr'>haberi,</span> <span class='ocrx_word' id='word_1_45' title='bbox 863 1085 1002 1160; x_wconf 84' lang='lat' dir='ltr'>scilieet</span> <span class='ocrx_word' id='word_1_46' title='bbox 1019 1111 1112 1184; x_wconf 85' lang='lat' dir='ltr'>quae</span> <span class='ocrx_word' id='word_1_47' title='bbox 1127 1085 1215 1158; x_wconf 85' lang='lat' dir='ltr'>adeo</span> 
     </span>
     <span class='ocr_line' id='line_1_8' title="bbox 127 1197 1212 1300; baseline -0.004 -25"><span class='ocrx_word' id='word_1_48' title='bbox 127 1202 307 1275; x_wconf 79' lang='lat' dir='ltr'>contraria</span> <span class='ocrx_word' id='word_1_49' title='bbox 324 1202 468 1300; x_wconf 84' lang='lat' dir='ltr'>sibique</span> <span class='ocrx_word' id='word_1_50' title='bbox 484 1204 635 1275; x_wconf 87' lang='lat' dir='ltr'>adversa</span> <span class='ocrx_word' id='word_1_51' title='bbox 651 1213 749 1287; x_wconf 89' lang='lat' dir='ltr'>sunt,</span> <span class='ocrx_word' id='word_1_52' title='bbox 774 1211 820 1273; x_wconf 90' lang='lat' dir='ltr'>ut</span> <span class='ocrx_word' id='word_1_53' title='bbox 842 1197 956 1297; x_wconf 85' lang='lat' dir='ltr'>probe</span> <span class='ocrx_word' id='word_1_54' title='bbox 972 1200 1212 1296; x_wconf 89' lang='lat' dir='ltr'>perspicuum</span> 
     </span>
     <span class='ocr_line' id='line_1_9' title="bbox 128 1311 1212 1412; baseline 0 -28"><span class='ocrx_word' id='word_1_55' title='bbox 128 1315 177 1385; x_wconf 89' lang='lat' dir='ltr'>sit</span> <span class='ocrx_word' id='word_1_56' title='bbox 195 1312 622 1411; x_wconf 85' lang='lat' dir='ltr'>plerosquemediconrm</span> <span class='ocrx_word' id='word_1_57' title='bbox 641 1317 707 1412; x_wconf 92' lang='lat' dir='ltr'>qui</span> <span class='ocrx_word' id='word_1_58' title='bbox 725 1314 770 1386; x_wconf 85' lang='lat' dir='ltr'>ad</span> <span class='ocrx_word' id='word_1_59' title='bbox 788 1311 851 1385; x_wconf 86' lang='lat' dir='ltr'>bas</span> <span class='ocrx_word' id='word_1_60' title='bbox 867 1336 924 1385; x_wconf 91' lang='lat' dir='ltr'>res</span> <span class='ocrx_word' id='word_1_61' title='bbox 942 1312 1212 1396; x_wconf 81' lang='lat' dir='ltr'>incumberent,</span> 
     </span>
     <span class='ocr_line' id='line_1_10' title="bbox 127 1423 1211 1520; baseline 0 -24"><span class='ocrx_word' id='word_1_62' title='bbox 127 1425 239 1497; x_wconf 90' lang='lat' dir='ltr'>nimis</span> <span class='ocrx_word' id='word_1_63' title='bbox 256 1426 373 1498; x_wconf 88' lang='lat' dir='ltr'>avidis</span> <span class='ocrx_word' id='word_1_64' title='bbox 391 1437 428 1500; x_wconf 89' lang='lat' dir='ltr'>et</span> <span class='ocrx_word' id='word_1_65' title='bbox 445 1428 556 1501; x_wconf 90' lang='lat' dir='ltr'>nimis</span> <span class='ocrx_word' id='word_1_66' title='bbox 573 1426 729 1501; x_wconf 87' lang='lat' dir='ltr'>credulis</span> <span class='ocrx_word' id='word_1_67' title='bbox 746 1425 860 1499; x_wconf 89' lang='lat' dir='ltr'>oculis</span> <span class='ocrx_word' id='word_1_68' title='bbox 879 1423 998 1520; x_wconf 89' lang='lat' dir='ltr'>(quod</span> <span class='ocrx_word' id='word_1_69' title='bbox 1016 1447 1105 1497; x_wconf 86' lang='lat' dir='ltr'>sane</span> <span class='ocrx_word' id='word_1_70' title='bbox 1121 1425 1159 1496; x_wconf 92' lang='lat' dir='ltr'>in</span> <span class='ocrx_word' id='word_1_71' title='bbox 1176 1447 1211 1496; x_wconf 90' lang='lat' dir='ltr'>re</span> 
     </span>
     <span class='ocr_line' id='line_1_11' title="bbox 128 1536 1211 1637; baseline 0 -28"><span class='ocrx_word' id='word_1_72' title='bbox 128 1537 270 1610; x_wconf 84' lang='lat' dir='ltr'>medica</span> <span class='ocrx_word' id='word_1_73' title='bbox 303 1539 411 1611; x_wconf 90' lang='lat' dir='ltr'>nimis</span> <span class='ocrx_word' id='word_1_74' title='bbox 440 1539 612 1637; x_wconf 87' lang='lat' dir='ltr'>frequens</span> <span class='ocrx_word' id='word_1_75' title='bbox 642 1562 740 1611; x_wconf 89' lang='lat' dir='ltr'>error</span> <span class='ocrx_word' id='word_1_76' title='bbox 768 1544 837 1633; x_wconf 83' lang='lat' dir='ltr'>est)</span> <span class='ocrx_word' id='word_1_77' title='bbox 865 1559 932 1609; x_wconf 83' lang='lat' dir='ltr'>sua</span> <span class='ocrx_word' id='word_1_78' title='bbox 960 1536 1211 1633; x_wconf 80' lang='lat' dir='ltr'>experimenta</span> 
     </span>
     <span class='ocr_line' id='line_1_12' title="bbox 129 1648 1211 1737; baseline -0.003 -13"><span class='ocrx_word' id='word_1_79' title='bbox 129 1651 242 1724; x_wconf 83' lang='lat' dir='ltr'>fuisse</span> <span class='ocrx_word' id='word_1_80' title='bbox 258 1652 424 1737; x_wconf 85' lang='lat' dir='ltr'>intuitos,</span> <span class='ocrx_word' id='word_1_81' title='bbox 449 1661 488 1725; x_wconf 89' lang='lat' dir='ltr'>et</span> <span class='ocrx_word' id='word_1_82' title='bbox 504 1653 615 1726; x_wconf 89' lang='lat' dir='ltr'>nimis</span> <span class='ocrx_word' id='word_1_83' title='bbox 631 1651 846 1723; x_wconf 76' lang='lat' dir='ltr'>festinanter</span> <span class='ocrx_word' id='word_1_84' title='bbox 872 1657 912 1720; x_wconf 89' lang='lat' dir='ltr'>et</span> <span class='ocrx_word' id='word_1_85' title='bbox 941 1657 1082 1721; x_wconf 89' lang='lat' dir='ltr'>temere</span> <span class='ocrx_word' id='word_1_86' title='bbox 1097 1648 1145 1722; x_wconf 88' lang='lat' dir='ltr'>de</span> <span class='ocrx_word' id='word_1_87' title='bbox 1161 1672 1211 1721; x_wconf 84' lang='lat' dir='ltr'>re·</span> 
     </span>
     <span class='ocr_line' id='line_1_13' title="bbox 129 1759 1210 1862; baseline -0.005 -26"><span class='ocrx_word' id='word_1_88' title='bbox 129 1763 345 1837; x_wconf 91' lang='lat' dir='ltr'>mediorum</span> <span class='ocrx_word' id='word_1_89' title='bbox 353 1764 493 1838; x_wconf 86' lang='lat' dir='ltr'>viribus</span> <span class='ocrx_word' id='word_1_90' title='bbox 503 1765 699 1862; x_wconf 81' lang='lat' dir='ltr'>judicasse,</span> <span class='ocrx_word' id='word_1_91' title='bbox 716 1762 849 1835; x_wconf 88' lang='lat' dir='ltr'>veteris</span> <span class='ocrx_word' id='word_1_92' title='bbox 862 1759 1118 1858; x_wconf 64' lang='lat' dir='ltr'>Hippocratis</span> <span class='ocrx_word' id='word_1_93' title='bbox 1132 1783 1210 1832; x_wconf 90' lang='lat' dir='ltr'>mo-</span> 
     </span>
     <span class='ocr_line' id='line_1_14' title="bbox 131 1870 1210 1976; baseline -0.005 -27"><span class='ocrx_word' id='word_1_94' title='bbox 131 1877 203 1949; x_wconf 90' lang='lat' dir='ltr'>niti</span> <span class='ocrx_word' id='word_1_95' title='bbox 219 1877 266 1949; x_wconf 90' lang='lat' dir='ltr'>de</span> <span class='ocrx_word' id='word_1_96' title='bbox 282 1879 536 1976; x_wconf 86' lang='lat' dir='ltr'>experimento</span> <span class='ocrx_word' id='word_1_97' title='bbox 553 1876 676 1948; x_wconf 79' lang='lat' dir='ltr'>sallaee</span> <span class='ocrx_word' id='word_1_98' title='bbox 701 1882 740 1945; x_wconf 90' lang='lat' dir='ltr'>et</span> <span class='ocrx_word' id='word_1_99' title='bbox 763 1870 908 1968; x_wconf 91' lang='lat' dir='ltr'>judicio</span> <span class='ocrx_word' id='word_1_100' title='bbox 935 1871 1075 1947; x_wconf 83' lang='lat' dir='ltr'>difficili</span> <span class='ocrx_word' id='word_1_101' title='bbox 1100 1870 1210 1971; x_wconf 78' lang='lat' dir='ltr'>plane</span> 
     </span>
     <span class='ocr_line' id='line_1_15' title="bbox 131 2012 375 2060; baseline 0.004 -1"><span class='ocrx_word' id='word_1_102' title='bbox 131 2012 375 2060; x_wconf 80' lang='lat' dir='ltr'>immemores.</span> 
     </span>
    </p>

    <p class='ocr_par' dir='ltr' id='par_1_4' title="bbox 129 2098 1213 3205">
     <span class='ocr_line' id='line_1_16' title="bbox 181 2098 1211 2198; baseline 0.003 -29"><span class='ocrx_word' id='word_1_103' title='bbox 181 2119 359 2170; x_wconf 81' lang='lat' dir='ltr'>rrucmrr.</span> <span class='ocrx_word' id='word_1_104' title='bbox 397 2098 603 2187; x_wconf 89' lang='lat' dir='ltr'>Postremo,</span> <span class='ocrx_word' id='word_1_105' title='bbox 641 2123 716 2174; x_wconf 92' lang='lat' dir='ltr'>non</span> <span class='ocrx_word' id='word_1_106' title='bbox 751 2123 896 2198; x_wconf 87' lang='lat' dir='ltr'>semper</span> <span class='ocrx_word' id='word_1_107' title='bbox 923 2098 1211 2185; x_wconf 81' lang='lat' dir='ltr'>considerabant,</span> 
     </span>
     <span class='ocr_line' id='line_1_17' title="bbox 129 2206 1213 2310; baseline 0.002 -28"><span class='ocrx_word' id='word_1_108' title='bbox 129 2206 286 2282; x_wconf 77' lang='lat' dir='ltr'>calculos</span> <span class='ocrx_word' id='word_1_109' title='bbox 311 2210 402 2282; x_wconf 83' lang='lat' dir='ltr'>varii</span> <span class='ocrx_word' id='word_1_110' title='bbox 431 2234 507 2283; x_wconf 89' lang='lat' dir='ltr'>esse</span> <span class='ocrx_word' id='word_1_111' title='bbox 534 2213 689 2310; x_wconf 87' lang='lat' dir='ltr'>generis,</span> <span class='ocrx_word' id='word_1_112' title='bbox 715 2223 753 2286; x_wconf 89' lang='lat' dir='ltr'>et</span> <span class='ocrx_word' id='word_1_113' title='bbox 770 2213 1051 2310; x_wconf 84' lang='lat' dir='ltr'>quodammodo</span> <span class='ocrx_word' id='word_1_114' title='bbox 1065 2213 1213 2285; x_wconf 83' lang='lat' dir='ltr'>diversae</span> 
     </span>
     <span class='ocr_line' id='line_1_18' title="bbox 133 2323 1211 2421; baseline 0.001 -27"><span class='ocrx_word' id='word_1_115' title='bbox 133 2329 285 2408; x_wconf 76' lang='lat' dir='ltr'>natur&#39;ae,</span> <span class='ocrx_word' id='word_1_116' title='bbox 324 2333 361 2397; x_wconf 92' lang='lat' dir='ltr'>et</span> <span class='ocrx_word' id='word_1_117' title='bbox 390 2325 663 2421; x_wconf 87' lang='lat' dir='ltr'>compositionis</span> <span class='ocrx_word' id='word_1_118' title='bbox 692 2323 881 2407; x_wconf 58' lang='lat' dir='ltr'>clientem</span> <span class='ocrx_word' id='word_1_119' title='bbox 920 2323 1010 2399; x_wconf 91' lang='lat' dir='ltr'>alios</span> <span class='ocrx_word' id='word_1_120' title='bbox 1040 2325 1211 2397; x_wconf 90' lang='lat' dir='ltr'>nimirum</span> 
     </span>
     <span class='ocr_line' id='line_1_19' title="bbox 132 2435 1212 2524; baseline -0.004 -15"><span class='ocrx_word' id='word_1_121' title='bbox 132 2435 356 2521; x_wconf 88' lang='lat' dir='ltr'>durissimos,</span> <span class='ocrx_word' id='word_1_122' title='bbox 370 2436 488 2524; x_wconf 72' lang='lat' dir='ltr'>laeves</span> <span class='ocrx_word' id='word_1_123' title='bbox 501 2439 735 2511; x_wconf 84' lang='lat' dir='ltr'>comminuto</span> <span class='ocrx_word' id='word_1_124' title='bbox 747 2436 983 2511; x_wconf 77' lang='lat' dir='ltr'>difficillimos</span> <span class='ocrx_word' id='word_1_125' title='bbox 997 2466 1007 2523; x_wconf 88' lang='lat'>;</span> <span class='ocrx_word' id='word_1_126' title='bbox 1031 2436 1212 2511; x_wconf 84' lang='lat' dir='ltr'>aliosvero</span> 
     </span>
     <span class='ocr_line' id='line_1_20' title="bbox 133 2547 1212 2646; baseline 0.002 -26"><span class='ocrx_word' id='word_1_127' title='bbox 133 2572 287 2646; x_wconf 74' lang='lat' dir='ltr'>asperos</span> <span class='ocrx_word' id='word_1_128' title='bbox 314 2547 504 2636; x_wconf 87' lang='lat' dir='ltr'>molliores,</span> <span class='ocrx_word' id='word_1_129' title='bbox 538 2549 706 2635; x_wconf 84' lang='lat' dir='ltr'>friabiles,</span> <span class='ocrx_word' id='word_1_130' title='bbox 744 2549 939 2634; x_wconf 76' lang='lat' dir='ltr'>sabulosos</span> <span class='ocrx_word' id='word_1_131' title='bbox 977 2574 1044 2623; x_wconf 83' lang='lat' dir='ltr'>sua</span> <span class='ocrx_word' id='word_1_132' title='bbox 1069 2550 1212 2622; x_wconf 75' lang='lat' dir='ltr'>fortasse</span> 
     </span>
     <span class='ocr_line' id='line_1_21' title="bbox 135 2659 1211 2759; baseline -0.001 -27"><span class='ocrx_word' id='word_1_133' title='bbox 135 2671 265 2757; x_wconf 92' lang='lat' dir='ltr'>sponte</span> <span class='ocrx_word' id='word_1_134' title='bbox 283 2662 322 2732; x_wconf 91' lang='lat' dir='ltr'>in</span> <span class='ocrx_word' id='word_1_135' title='bbox 341 2660 446 2733; x_wconf 88' lang='lat' dir='ltr'>urina</span> <span class='ocrx_word' id='word_1_136' title='bbox 462 2670 528 2733; x_wconf 91' lang='lat' dir='ltr'>aut</span> <span class='ocrx_word' id='word_1_137' title='bbox 544 2686 640 2758; x_wconf 86' lang='lat' dir='ltr'>aqua</span> <span class='ocrx_word' id='word_1_138' title='bbox 657 2659 781 2758; x_wconf 86' lang='lat' dir='ltr'>tepida</span> <span class='ocrx_word' id='word_1_139' title='bbox 797 2660 976 2759; x_wconf 88' lang='lat' dir='ltr'>paulatim</span> <span class='ocrx_word' id='word_1_140' title='bbox 995 2661 1211 2759; x_wconf 77' lang='lat' dir='ltr'>dilapsuros3</span> 
     </span>
     <span class='ocr_line' id='line_1_22' title="bbox 134 2770 1211 2871; baseline -0.002 -27"><span class='ocrx_word' id='word_1_141' title='bbox 134 2772 223 2845; x_wconf 88' lang='lat' dir='ltr'>alios</span> <span class='ocrx_word' id='word_1_142' title='bbox 241 2773 393 2845; x_wconf 85' lang='lat' dir='ltr'>demum</span> <span class='ocrx_word' id='word_1_143' title='bbox 411 2773 450 2845; x_wconf 92' lang='lat' dir='ltr'>in</span> <span class='ocrx_word' id='word_1_144' title='bbox 468 2773 547 2845; x_wconf 86' lang='lat' dir='ltr'>aliis</span> <span class='ocrx_word' id='word_1_145' title='bbox 564 2773 778 2871; x_wconf 86' lang='lat' dir='ltr'>liquoribus,</span> <span class='ocrx_word' id='word_1_146' title='bbox 796 2797 859 2846; x_wconf 91' lang='lat' dir='ltr'>seu</span> <span class='ocrx_word' id='word_1_147' title='bbox 873 2770 1211 2848; x_wconf 75' lang='lat' dir='ltr'>ntenstrrtr‘sclrerrti·</span> 
     </span>
     <span class='ocr_line' id='line_1_23' title="bbox 133 2881 1207 2985; baseline -0.005 -28"><span class='ocrx_word' id='word_1_148' title='bbox 133 2883 197 2969; x_wconf 83' lang='lat' dir='ltr'>cis,</span> <span class='ocrx_word' id='word_1_149' title='bbox 223 2884 327 2958; x_wconf 86' lang='lat' dir='ltr'>facile</span> <span class='ocrx_word' id='word_1_150' title='bbox 344 2884 458 2959; x_wconf 88' lang='lat' dir='ltr'>solvi:</span> <span class='ocrx_word' id='word_1_151' title='bbox 486 2886 641 2958; x_wconf 90' lang='lat' dir='ltr'>minime</span> <span class='ocrx_word' id='word_1_152' title='bbox 657 2911 745 2985; x_wconf 85' lang='lat' dir='ltr'>ergo</span> <span class='ocrx_word' id='word_1_153' title='bbox 762 2886 863 2984; x_wconf 92' lang='lat' dir='ltr'>quod</span> <span class='ocrx_word' id='word_1_154' title='bbox 893 2885 942 2958; x_wconf 91' lang='lat' dir='ltr'>de</span> <span class='ocrx_word' id='word_1_155' title='bbox 970 2909 1048 2960; x_wconf 92' lang='lat' dir='ltr'>uno</span> <span class='ocrx_word' id='word_1_156' title='bbox 1076 2881 1207 2958; x_wconf 79' lang='lat' dir='ltr'>calculo</span> 
     </span>
     <span class='ocr_line' id='line_1_24' title="bbox 135 2996 1205 3094; baseline -0.004 -27"><span class='ocrx_word' id='word_1_157' title='bbox 135 3006 202 3069; x_wconf 85' lang='lat' dir='ltr'>aut</span> <span class='ocrx_word' id='word_1_158' title='bbox 219 3022 296 3070; x_wconf 89' lang='lat' dir='ltr'>uno</span> <span class='ocrx_word' id='word_1_159' title='bbox 311 3022 411 3094; x_wconf 83' lang='lat' dir='ltr'>aegro</span> <span class='ocrx_word' id='word_1_160' title='bbox 427 3022 558 3070; x_wconf 87' lang='lat' dir='ltr'>verum</span> <span class='ocrx_word' id='word_1_161' title='bbox 577 3008 680 3083; x_wconf 87' lang='lat' dir='ltr'>esset,</span> <span class='ocrx_word' id='word_1_162' title='bbox 706 2998 753 3070; x_wconf 89' lang='lat' dir='ltr'>de</span> <span class='ocrx_word' id='word_1_163' title='bbox 776 2998 950 3071; x_wconf 90' lang='lat' dir='ltr'>omnibus</span> <span class='ocrx_word' id='word_1_164' title='bbox 977 2996 1114 3072; x_wconf 83' lang='lat' dir='ltr'>credere</span> <span class='ocrx_word' id='word_1_165' title='bbox 1142 2998 1205 3065; x_wconf 83' lang='lat' dir='ltr'>aut</span> 
     </span>
     <span class='ocr_line' id='line_1_25' title="bbox 134 3108 462 3205; baseline 0.003 -27"><span class='ocrx_word' id='word_1_166' title='bbox 134 3118 331 3205; x_wconf 85' lang='lat' dir='ltr'>expectare</span> <span class='ocrx_word' id='word_1_167' title='bbox 347 3108 462 3179; x_wconf 88' lang='lat' dir='ltr'>licuit.</span> 
     </span>
    </p>

    <p class='ocr_par' dir='ltr' id='par_1_5' title="bbox 135 3218 1217 3982">
     <span class='ocr_line' id='line_1_26' title="bbox 187 3218 1212 3323; baseline -0.003 -30"><span class='ocrx_word' id='word_1_168' title='bbox 187 3241 358 3294; x_wconf 76' lang='lat' dir='ltr'>rrncnw.</span> <span class='ocrx_word' id='word_1_169' title='bbox 389 3218 570 3293; x_wconf 89' lang='lat' dir='ltr'>Omnium</span> <span class='ocrx_word' id='word_1_170' title='bbox 588 3243 676 3294; x_wconf 91' lang='lat' dir='ltr'>vero</span> <span class='ocrx_word' id='word_1_171' title='bbox 693 3245 870 3296; x_wconf 86' lang='lat' dir='ltr'>consensu</span> <span class='ocrx_word' id='word_1_172' title='bbox 888 3224 956 3323; x_wconf 89' lang='lat' dir='ltr'>qui</span> <span class='ocrx_word' id='word_1_173' title='bbox 973 3224 1022 3297; x_wconf 92' lang='lat' dir='ltr'>de</span> <span class='ocrx_word' id='word_1_174' title='bbox 1038 3221 1095 3295; x_wconf 91' lang='lat' dir='ltr'>his</span> <span class='ocrx_word' id='word_1_175' title='bbox 1110 3219 1212 3294; x_wconf 86' lang='lat' dir='ltr'>rebus</span> 
     </span>
     <span class='ocr_line' id='line_1_27' title="bbox 138 3331 1213 3430; baseline 0.002 -27"><span class='ocrx_word' id='word_1_176' title='bbox 138 3333 356 3430; x_wconf 82' lang='lat' dir='ltr'>scripserint,</span> <span class='ocrx_word' id='word_1_177' title='bbox 382 3331 552 3430; x_wconf 88' lang='lat' dir='ltr'>quaedam</span> <span class='ocrx_word' id='word_1_178' title='bbox 571 3331 700 3405; x_wconf 85' lang='lat' dir='ltr'>saltem</span> <span class='ocrx_word' id='word_1_179' title='bbox 726 3335 773 3407; x_wconf 92' lang='lat' dir='ltr'>de</span> <span class='ocrx_word' id='word_1_180' title='bbox 803 3335 944 3409; x_wconf 87' lang='lat' dir='ltr'>viribus</span> <span class='ocrx_word' id='word_1_181' title='bbox 973 3335 1213 3408; x_wconf 89' lang='lat' dir='ltr'>remediorum</span> 
     </span>
     <span class='ocr_line' id='line_1_28' title="bbox 136 3440 1214 3546; baseline 0.004 -34"><span class='ocrx_word' id='word_1_182' title='bbox 136 3440 382 3517; x_wconf 73' lang='lat' dir='ltr'>alealioorom</span> <span class='ocrx_word' id='word_1_183' title='bbox 400 3445 485 3516; x_wconf 86' lang='lat' dir='ltr'>satis</span> <span class='ocrx_word' id='word_1_184' title='bbox 503 3446 650 3542; x_wconf 86' lang='lat' dir='ltr'>cognita</span> <span class='ocrx_word' id='word_1_185' title='bbox 667 3457 755 3521; x_wconf 88' lang='lat' dir='ltr'>sunt</span> <span class='ocrx_word' id='word_1_186' title='bbox 771 3458 884 3545; x_wconf 90' lang='lat' dir='ltr'>atque</span> <span class='ocrx_word' id='word_1_187' title='bbox 894 3457 1095 3546; x_wconf 77' lang='lat' dir='ltr'>comperta.</span> <span class='ocrx_word' id='word_1_188' title='bbox 1130 3445 1214 3518; x_wconf 81' lang='lat' dir='ltr'>Lor-</span> 
     </span>
     <span class='ocr_line' id='line_1_29' title="bbox 136 3553 1214 3654; baseline 0.005 -30"><span class='ocrx_word' id='word_1_189' title='bbox 136 3576 186 3650; x_wconf 85' lang='lat' dir='ltr'>go</span> <span class='ocrx_word' id='word_1_190' title='bbox 202 3553 383 3650; x_wconf 90' lang='lat' dir='ltr'>imprimis</span> <span class='ocrx_word' id='word_1_191' title='bbox 400 3555 477 3627; x_wconf 87' lang='lat' dir='ltr'>sive</span> <span class='ocrx_word' id='word_1_192' title='bbox 494 3581 601 3654; x_wconf 87' lang='lat' dir='ltr'>aquae</span> <span class='ocrx_word' id='word_1_193' title='bbox 625 3557 730 3633; x_wconf 79' lang='lat' dir='ltr'>caleis</span> <span class='ocrx_word' id='word_1_194' title='bbox 757 3560 834 3633; x_wconf 91' lang='lat' dir='ltr'>sive</span> <span class='ocrx_word' id='word_1_195' title='bbox 860 3558 1110 3635; x_wconf 77' lang='lat' dir='ltr'>o‘lcolinomm</span> <span class='ocrx_word' id='word_1_196' title='bbox 1139 3580 1214 3642; x_wconf 90' lang='lat' dir='ltr'>usu,</span> 
     </span>
     <span class='ocr_line' id='line_1_30' title="bbox 136 3664 1216 3770; baseline 0.008 -34"><span class='ocrx_word' id='word_1_197' title='bbox 136 3666 241 3737; x_wconf 85' lang='lat' dir='ltr'>urina</span> <span class='ocrx_word' id='word_1_198' title='bbox 258 3664 358 3738; x_wconf 84' lang='lat' dir='ltr'>haud</span> <span class='ocrx_word' id='word_1_199' title='bbox 374 3691 506 3764; x_wconf 84' lang='lat' dir='ltr'>parum</span> <span class='ocrx_word' id='word_1_200' title='bbox 536 3679 714 3756; x_wconf 86' lang='lat' dir='ltr'>mutatur,</span> <span class='ocrx_word' id='word_1_201' title='bbox 740 3681 778 3744; x_wconf 91' lang='lat' dir='ltr'>et</span> <span class='ocrx_word' id='word_1_202' title='bbox 794 3696 923 3770; x_wconf 86' lang='lat' dir='ltr'>parum</span> <span class='ocrx_word' id='word_1_203' title='bbox 942 3672 1110 3745; x_wconf 84' lang='lat' dir='ltr'>materiae</span> <span class='ocrx_word' id='word_1_204' title='bbox 1126 3691 1216 3745; x_wconf 83' lang='lat' dir='ltr'>verae</span> 
     </span>
     <span class='ocr_line' id='line_1_31' title="bbox 135 3778 1217 3882; baseline 0.003 -32"><span class='ocrx_word' id='word_1_205' title='bbox 135 3778 323 3852; x_wconf 80' lang='lat' dir='ltr'>calculosae</span> <span class='ocrx_word' id='word_1_206' title='bbox 351 3790 417 3853; x_wconf 86' lang='lat' dir='ltr'>aut</span> <span class='ocrx_word' id='word_1_207' title='bbox 448 3781 614 3856; x_wconf 91' lang='lat' dir='ltr'>demittit</span> <span class='ocrx_word' id='word_1_208' title='bbox 644 3795 708 3856; x_wconf 87' lang='lat' dir='ltr'>aut</span> <span class='ocrx_word' id='word_1_209' title='bbox 739 3784 914 3871; x_wconf 86' lang='lat' dir='ltr'>continet,</span> <span class='ocrx_word' id='word_1_210' title='bbox 940 3795 990 3870; x_wconf 92' lang='lat' dir='ltr'>et,</span> <span class='ocrx_word' id='word_1_211' title='bbox 1018 3808 1088 3882; x_wconf 92' lang='lat' dir='ltr'>pro</span> <span class='ocrx_word' id='word_1_212' title='bbox 1116 3781 1217 3856; x_wconf 87' lang='lat' dir='ltr'>solito</span> 
     </span>
     <span class='ocr_line' id='line_1_32' title="bbox 136 3890 1217 3982; baseline 0.005 -22"><span class='ocrx_word' id='word_1_213' title='bbox 136 3890 247 3964; x_wconf 91' lang='lat' dir='ltr'>rubro</span> <span class='ocrx_word' id='word_1_214' title='bbox 264 3903 300 3967; x_wconf 87' lang='lat' dir='ltr'>et</span> <span class='ocrx_word' id='word_1_215' title='bbox 317 3916 478 3978; x_wconf 84' lang='lat' dir='ltr'>arenoso,</span> <span class='ocrx_word' id='word_1_216' title='bbox 496 3896 744 3969; x_wconf 90' lang='lat' dir='ltr'>sedimentum</span> <span class='ocrx_word' id='word_1_217' title='bbox 763 3895 940 3982; x_wconf 85' lang='lat' dir='ltr'>albidum,</span> <span class='ocrx_word' id='word_1_218' title='bbox 958 3905 998 3970; x_wconf 87' lang='lat' dir='ltr'>et</span> <span class='ocrx_word' id='word_1_219' title='bbox 1017 3918 1217 3978; x_wconf 86' lang='lat' dir='ltr'>muoosum,</span> 
     </span>
    </p>
   </div>
   <div class='ocr_carea' id='block_1_3' title="bbox 134 4003 1218 4331">
    <p class='ocr_par' dir='ltr' id='par_1_6' title="bbox 134 4003 1218 4331">
     <span class='ocr_line' id='line_1_33' title="bbox 135 4003 1218 4107; baseline 0.005 -34"><span class='ocrx_word' id='word_1_220' title='bbox 135 4012 174 4072; x_wconf 87' lang='lat' dir='ltr'>et</span> <span class='ocrx_word' id='word_1_221' title='bbox 192 4004 303 4077; x_wconf 90' lang='lat' dir='ltr'>molle</span> <span class='ocrx_word' id='word_1_222' title='bbox 320 4003 482 4102; x_wconf 88' lang='lat' dir='ltr'>deponit,</span> <span class='ocrx_word' id='word_1_223' title='bbox 509 4016 547 4079; x_wconf 89' lang='lat' dir='ltr'>et</span> <span class='ocrx_word' id='word_1_224' title='bbox 577 4009 683 4105; x_wconf 88' lang='lat' dir='ltr'>siqua</span> <span class='ocrx_word' id='word_1_225' title='bbox 712 4008 778 4082; x_wconf 84' lang='lat' dir='ltr'>airt</span> <span class='ocrx_word' id='word_1_226' title='bbox 807 4010 949 4107; x_wconf 86' lang='lat' dir='ltr'>seriptis</span> <span class='ocrx_word' id='word_1_227' title='bbox 979 4009 1218 4091; x_wconf 78' lang='lat' dir='ltr'>medicorum,</span> 
     </span>
     <span class='ocr_line' id='line_1_34' title="bbox 136 4115 1218 4201; baseline 0.004 -16"><span class='ocrx_word' id='word_1_228' title='bbox 136 4125 201 4186; x_wconf 83' lang='lat' dir='ltr'>out</span> <span class='ocrx_word' id='word_1_229' title='bbox 219 4115 373 4191; x_wconf 84' lang='lat' dir='ltr'>aliorum</span> <span class='ocrx_word' id='word_1_230' title='bbox 392 4117 586 4192; x_wconf 90' lang='lat' dir='ltr'>hominum</span> <span class='ocrx_word' id='word_1_231' title='bbox 606 4121 824 4195; x_wconf 89' lang='lat' dir='ltr'>testimoniis</span> <span class='ocrx_word' id='word_1_232' title='bbox 854 4122 944 4194; x_wconf 87' lang='lat' dir='ltr'>fides</span> <span class='ocrx_word' id='word_1_233' title='bbox 974 4120 1145 4195; x_wconf 83' lang='lat' dir='ltr'>habenda</span> <span class='ocrx_word' id='word_1_234' title='bbox 1161 4118 1218 4201; x_wconf 86' lang='lat' dir='ltr'>sit,</span> 
     </span>
     <span class='ocr_line' id='line_1_35' title="bbox 134 4226 1217 4331; baseline -0.001 -25"><span class='ocrx_word' id='word_1_235' title='bbox 134 4226 227 4306; x_wconf 82' lang='lat' dir='ltr'>adeo</span> <span class='ocrx_word' id='word_1_236' title='bbox 254 4251 328 4303; x_wconf 92' lang='lat' dir='ltr'>non</span> <span class='ocrx_word' id='word_1_237' title='bbox 359 4228 580 4305; x_wconf 84' lang='lat' dir='ltr'>calculorum</span> <span class='ocrx_word' id='word_1_238' title='bbox 612 4232 817 4331; x_wconf 80' lang='lat' dir='ltr'>fragmenta</span> <span class='ocrx_word' id='word_1_239' title='bbox 845 4233 982 4331; x_wconf 86' lang='lat' dir='ltr'>quibus</span> <span class='ocrx_word' id='word_1_240' title='bbox 1010 4229 1217 4308; x_wconf 80' lang='lat' dir='ltr'>affunditur</span> 
     </span>
    </p>
   </div>
   <div class='ocr_carea' id='block_1_4' title="bbox 0 0 1356 4794">
    <p class='ocr_par' dir='ltr' id='par_1_7' title="bbox 0 0 1356 4794">
     <span class='ocr_line' id='line_1_36' title="bbox 0 0 1356 4794; baseline 0 0"><span class='ocrx_word' id='word_1_241' title='bbox 0 0 1356 4794; x_wconf 95' lang='lat' dir='ltr'> </span> 
     </span>
    </p>
   </div>
  </div>
 </body>
</html>
