2678 4794
121 289 193 365 886
531 309 783 385 consensius
1004 309 1090 361 car.
1108 308 1212 364 xxx.

126 497 251 564 totum
271 508 399 587 genus
414 508 619 571 ateramum,
644 495 683 559 et
705 483 790 557 ideo
807 491 931 558 totum
948 507 1091 580 corpus,
1114 510 1214 583 quo·

127 599 328 675 dammodo
344 599 531 684 afficiatur,
555 596 785 694 eandemque
801 595 1049 670 conditionem
1069 599 1215 694 partici-

130 721 204 810 pet.
257 711 346 798 Quo
364 710 478 808 magis
493 733 581 781 vero
598 709 759 782 sentiens
786 717 826 780 et
842 707 987 781 mobilis
1004 733 1090 806 pars
1112 733 1214 806 quaa-

130 822 222 896 libet
237 823 359 909 fuerit,
376 846 420 894 eo
437 819 645 919 promptius
661 831 699 893 et
716 820 796 918 ipsa
811 818 1026 916 hujusmodi
1042 820 1213 893 remediis

131 935 311 1008 afficietur
338 942 377 1005 et
393 931 577 1030 reliquum
595 955 727 1029 eorpus
751 929 896 1004 afficiet.
949 931 1009 1004 sic
1024 929 1145 1004 multa
1160 955 1213 1004 re·

131 1046 263 1133 media,
280 1057 345 1119 aut
362 1044 521 1130 naribus,
544 1043 705 1118 autenti
723 1042 872 1139 (quibus
889 1040 1039 1141 plurimi
1055 1042 1162 1115 nervi
1178 1051 1214 1115 et

131 1157 361 1231 acutissimus
379 1179 505 1229 sensus
523 1145 637 1252 sunt),
654 1162 721 1228 aut
733 1151 908 1227 musculis
923 1154 1021 1251 ipsis,
1038 1164 1106 1228 aut
1121 1152 1213 1227 vasis

131 1293 216 1366 quae
232 1269 448 1366 sanguinem
460 1265 616 1352 vehunt,
632 1275 699 1340 aut
714 1266 857 1364 organis
870 1265 1092 1363 quibusdam
1104 1288 1213 1339 seoer·

131 1379 305 1452 nentibus
323 1379 482 1464 admota,
499 1402 575 1451 non
592 1377 705 1450 modo
715 1376 780 1451 has
795 1387 914 1475 partes
931 1376 1136 1464 stimulant,
1152 1374 1212 1450 sed

132 1499 255 1564 totum
273 1488 385 1564 simul
402 1515 533 1588 corpus
550 1490 722 1563 excitant
767 1487 880 1562 Nulla
896 1500 1021 1561 autem
1040 1514 1124 1587 pars
1140 1513 1212 1563 nor·

131 1603 229 1701 poris
246 1610 423 1677 consensu
440 1603 557 1702 magis
574 1592 747 1701 prompto
763 1609 829 1673 aut
845 1598 1004 1698 generali
1029 1623 1119 1673 eum
1136 1607 1212 1674 toto

130 1737 270 1811 genere
286 1738 452 1803 nervoso,
478 1724 518 1788 et
534 1713 617 1787 ideo
633 1736 720 1786 cum
736 1719 816 1785 toto
841 1734 989 1809 oorpore
1005 1711 1133 1810 pollet,
1148 1733 1213 1785 neo

134 1827 210 1901 ulla
226 1828 344 1926 igitur
360 1828 476 1924 magis
494 1826 624 1898 idonea
640 1822 767 1897 existit
793 1822 851 1895 cui
872 1822 1030 1922 plurima
1055 1822 1212 1898 remedia

133 1937 371 2023 stimulantis,
400 1961 485 2034 quae
508 1945 631 2010 totum
650 1959 781 2032 oorpus
797 1935 939 2008 afficere
954 1936 1139 2034 cupimus,
1154 1934 1212 2009 ad·

132 2057 363 2133 moveantur,
380 2071 494 2144 quam
511 2046 751 2153 ventriculus,
776 2071 862 2122 cum
875 2048 923 2120 ob
939 2046 1119 2146 plurimos
1134 2048 1212 2146 qui·

133 2157 203 2233 bus
218 2156 415 2232 instruitur
430 2183 574 2247 nervos,
591 2169 676 2234 tum
693 2160 741 2234 ob
765 2160 948 2258 insignem
976 2185 1083 2234 suam
1100 2158 1210 2234 mobi-

133 2269 288 2358 litatem,
319 2283 401 2346 tum
419 2297 571 2372 qnoque
587 2273 635 2346 ob
652 2296 868 2347 eonsensum
886 2272 991 2345 illum
1023 2275 1210 2373 egregium

133 2409 249 2483 quem
265 2409 352 2458 cum
382 2386 528 2460 oerebro
553 2384 685 2460 habere
701 2385 859 2460 videtur.
910 2385 1107 2460 Interdum
1125 2409 1209 2485 quo·

133 2496 209 2596 que
237 2522 325 2572 cum
358 2507 506 2598 propter
532 2498 731 2572 devorandi
765 2497 1020 2572 difficultatem
1055 2498 1209 2597 aliasque

134 2633 268 2698 causas,
285 2610 417 2684 idonea
434 2611 595 2684 remedia
611 2611 678 2684 vix
694 2611 732 2684 in
751 2609 1000 2685 ventriculum
1015 2611 1127 2709 recipi
1149 2617 1209 2684 aut

134 2721 173 2793 in
191 2746 235 2794 eo
263 2723 413 2795 retineri
443 2733 603 2820 possent,
632 2723 760 2796 eadem
777 2723 936 2796 remedia
952 2747 1018 2820 per
1033 2746 1147 2797 anum
1171 2722 1206 2793 in

134 2830 309 2903 intestina
325 2832 520 2907 infundere
536 2834 677 2933 optime
706 2833 866 2932 profuit:
893 2832 1029 2908 scilicet
1045 2836 1131 2932 quia
1152 2832 1203 2904 his

134 2964 209 3012 non
228 2964 330 3014 secus
347 2966 389 3016 ac
405 2944 611 3018 ventriculo
627 2944 778 3042 plurimi
796 2955 885 3018 sunt
900 2946 1014 3032 nervi,
1041 2956 1079 3020 et
1101 2944 1201 3041 insig-

133 3053 191 3124 nis
207 3051 402 3140 mobilitas,
433 3064 471 3128 et
487 3056 656 3153 egregius
673 3079 759 3129 eum
779 3058 945 3132 universo
969 3081 1110 3157 genere
1125 3078 1201 3135 ntr-

134 3185 218 3239 voro
235 3187 440 3239 consensus.

184 3298 360 3351 iream.
388 3278 493 3375 Saepe
519 3278 640 3366 etiam,
667 3290 710 3373 ut
741 3280 865 3371 fertur,
899 3283 1047 3381 egregie
1075 3281 1205 3383 proluit

132 3387 361 3462 stimulantis
377 3386 537 3461 remedia
553 3413 676 3487 neque
691 3394 856 3490 partibus
874 3393 966 3467 male
982 3394 1123 3469 affectis
1150 3392 1205 3467 ad·

131 3519 291 3586 movere,
308 3523 430 3597 neque
442 3501 494 3573 ita
510 3501 681 3576 adhibere
700 3516 742 3579 ut
760 3516 882 3580 totum
899 3530 1031 3604 eorpus
1060 3507 1135 3580 fere
1150 3529 1204 3604 pa·

132 3607 221 3680 riter
237 3610 433 3699 afficerent,
460 3611 524 3685 sed
540 3615 666 3688 eadem
684 3642 798 3716 prope
814 3619 995 3716 originem
1011 3639 1204 3693 nervorum

132 3719 293 3816 partium
307 3719 551 3799 laborantium
562 3726 768 3816 admovere,
786 3730 902 3805 veluti
915 3731 1048 3804 cervici
1065 3743 1103 3805 et
1116 3734 1205 3805 inter

129 3830 292 3929 scapulas
309 3856 393 3906 curn
412 3835 556 3910 brachia
573 3838 669 3912 male
693 3864 731 3913 se
748 3841 895 3930 liabent,
919 3854 986 3915 aut
1010 3841 1148 3918 lumbis
1170 3848 1203 3913 et

129 3944 199 4015 ossi
227 3967 326 4018 sacro
350 3969 437 4019 eum
463 3972 567 4022 crura
595 3950 655 4024 vel
671 3953 790 4026 vesica
818 3954 1039 4028 afficiuntur.
1092 3956 1202 4029 Inter·

129 4052 221 4130 dum
239 4080 400 4155 quoque,
425 4068 471 4135 ut
487 4061 602 4139 clarus
619 4072 745 4138 auctor
774 4073 940 4156 testatur,
969 4089 1058 4142 eum
1074 4067 1202 4144 vitium
