2678 4794
206 264 279 334 trs
614 273 864 332 consmcrns
1064 271 1155 327 csr.
1171 271 1298 329 xxx1.

210 461 268 531 tot
299 451 379 552 jam
403 452 536 527 tradita
569 464 667 540 sunt,
704 451 800 525 inter
836 447 1000 524 sedantia
1028 447 1194 522 remedia
1218 470 1298 525 non

211 566 397 640 immerito
411 565 585 639 recenseri
601 574 733 662 potest,
759 573 891 661 utpote
906 562 973 660 qui
999 561 1098 636 haud
1115 585 1203 635 raro
1220 587 1298 636 mo-

213 686 275 753 tus
291 677 466 764 minuere,
491 684 604 773 atque
627 674 818 749 abnormes
846 674 1051 772 reprimere,
1085 681 1126 746 et
1150 672 1296 749 dolores

212 790 344 888 sopire,
361 800 399 864 et
423 787 603 862 sentiendi
628 786 838 861 facultatem
855 784 1037 873 hebetare,
1066 795 1106 859 et
1123 808 1293 884 soporem

214 900 367 976 demum
386 901 568 985 inducere,
587 899 765 996 (cccrum)
782 897 1003 972 observetur.

263 1032 400 1087 mecm.
427 1011 657 1109 Hujusmodi
686 1034 773 1084 vero
802 1008 926 1083 caloris
954 1009 1107 1084 effectus
1126 1032 1205 1084 non
1222 1011 1292 1110 pri·

211 1146 283 1197 mae
298 1131 411 1220 atque
439 1121 595 1221 simplici
622 1122 700 1219 ejus
716 1123 756 1195 in
773 1145 921 1220 corpore
935 1120 1070 1195 actioni
1087 1120 1193 1220 (quoe
1208 1145 1291 1197 sane

210 1232 321 1332 longe
336 1234 405 1307 alia
421 1243 460 1307 et
477 1256 572 1332 pene
589 1235 767 1308 contraria
790 1256 866 1307 esse
881 1233 1054 1332 videtur),
1080 1230 1207 1332 neque
1230 1258 1290 1308 ex·

209 1346 326 1419 cessui
352 1346 489 1419 virium
517 1344 596 1441 ejus
625 1343 894 1419 stimulantium
913 1345 1088 1442 (Mcmx),
1116 1355 1208 1421 sunt
1229 1346 1288 1419 tri·

209 1454 371 1542 buendi;
415 1455 706 1531 manifestissime
730 1456 828 1530 enim
853 1456 1016 1556 pendent
1040 1481 1063 1529 a
1086 1456 1129 1529 vi
1153 1457 1235 1556 ejus
1255 1481 1288 1532 e·

209 1568 400 1643 molliente
425 1578 463 1643 et
487 1568 682 1655 relaxante,
717 1593 791 1667 qua
828 1568 955 1642 solutis
996 1567 1179 1666 imprimis
1208 1578 1288 1645 cute

209 1681 450 1780 partibusque
474 1681 645 1766 extemis,
669 1703 796 1753 omnes
820 1678 895 1753 fere
920 1680 1080 1778 corporis
1104 1690 1239 1780 partes,
1252 1692 1288 1756 et

210 1794 413 1892 praesertim
429 1791 530 1866 fibrae
554 1786 779 1879 musculosa,
805 1815 890 1866 cum
917 1791 1115 1891 grandium
1144 1792 1287 1869 lacerto

210 1928 306 1988 rum,
332 1913 411 1976 tum
430 1926 580 2000 quoque
604 1903 721 1978 cordis
748 1913 786 1977 et
808 1904 1032 1991 arteriarum,
1056 1903 1286 2005 aliquantum

208 2012 405 2086 solvuntur
420 2022 459 2086 et
475 2012 737 2100 debilitantur;
774 2015 875 2090 unde
895 2017 1017 2091 minor
1032 2017 1199 2116 impetus
1214 2042 1285 2094 san·

207 2123 333 2221 guinis
357 2148 423 2222 per
451 2134 576 2198 totum
605 2148 747 2225 corpus,
771 2127 930 2226 ideoque
944 2152 1010 2227 per
1025 2129 1230 2218 cerebrum,
1251 2140 1286 2204 et

208 2235 267 2308 vis
296 2235 433 2309 cerebri
460 2260 736 2336 nervorumque
762 2238 926 2313 multum
943 2240 1155 2330 imminuta,
1181 2244 1285 2317 inter·

209 2345 300 2420 dum
327 2347 375 2421 ad
400 2373 584 2424 summam
601 2350 839 2438 debilitatem,
862 2351 922 2426 vel
938 2351 1089 2428 fortasse
1113 2355 1163 2428 ad
1178 2354 1285 2430 animi

208 2457 463 2537 defectionem.
532 2462 636 2538 Hinc
663 2462 833 2538 facillime
861 2463 1102 2566 intelligetur,
1135 2466 1284 2542 calorem

207 2595 276 2671 pro
305 2573 454 2650 sedante
483 2576 645 2650 remedio
662 2586 745 2666 tum
762 2578 925 2650 maxime
940 2600 1018 2652 esse
1042 2578 1284 2676 profuturum,

208 2707 294 2757 cum
312 2684 364 2759 ita
380 2687 520 2785 regitur
536 2697 581 2762 ut
598 2686 698 2762 hunc
714 2688 961 2763 emollientem
975 2698 1014 2763 et
1024 2689 1230 2767 solventem
1239 2688 1284 2766 ef·

207 2792 348 2868 fectum
366 2821 479 2894 quam
497 2800 695 2873 certissime
707 2811 872 2897 praestet;
889 2800 1008 2875 veluti
1024 2802 1056 2876 si
1072 2826 1147 2878 una
1156 2827 1286 2878 cuma·

207 2901 266 2977 liis
282 2907 451 2981 remediis
467 2910 738 2984 emollientibus
764 2913 961 3002 (Muxvrn,
979 2921 1168 3011 sruxxur)
1183 2912 1285 2988 adhi-

207 3013 328 3101 betur,
352 3018 475 3115 qualia
491 3029 579 3094 sunt
595 3046 689 3118 aqua
705 3023 839 3120 tepida,
865 3027 925 3099 vel
941 3048 1091 3125 vapores
1104 3049 1212 3124 aquoe
1228 3049 1284 3099 ca-

205 3123 301 3213 lidae,
327 3126 386 3202 vel
403 3131 502 3203 varia
518 3129 694 3221 fomenta,
724 3158 810 3232 quae
826 3137 864 3209 in
884 3136 1052 3237 plurimis
1068 3136 1205 3213 morbis
1221 3138 1283 3214 ubi

203 3237 353 3315 sedante
381 3241 551 3316 remedio
572 3243 679 3343 plane
707 3270 800 3344 opus
816 3259 903 3337 erat,
929 3248 1047 3325 veluti
1064 3252 1103 3326 in
1120 3250 1280 3325 febribus

205 3350 267 3423 vel
282 3376 366 3427 cum
383 3352 444 3427 vel
459 3355 539 3428 sine
554 3355 694 3444 delirio,
722 3373 761 3433 et
776 3359 1141 3451 inflammationibus,
1170 3372 1209 3436 et
1231 3362 1281 3435 in·

203 3462 313 3548 rania,
344 3473 383 3538 et
406 3466 704 3545 convulsionibus
732 3471 929 3560 nonnullis,
961 3497 1058 3574 saepe
1090 3473 1280 3549 utilissima

204 3568 358 3646 fuerunt
373 3587 525 3674 reperta.

252 3703 409 3760 saecun.
448 3688 576 3778 Porro,
610 3694 779 3770 nonnulli
816 3695 930 3772 animi
964 3696 1132 3787 affectus,
1160 3694 1279 3797 quales

201 3791 337 3869 scilicet
353 3797 600 3897 deprimentes
616 3832 637 3879 a
655 3808 804 3883 medicis
820 3809 910 3883 dicti
935 3821 1033 3899 sunt,
1056 3810 1179 3888 veluti
1197 3830 1279 3883 moe·

198 3929 270 3995 ror,
299 3916 431 3999 metus,
459 3916 623 3991 anxietas
639 3929 705 3993 aut
730 3919 936 3995 sollicitudo
951 3924 1085 4021 gravis,
1102 3925 1144 3998 vi
1160 3921 1277 3998 sedau-

198 4023 237 4090 te
255 4027 332 4093 tam
361 4023 551 4101 manifesta
567 4038 720 4130 tamque
736 4032 872 4132 insigni
887 4033 1040 4133 pollent,
1069 4048 1116 4112 ut
1131 4034 1275 4111 minime

195 4126 444 4211 dubitandum
464 4136 513 4211 sit
541 4162 602 4216 eos
630 4166 782 4243 quoque
797 4169 866 4245 pro
883 4146 1109 4239 sedurtibus,
1138 4172 1214 4226 non
1229 4165 1272 4221 se
