2678 4794
123 378 211 434 car.
227 373 374 429 xxxvr.
426 370 647 426 nnmerum
667 371 956 427 rnuousrrcsr.
1130 359 1203 429 503

126 565 241 628 tatem
270 551 430 648 aliasque
455 573 588 637 causas,
614 550 798 648 graviores
828 549 1098 624 exinanitiones
1127 573 1202 626 non

124 667 265 764 possint
281 662 443 749 tolerare,
468 672 508 736 et
535 672 660 736 tamen
689 663 830 761 aliquid
860 664 1120 738 exinanitionis
1148 686 1203 737 re-

125 780 284 876 quirant.
350 775 447 849 Haec
475 775 600 847 omnia
627 799 715 849 vero
742 777 867 849 minus
896 775 1002 849 firma
1030 788 1139 861 sunt3
1166 785 1204 850 et

124 890 294 987 quamvis
310 887 471 960 minime
481 885 640 961 dubium
658 887 705 961 sit
722 887 839 962 febres
855 887 1054 986 aliquando
1081 899 1119 962 et
1148 888 1204 961 in·

124 1001 405 1078 flammationes
430 998 580 1072 fortasse
596 1009 634 1071 et
649 999 738 1073 alios
758 1000 936 1098 quosdam
954 1001 1100 1074 morbos
1116 1022 1203 1074 cum

124 1113 273 1187 insolito
290 1110 407 1184 urinae
423 1107 532 1184 fluxu
550 1109 665 1195 solvi;
690 1124 815 1186 tamen
833 1113 986 1186 minime
995 1123 1139 1187 sertum
1149 1121 1205 1186 est

125 1227 226 1299 hunc
242 1248 319 1297 esse
337 1246 482 1297 eausam
500 1221 612 1294 soluti
642 1224 771 1309 morbi,
796 1226 900 1323 eujus
927 1250 1024 1324 saepe
1052 1225 1206 1300 effectus

126 1337 251 1434 potius
262 1360 338 1408 esse
349 1333 509 1420 videtur,
526 1343 564 1405 et
577 1334 702 1407 minus
714 1335 836 1410 adhuc
848 1350 989 1413 constat
999 1362 1090 1413 num
1105 1361 1206 1436 mag·

126 1472 197 1521 uus
227 1448 344 1521 urinae
369 1446 495 1520 fluxus
521 1455 600 1520 arte
626 1447 809 1521 excitatus
838 1448 974 1522 similes
1002 1452 1042 1524 in
1071 1449 1206 1524 talibus

127 1560 264 1632 morbis
280 1559 455 1632 salutares
472 1557 626 1633 effectus
643 1583 810 1656 unquam
829 1561 1049 1658 praestiterit.

178 1693 429 1745 ruccccnvnr.
449 1670 724 1744 Medicamenta
735 1671 905 1768 quaedam
917 1673 1014 1745 inter
1024 1671 1209 1747 discretim

125 1784 311 1870 recensita,
336 1781 456 1857 veluti
484 1781 664 1857 diluentis
696 1783 846 1874 (scilicet
876 1810 962 1883 quae
990 1786 1134 1859 urinam
1165 1784 1209 1858 si-

77 1978 79 1982 Α
126 1894 202 1969 mul
221 1896 459 1991 copiosiorem
491 1905 530 1968 et
554 1895 740 1969 mitiorem
767 1894 933 1994 faciunt),
958 1895 1058 1971 haud
1075 1921 1209 1996 parum

125 2029 222 2102 saepe
239 2017 394 2102 prosunt
419 2005 458 2076 in
484 2007 593 2079 variis
620 2008 885 2082 irritationibus
911 2019 977 2082 aut
1002 2009 1103 2083 vitiis
1133 2010 1209 2082 via-

126 2140 211 2191 rum
231 2140 295 2213 per
311 2140 403 2213 quas
420 2117 526 2189 urina
542 2119 691 2202 transit3
718 2120 838 2193 veluti
854 2147 876 2194 a
891 2121 1039 2208 calculo,
1064 2121 1208 2195 inflam-

127 2230 300 2314 matione,
327 2226 458 2311 ulcere,
486 2228 714 2324 gonorrlroea
741 2229 943 2317 virulenta,
968 2233 1116 2307 defectu
1142 2242 1208 2308 aut

126 2341 340 2415 conditione
357 2339 526 2412 morbosa
543 2339 644 2413 muci
661 2340 846 2414 naturalis.
898 2343 1129 2439 Hujusmodi
1148 2369 1208 2419 ve-

129 2479 170 2526 ro
187 2452 409 2525 beneficium
427 2451 567 2524 viribus
584 2476 713 2526 eorum
738 2451 1027 2528 demulcentibus
1044 2457 1209 2553 (arcccr),

129 2565 253 2662 potius
271 2588 385 2661 quarn
401 2561 596 2638 diureticis
614 2566 894 2664 (urccccxux),
920 2564 1029 2663 plane
1045 2566 1207 2640 tribuen-

127 2677 220 2749 dum
239 2688 304 2749 est.

180 2805 398 2863 Mccccmx.
416 2789 600 2876 Quamvis
611 2788 797 2863 discretim
815 2791 928 2864 rarius
945 2790 997 2863 ita
1013 2789 1149 2863 dentur
1166 2798 1209 2863 ut

127 2901 270 2998 corpori
289 2899 452 2974 multum
469 2911 636 2988 nooeant,
663 2911 786 2975 tamen
805 2903 890 2976 satis
903 2902 1136 3002 perspicuum
1155 2910 1210 2975 est

129 3013 325 3112 prudentia
341 3012 465 3110 aliqua
482 3011 521 3106 in
539 3037 666 3086 eorum
681 3013 996 3088 administratione
1012 3039 1105 3113 opus
1122 3036 1209 3100 esse,
1285 3031 1292 3038 '

128 3126 265 3199 scilicet
282 3149 443 3221 quorum
473 3124 608 3198 abusus
627 3126 724 3198 haud
742 3151 872 3225 parum
891 3125 1115 3224 periculosus
1132 3148 1209 3199 esse

130 3237 276 3335 poterit,
295 3246 338 3308 ut
354 3235 523 3309 nonnulli
535 3236 617 3335 plus
628 3238 714 3310 satis
728 3240 872 3335 experti
889 3250 987 3324 sunt,
1005 3239 1082 3312 sive
1099 3237 1209 3310 nimis

130 3349 225 3421 acria
257 3347 343 3419 data
375 3347 524 3433 fuerint,
563 3350 640 3421 sive
669 3351 778 3424 nimis
806 3349 1015 3447 frequenter
1044 3348 1209 3446 repetita.

133 3461 194 3536 Sic
212 3460 307 3532 enirn
328 3469 448 3532 totum
468 3483 599 3556 corpus
616 3461 723 3534 valde
740 3460 958 3545 infirmatur,
976 3470 1014 3534 et
1026 3483 1130 3533 renes
1142 3460 1211 3533 im·
1257 3519 1259 3524 .

85 3609 88 3616 =
130 3574 262 3672 primis
279 3572 332 3643 ita
348 3569 544 3656 laeduntur,
565 3581 610 3645 ut
627 3571 686 3644 vel
704 3572 840 3671 torpidi
857 3572 944 3646 faeti
961 3596 1058 3671 aegre
1074 3559 1113 3645 in
1130 3593 1212 3669 pos-

132 3698 253 3759 terum
272 3682 318 3755 ad
336 3706 445 3755 suum
467 3704 602 3754 munus
620 3680 775 3771 valeant,
800 3682 871 3771 vel,
899 3694 941 3758 ut
957 3682 1126 3758 nonnulli
1143 3707 1211 3780 pu·

132 3807 225 3882 tant,
263 3794 375 3867 laxati
405 3806 444 3867 et
473 3792 595 3878 soluti,
620 3794 781 3867 nimium
808 3794 983 3885 humoris,
1009 3796 1162 3894 ejusque
1190 3817 1213 3866 a

134 3933 219 3981 sana
231 3907 334 3980 urina
345 3903 456 4002 longe
467 3893 612 3992 diversi,
630 3918 849 3993 excemant;
876 3908 973 4006 quod
986 3904 1072 3980 mali
1082 3927 1212 4004 genus,

131 4019 296 4093 <liabetur
306 4018 447 4092 dietum
463 4024 720 4112 (oecxxmv),
737 4017 1035 4093 molestissimum
1050 4015 1212 4114 aliquan-

132 4132 183 4206 do
207 4131 398 4230 reperitur,
424 4140 462 4205 et
489 4141 616 4204 sanatu
641 4127 913 4205 difficillimum.
966 4129 1038 4204 Sed
1068 4130 1115 4203 de
1143 4129 1213 4204 hoe
