2694 4792
128 373 201 447 474
546 377 800 438 oonsrncros
964 377 1060 435 ose.
1079 377 1225 449 xxxiv.

128 568 297 641 cemento
312 583 360 636 ex
376 583 422 634 eo
437 565 562 658 perata
589 559 630 631 in
653 581 724 632 usu
753 554 976 655 quotidiano
1006 567 1114 644 sunt,
1139 583 1225 657 qne

129 677 399 760 existimantur,
424 672 462 746 in
480 671 608 746 multis
625 669 755 746 saltem
773 668 919 755 morbis,
943 669 1125 745 omnibus
1142 669 1222 745 aliis

127 788 337 864 vomitoriis
348 785 452 860 facile
468 793 648 884 praestare.
699 783 764 858 De
780 780 937 881 singuiis
954 793 1079 856 autem
1089 783 1221 863 ,medi-

130 901 307 977 camentis
323 922 371 973 ex
387 896 589 977 ontimonio
605 896 740 996 paratis
764 895 824 968 hic
840 893 955 968 verba
967 890 1084 969 heere
1101 897 1219 970 mini·

132 1038 193 1088 me
207 1037 301 1112 opus
322 1021 399 1086 est:
425 1010 598 1085 omnibus
626 1010 728 1083 enim
757 1006 894 1082 similes
924 1006 1129 1096 facultates,
1155 1009 1217 1084 his

130 1136 279 1201 tantum
297 1125 470 1211 mitiores,
496 1121 567 1198 illis
583 1121 787 1210 validiores,
812 1129 993 1196 constant.

182 1260 474 1317 noconxxxrn.
515 1236 620 1334 Saepe
646 1235 745 1309 inter
773 1232 935 1307 medicos
963 1235 1211 1309 controversia

130 1352 215 1438 fuit,
237 1350 453 1449 hujusmodi
471 1349 679 1442 (necomx,
697 1354 948 1445 moocnxxrv)
965 1346 1210 1421 medioamen·

130 1471 179 1551 ta,
204 1487 298 1538 num
315 1464 354 1537 vi
371 1463 530 1563 quadam
547 1461 693 1563 speciali
718 1485 790 1559 qua
819 1461 858 1534 in
874 1458 1090 1534 ventriculo
1106 1459 1209 1560 polle·

130 1576 232 1665 bunt,
257 1599 349 1650 num
380 1576 532 1652 stimulo
561 1600 628 1651 suo
653 1573 814 1674 generali
831 1573 897 1672 qui
914 1571 1131 1648 ventriculo
1145 1573 1208 1673 pri·

131 1712 237 1763 mum
255 1689 427 1764 admotus
439 1690 541 1763 huno
552 1689 714 1762 maxime
726 1685 918 1773 afficiebat,
935 1686 1132 1760 vomitum
1146 1686 1207 1760 uie·

131 1810 223 1876 rent.
274 1800 410 1874 Omnia
425 1801 511 1887 fere,
537 1810 581 1874 ut
598 1824 646 1873 ex
663 1823 793 1874 eorum
817 1798 1105 1873 enumeratione
1131 1797 1208 1872 satis

129 1914 363 2012 perspicuum
382 1921 448 1998 est,
473 1910 744 1987 medicamenta
759 1934 845 1988 vere
861 1910 1101 1986 stimulentia
1117 1919 1207 1997 suut,

129 2023 323 2123 multaque
339 2048 386 2097 ex
403 2023 448 2097 iis
464 2022 550 2098 alias
567 2025 725 2123 eorporis
742 2033 862 2125 partes
877 2032 1018 2121 praeter
1030 2022 1205 2098 ventricu-

128 2133 209 2209 lum
236 2135 322 2210 satis
351 2135 545 2211 effiooeiter
573 2135 788 2224 stimulant3
824 2134 926 2235 quod
953 2135 1007 2209 de
1031 2134 1206 2210 intestinis

128 2245 311 2346 imprimis
324 2273 454 2324 verum
469 2259 507 2323 et
519 2248 681 2324 notabile
693 2262 760 2338 est,
774 2250 826 2324 ita
840 2256 884 2322 ut
897 2248 1027 2323 omnia
1038 2246 1205 2321 validiora

128 2360 397 2436 medicamenta
413 2362 609 2438 vomitorio
625 2386 737 2462 parva
752 2361 962 2462 quantitate
980 2360 1082 2448 data,
1100 2358 1205 2460 qualis

129 2470 380 2549 ventriculum
398 2473 444 2547 ad
466 2473 680 2549 abnormem
697 2482 736 2548 et
753 2475 940 2549 inversum
970 2483 1124 2548 motum
1149 2469 1205 2572 qui

128 2585 333 2684 eaejioeret
349 2584 537 2661 stimulare
552 2609 627 2662 non
645 2596 776 2685 posset,
802 2586 834 2661 si
859 2610 926 2685 per
954 2586 1102 2660 ostium
1128 2607 1204 2658 ven

129 2697 251 2771 triouli
268 2697 419 2773 inferius
437 2698 655 2787 transierint,
681 2708 719 2772 et
745 2697 929 2777 intestinis
955 2697 1113 2772 admota
1137 2696 1204 2770 fite·

128 2807 214 2895 rint,
240 2808 319 2884 haec
335 2836 487 2910 quoque
515 2810 679 2910 multum
706 2809 908 2895 stimulent,
931 2818 975 2883 et
1001 2807 1104 2884 haud
1130 2831 1205 2881 raro

129 2920 389 2997 vehementem
407 2923 479 2997 alvi
496 2924 754 3024 purgatione·
784 2921 958 2996 efficiant„
1011 2921 1078 3007 Sir,
1104 2917 1205 2991 verbi

128 3034 255 3130 gratia,
273 3032 392 3109 multa
405 3036 670 3111 medicamenta
686 3060 734 3109 ex
751 3032 958 3109 antimonio
968 3043 1033 3108 aut
1043 3029 1205 3130 hydrar-

123 3167 228 3244 gyro
243 3154 377 3243 parata,
404 3157 443 3219 et
459 3145 725 3245 ipecocuanho,
750 3146 922 3247 quamvis
948 3144 1087 3220 merito
1113 3145 1206 3218 inter

128 3257 324 3332 vomitorio
338 3270 604 3347 recenseantur,
631 3271 754 3334 tamen
778 3259 832 3334 ita
858 3257 1029 3332 adhiberi
1047 3267 1205 3357 possunt,

128 3381 175 3444 ut
207 3371 352 3447 nullum
380 3372 566 3445 vomitum
597 3382 781 3459 moveant,
817 3380 857 3444 et
886 3369 985 3444 bona
1011 3369 1206 3445 oathartioe

127 3481 230 3557 flant.
281 3485 431 3558 Horum
449 3508 600 3583 quoque
610 3483 798 3571 nonnulla,
815 3493 853 3559 et
865 3483 979 3557 etiam
992 3481 1079 3570 alio,
1094 3479 1205 3556 veluti

128 3593 238 3680 soilln,
264 3597 294 3669 si
323 3597 465 3670 minore
489 3597 610 3672 adhue
632 3598 737 3698 oopia
753 3606 901 3696 sumpta
915 3593 1074 3682 fuerint,
1098 3615 1205 3692 quam

127 3703 188 3779 vel
205 3708 390 3782 vomitum
408 3709 468 3784 vel
493 3709 565 3784 alvi
590 3710 849 3810 purgationem
865 3707 952 3782 cieri
969 3708 1102 3805 possit,
1126 3704 1206 3779 alias

127 3844 224 3918 saepe
255 3832 376 3919 partes
409 3823 612 3910 stimulant,
647 3822 808 3921 aliasque
840 3820 891 3895 sic
923 3818 1206 3900 exinanitiones,

12 3980 15 3986 -
127 3933 246 4008 veluti
264 3934 389 4022 urinae,
406 3946 472 4010 aut
488 3937 638 4022 sudoris,
656 3947 722 4010 aut
733 3934 866 4020 salivae,
883 3929 1066 4006 efficiunt.
1107 3931 1206 4027 Saepe

124 4046 238 4119 etiam
256 4046 568 4122 medicamentum
585 4048 825 4122 vomitorium
843 4044 954 4118 nimis
969 4041 1157 4129 validum,
1172 4047 1206 4113 et

125 4156 309 4232 vomitum
328 4167 367 4234 et
382 4159 507 4232 alvum
524 4162 618 4235 ciet:
644 4170 683 4235 et
699 4160 778 4259 pari
794 4159 868 4232 fere
884 4157 1041 4244 ratione,
1071 4153 1205 4229 eathm-

124 4269 241 4345 ticum
258 4271 368 4349 nimis
383 4296 465 4349 acre
479 4274 723 4351 vomitionem
748 4295 824 4350 nna
850 4293 940 4349 cum
965 4266 1046 4346 alvi
1073 4288 1204 4370 pum·
