2678 4794
125 317 200 393 564
540 319 794 383 consracrus
1025 316 1217 375 camna

126 510 383 595 detractiones,
407 514 447 582 et
463 504 575 581 nmul
590 501 699 579 valde
714 495 872 575 infirmis
886 502 927 572 et
941 493 1137 571 exhaustis
1153 520 1216 595 op-

129 626 223 701 tirne
239 621 477 707 oonveniunt,
502 617 570 717 qui
594 612 784 715 sanguinis
813 609 1084 686 detractionem
1112 607 1217 683 nullo

129 736 245 814 modo
260 733 413 808 tolerare
429 729 645 830 potuissent.

181 868 310 922 arnor.
336 844 440 918 Olim
467 841 568 942 apud
592 839 755 914 medicos
779 828 906 936 opinio
921 835 995 911 fuit
1013 824 1215 933 (siquidem

130 960 179 1034 de
208 957 274 1033 tali
302 981 342 1031 re
365 955 519 1030 omnino
542 952 684 1052 opinati
700 950 866 1050 fuerint),
890 972 1024 1048 pmun
1040 947 1216 1021 interesse

129 1071 285 1146 ubinam
313 1068 471 1168 corporis
495 1062 719 1143 vesicam
747 1061 1048 1161 imponerentur3
1074 1060 1216 1158 experi-

131 1183 232 1257 entia
248 1206 336 1257 vero
345 1180 427 1279 jam
444 1180 530 1254 satis
554 1176 833 1262 demonstravit,
857 1198 910 1262 ea,
934 1195 1013 1247 non
1041 1195 1149 1247 secus
1176 1196 1215 1247 ac

130 1293 320 1392 sanguinis
336 1292 603 1367 detractionem
632 1313 699 1388 per
713 1285 903 1362 hirudines
918 1296 987 1360 aut
1002 1283 1213 1359 cucurbitu-

130 1404 192 1492 las,
215 1413 300 1479 turn
318 1404 492 1493 maxime,
508 1403 569 1478 vel
586 1401 707 1478 solum
722 1397 909 1487 fortasses
899 1422 940 1473 ru
955 1394 1215 1494 inflammatio·

130 1516 240 1591 nibus
257 1517 439 1616 prodesse,
464 1540 553 1592 cum
569 1538 680 1615 super
696 1521 840 1613 partem
855 1509 1142 1598 inflammatam,
1157 1505 1214 1583 vel

130 1628 219 1704 huic
235 1652 349 1728 quam
366 1623 547 1729 proxime,
571 1629 828 1727 imponuntur.
878 1624 1018 1722 Neque
1035 1646 1123 1707 sane
1138 1645 1214 1696 ver·

130 1740 188 1818 bis
212 1765 306 1842 opus
331 1753 397 1830 est,
424 1750 469 1816 ut
484 1739 742 1839 unnsquisque
758 1737 872 1836 probe
887 1736 1086 1835 perspiciat
1101 1758 1214 1833 quan·

131 1861 216 1929 tum
245 1854 498 1929 similitudinis
515 1862 554 1926 et
570 1850 838 1926 convenientiae
854 1849 903 1925 sit
919 1850 1019 1923 inter
1033 1846 1113 1923 hac
1128 1848 1213 1922 bina

130 1964 378 2039 remediorum
394 1985 537 2061 genera

173 2070 323 2148 'nuova
342 2073 430 2148 Non
440 2081 566 2147 tamen
580 2070 889 2147 dissimulandum
908 2080 974 2159 est,
993 2070 1214 2149 vaeanria

128 2207 224 2284 soepe
240 2209 306 2285 per
322 2209 434 2260 suum
451 2185 648 2260 stimulum
664 2193 791 2259 toturn
815 2207 948 2283 corpus
976 2184 1212 2284 aliquantum

128 2297 299 2385 excitare,
323 2297 529 2397 pulsusque
557 2297 741 2396 imprimis
769 2296 951 2383 festinare,
976 2297 1084 2395 quod
1111 2296 1212 2396 gravi

129 2409 424 2498 inflammationi,
437 2410 587 2486 fortasse
599 2434 684 2485 curn
698 2409 920 2484 vehemente
931 2408 1046 2497 febre,
1063 2408 1210 2483 omnino

128 2521 292 2598 alienum
310 2524 481 2611 videtur3
507 2522 699 2598 sublevata
722 2546 810 2598 vero
837 2521 1135 2598 inflammatione
1161 2521 1209 2596 fe·

128 2634 233 2710 brem
250 2637 368 2736 ipsam
385 2635 489 2711 brevi
501 2636 704 2712 minuunt:
730 2636 816 2710 hinc
828 2647 953 2710 autem
966 2634 1023 2723 fit,
1041 2648 1086 2710 ut
1102 2657 1210 2710 omne

129 2770 256 2823 eorum
273 2748 495 2824 heneficium
524 2772 600 2824 non
629 2773 773 2848 semper
788 2747 890 2848 prius
906 2749 1145 2847 perspicuum
1161 2747 1211 2821 sit

128 2883 241 2956 quarn
256 2860 333 2959 ipsa
345 2861 487 2937 sublata
496 2861 635 2937 fuerint
635 2884 860 2960 eorumque
868 2860 1028 2935 irritatio
1040 2860 1185 2934 desierit
1194 2886 1207 2944 ι

128 2978 167 3044 at
184 2981 227 3046 ut
245 2996 514 3072 nonnunquam
532 2976 653 3072 primo
670 2997 800 3047 nocere
811 2973 1023 3062 videantur,
1040 2970 1207 3071 quamvis

127 3092 211 3181 post
227 3083 370 3181 aliquot
386 3085 492 3158 horas
508 3084 704 3159 utilissima
720 3085 856 3160 futura

177 3215 337 3270 nancvra
363 3194 519 3270 Constat
534 3196 898 3298 quoquefhnticnloa
920 3197 1125 3286 interdum,
1150 3193 1206 3270 vel

126 3315 283 3397 edoceo,
306 3308 480 3384 adversus
504 3306 813 3385 inflammationes
839 3308 1021 3410 quasdam
1045 3318 1206 3386 vetustas

97 3437 99 3442 ’
126 3427 166 3492 et
191 3419 411 3497 inveteratas
439 3419 539 3494 haud
560 3445 693 3519 pamm
709 3420 877 3504 valuisse.
927 3421 1042 3496 Patet
1058 3440 1207 3522 quoque

125 3537 308 3606 setaceatnr
335 3557 407 3631 pus
434 3556 483 3606 ex
509 3532 675 3608 abscessu
691 3533 864 3608 facillime
892 3543 932 3608 et
959 3533 1206 3610 efficacissime

125 3665 203 3716 esse
218 3640 453 3732 educturum,
478 3643 509 3719 si
525 3645 638 3719 modo
654 3670 740 3720 acus
759 3646 938 3721 vomicam
957 3644 1203 3745 perforaverit,

125 3753 294 3828 similiter
309 3777 351 3828 ac
366 3780 500 3854 aquarn
534 3780 583 3832 ex
612 3757 782 3832 testiculo
808 3758 1012 3858 hydropico
1028 3757 1203 3834 detrahat

125 3866 300 3942 Creditur
311 3875 437 3943 autem
450 3893 520 3968 pus
530 3869 717 3951 interdurn
730 3894 796 3970 per
797 3869 1021 3970 silunculos,
1039 3872 1103 3946 vel
1112 3876 1204 3947 scta·

123 4000 199 4066 cea,
224 4003 273 4054 ex
289 3980 443 4055 vomicis
458 3982 652 4080 profundis
671 3993 785 4083 atque
801 3985 953 4060 remotis
968 3983 1092 4072 educi,
1117 4003 1207 4083 quas

47 4183 49 4187 Ι
121 4089 185 4165 illa
201 4114 324 4189 neque
339 4091 558 4192 tetigissent,
575 4118 698 4195 neque
715 4104 865 4196 tangere
877 4096 1099 4195 potuissent,
1115 4115 1205 4194 pure

33 4305 51 4321 θ
121 4202 259 4281 scilicet
287 4228 336 4280 ex
364 4205 440 4283 suis
464 4205 688 4284 abscessibus
713 4216 916 4309 resumpto,
936 4207 1078 4309 *adque
1111 4228 1209 4284 nova
