2678 4794
77 316 166 373 car.
182 310 331 370 xxxrv.
380 307 603 366 usmcrrvar
622 277 911 369 ruscianos.
1075 299 1170 377 47³1v

71 492 169 568 scuri
186 501 225 567 et
240 486 441 587 explanata
467 485 657 575 difficiles;
682 511 812 564 omnes
841 497 969 563 autem
996 488 1088 564 scire
1115 513 1154 564 o-

71 613 197 704 portet
212 600 383 701 quamvis
398 600 491 674 ratio
507 625 584 698 qua
599 599 699 676 fiunt
710 599 771 675 vel
788 624 937 699 prorsus
953 598 1076 690 lateat,
1090 600 1155 676 vel

72 741 204 817 parum
217 723 384 795 amunte
395 711 648 813 intelligatur;
671 713 851 788 nimirum
865 713 1034 812 quiahoc
1045 712 1155 813 plane

69 827 316 905 fundamento
331 825 467 900 nititur
483 848 613 900 eorum
641 826 682 900 in
711 825 850 900 morbis
866 825 1066 902 tractandis
1091 823 1155 900 ad·

70 939 303 1015 ministratis.
677 967 681 975 ·

120 1070 424 1128 mcccrxxxvrr.
442 1045 633 1147 Imprimis
649 1047 767 1148 igitur
782 1050 1021 1150 perspicuum
1038 1060 1095 1126 est
1110 1074 1154 1126 ea

70 1162 318 1239 ventriculum
348 1161 543 1236 efficaciter
571 1172 610 1237 et
639 1163 764 1237 subito
787 1163 988 1239 exinanire.
1048 1163 1154 1238 Hinc

68 1275 181 1376 plane
197 1273 303 1349 utilia
319 1297 396 1347 esse
413 1272 551 1348 debent
579 1273 704 1372 siquid
730 1277 913 1362 venenati,
944 1273 1003 1350 vel
1019 1273 1154 1349 insalu-

69 1388 145 1464 bris
161 1385 302 1473 saltem,
326 1386 365 1459 in
383 1408 473 1460 eum
488 1395 680 1484 receptum
697 1384 821 1473 fuerit,
845 1386 906 1461 vel
922 1386 953 1461 si
969 1387 1155 1462 ventricua

68 1498 130 1574 lus
146 1500 225 1598 ipse
241 1497 314 1572 οἱδὶ
330 1496 494 1599 corrupti
510 1521 621 1572 onere
636 1509 812 1597 gravatus
826 1507 942 1598 atque
958 1522 1153 1599 oppressus

67 1612 193 1699 fuerit,
211 1611 311 1709 quod
322 1635 418 1709 saepe
433 1610 577 1698 accidit,
594 1621 633 1685 et
649 1610 755 1686 facile
771 1610 1012 1711 dignoscitur,
1028 1612 1090 1686 vel
1105 1635 1155 1688 ex

68 1724 187 1800 causis
212 1723 505 1822 praecedentibus
530 1721 629 1811 mali,
653 1734 748 1823 puta
763 1722 913 1823 crapula
928 1722 1063 1822 aliqua,
1089 1733 1156 1799 aut

70 1836 153 1911 cibo
169 1836 296 1910 minus
312 1835 457 1922 idoneo,
475 1835 599 1910 velex
617 1836 732 1935 signis
748 1835 879 1912 multis
896 1845 935 1909 et
952 1834 1156 1910 manifestis

69 1948 266 2023 ventriculi
284 1945 379 2021 male
396 1972 434 2022 se
451 1947 631 2035 habentis,
653 1947 778 2047 qualia
794 1957 883 2023 suut
899 1946 1066 2023 desectus
1082 1946 1156 2021 cibi

67 2061 268 2160 appetitus,
297 2059 418 2134 multa
445 2060 536 2147 sitis,
553 2060 733 2157 *frequens
758 2071 897 2149 ructus,
923 2063 1002 2135 sive
1028 2059 1156 2135 acidus

67 2174 149 2247 sive
174 2172 356 2271 putridus,
382 2194 519 2245 nausea
534 2179 602 2245 aut
617 2173 784 2246 vomitus
799 2171 987 2258 naturalis,
1012 2170 1156 2248 inflatio

67 2298 108 2360 et
125 2285 228 2359 dolor
240 2281 449 2369 ventriculi,
466 2282 644 2369 anxietas,
656 2281 891 2379 inquietudo,
901 2283 1059 2379 vertigo,
1075 2308 1156 2380 gra·

67 2398 164 2473 vitas
179 2396 240 2473 vel
257 2396 361 2471 dolor
377 2395 519 2493 capitis,
543 2393 673 2493 lingua
702 2393 858 2479 sordida.
884 2416 1020 2490 pravus
1050 2417 1156 2490 sapor

67 2511 151 2599 oris,
169 2509 373 2607 praesertim
384 2531 505 2593 mane,
524 2509 588 2582 &a
604 2528 692 2603 quae
703 2505 828 2579 omnia
844 2504 885 2577 in
901 2502 1002 2577 febre
1018 2505 1155 2602 pariter

68 2621 271 2718 multisque
287 2619 367 2693 aliis
383 2619 522 2693 morbis
538 2619 676 2718 passim
692 2618 945 2692 observantur.

121 2753 430 2807 mcccrxxxvnr.
466 2731 699 2806 Promovent
731 2754 884 2830 quoque
914 2729 1154 2804 secretionem

67 2844 133 2920 vel
144 2842 292 2918 fluxum
308 2844 509 2919 humorum
522 2842 722 2919 ventriculi
734 2853 773 2918 et
786 2843 1058 2929 intestinorum,
1074 2865 1155 2940 par-

68 2957 241 3055 tiumque
269 2956 475 3032 vicinarum
500 2967 567 3032 aut
596 2955 899 3055 conspirantium,
924 2953 1044 3034 veluti
1072 2957 1156 3042 oris,
1211 2981 1213 2984 ’

67 3067 175 3166 cujus
192 3068 304 3144 saliva
316 3068 387 3144 sub
398 3070 645 3145 vomitionem
665 3070 889 3168 (ncrxxrn)
907 3067 1154 3168 copiosissime

68 3177 167 3266 fluit,
192 3180 251 3254 vel
261 3181 405 3278 jecoris,
430 3181 533 3256 uude
558 3206 655 3282 saepe
679 3183 777 3257 inter
794 3181 1034 3268 vomendum,
1059 3205 1150 3279 pra·-

69 3292 196 3366 sertim
214 3292 245 3365 si
262 3293 427 3368 vomitus
443 3293 644 3370 vehemens
661 3304 699 3368 et
719 3295 919 3369 diuturnus
949 3301 1014 3379 est,
1040 3291 1154 3389 piuri-

69 3427 179 3478 mum
195 3403 245 3478 fel
262 3404 417 3479 elicitur.
467 3405 572 3481 Hinc
593 3407 708 3505 igitur
724 3405 831 3482 utilia
846 3406 885 3479 in
903 3402 1048 3478 defectu
1067 3405 1154 3479 isto.

68 3539 155 3590 rum
184 3516 398 3604 humorum,
434 3516 552 3615 qualis
577 3516 767 3593 interdum
794 3518 965 3594 accidisse
993 3516 1154 3607 videtur,

67 3627 171 3703 unde
187 3629 258 3703 oris
275 3626 426 3716 siccitas,
452 3626 555 3702 tarda
579 3638 619 3702 et
647 3654 759 3728 prava
787 3631 860 3706 cibi
889 3630 1089 3719 concoctio,
1115 3641 1154 3704 et

65 3737 142 3815 alvi
159 3739 315 3825 duritia;
340 3738 402 3815 vel
418 3740 456 3815 in
475 3739 666 3816 obstructo
687 3741 783 3829 felle,
808 3743 910 3840 quod
926 3743 1082 3816 minime
1098 3767 1152 3815 ra·

67 3860 155 3928 rum
171 3854 308 3928 vitium
321 3862 388 3939 est,
405 3863 444 3928 et
457 3853 630 3929 morbum
646 3855 794 3953 regium
810 3853 907 3929 facit.
960 3855 1006 3929 In
1024 3854 1151 3951 hujus

68 3966 173 4039 modi
202 3965 308 4039 malis
333 3964 504 4066 prodesse
532 3967 719 4053 videntur,
745 3967 879 4065 partim
907 3965 1059 4042 stimulo
1087 3990 1156 4040 suo

66 4078 277 4152 ventriculo
292 4078 455 4165 admoto,
480 4102 620 4178 perque
634 4103 854 4155 consensum
872 4103 959 4156 cum
977 4076 1057 4152 aliis
1073 4104 1154 4177 par-

65 4190 168 4265 tibus
193 4189 478 4278 communicato,
503 4192 639 4289 partim
661 4191 880 4269 vehemente
896 4189 1099 4291 agitatione
1116 4199 1154 4264 et
