2678 4794
219 291 292 375 att
507 318 510 325 ·
623 311 876 370 corsrscrus
993 353 995 356 ι
1088 314 1175 372 ω.
1192 315 1300 373 xxrr.

218 513 332 566 causa
345 490 466 578 fuerit,
494 512 639 564 summa
654 488 780 562 mortis
796 486 959 562 celeritas
974 512 1126 567 omnem
1142 493 1300 570 morien·

223 603 264 676 di
280 629 425 679 sensum
441 601 548 699 plane
562 599 693 674 aufert.

272 735 465 792 ncccxcrr.
496 713 590 788 Satis
617 711 853 812 perspicuum
881 722 946 799 est,
970 711 1109 786 multos
1136 716 1301 801 morbos,

221 828 379 925 aliasque
394 824 522 898 mortis
546 848 680 914 causas,
704 823 890 922 insignem
913 822 1085 912 dolorem,
1109 832 1148 897 et
1164 825 1301 900 moles-

220 940 319 1025 tiam,
342 947 382 1010 et
408 936 634 1010 anxietatem
662 936 853 1022 faoessere;
878 936 995 1011 veluti
1019 937 1048 1010 si
1077 959 1211 1034 magna
1236 937 1302 1009 vis

215 1050 311 1146 parti
334 1048 507 1122 sentienti
531 1047 631 1123 illata
658 1049 781 1135 fuerit,
809 1059 875 1125 aut
891 1047 1130 1149 inflammatio
1154 1047 1298 1136 oborta,

217 1157 276 1231 vel
300 1158 472 1259 denique,
500 1161 532 1234 si
557 1162 717 1236 actiones
733 1158 866 1259 aliquae
890 1161 937 1235 ad
953 1162 1071 1234 vitam
1086 1160 1296 1234 necessaria

215 1270 405 1369 impeditae
435 1272 585 1362 luerint,
609 1269 712 1372 quod
736 1299 758 1347 a
782 1297 883 1347 mera
905 1272 1094 1347 debilitate
1118 1295 1216 1370 saepe
1240 1270 1294 1345 fit.

213 1381 351 1481 Neque
382 1385 546 1484 profecto
578 1398 635 1460 est
663 1386 888 1485 negandum,
922 1385 1060 1460 multos
1086 1385 1156 1458 hoc
1181 1382 1292 1458 modo

213 1508 375 1570 mortem
390 1498 539 1572 sibimet
566 1500 764 1572 instantem
791 1497 946 1584 scivisse,
975 1506 1013 1571 et
1037 1497 1153 1596 igitur
1169 1495 1291 1570 amicis

212 1616 253 1681 et
269 1610 472 1684 astantibus
488 1610 527 1682 in
544 1610 624 1709 ipso
641 1609 715 1682 fere
732 1609 861 1683 mortis
885 1607 1039 1683 articulo
1063 1609 1217 1684 comiter
1232 1633 1291 1684 va·

213 1718 393 1797 ledixisse.
443 1722 596 1820 Semper
611 1744 698 1793 vero
714 1721 892 1793 memoria
909 1721 1115 1795 tenendum
1144 1732 1210 1808 est,
1239 1729 1288 1794 ta·

214 1832 287 1906 lem
306 1833 501 1907 molestum
518 1855 662 1905 sensum
676 1831 773 1904 inter
783 1831 997 1920 vivendum,
1014 1856 1090 1906 non
1108 1834 1205 1908 inter
1218 1857 1289 1909 mo·

208 1945 395 2032 tiendum,
423 1943 556 2030 adesse,
586 1942 822 2041 eundemque
848 1943 922 2017 fere
938 1946 1040 2044 prius
1065 1945 1230 2019 desinere
1252 1956 1287 2018 et

211 2057 383 2156 extingui
400 2081 513 2155 quam
529 2057 692 2130 animam
708 2055 952 2131 moribundus
964 2056 1073 2131 efflet
1111 2057 1181 2131 Ad
1193 2081 1286 2132 sum·

210 2192 311 2241 mam
328 2169 457 2268 igitur,
473 2178 519 2242 ut
534 2168 694 2255 videtur,
718 2168 909 2255 morimur,
933 2192 1007 2242 non
1026 2193 1129 2243 secus
1145 2194 1188 2243 ac
1215 2169 1297 2244 ani·—

211 2304 273 2354 mo
300 2281 516 2379 linquimur,
544 2291 611 2353 aut
630 2278 928 2354 convulsionibus
957 2282 1184 2379 corripimur,
1213 2283 1288 2356 sine

210 2393 346 2482 dolore,
361 2404 427 2469 aut
443 2417 529 2468 sane
545 2418 653 2468 sensu
671 2391 758 2480 ullo,
787 2393 957 2491 quamvis
973 2417 1018 2467 eo
1034 2416 1130 2491 saepe
1157 2393 1286 2492 perdu-

210 2508 419 2582 cantuariae
435 2531 553 2581 oausae
570 2531 655 2605 quae
670 2503 875 2603 plurimum
892 2506 1049 2580 cruciare
1067 2507 1220 2604 possint

258 2642 480 2695 ncccxcnr.
510 2617 730 2693 Ridiculum
756 2617 905 2692 forsitan
930 2618 1050 2717 primo
1068 2631 1220 2717 aspectu
1236 2619 1285 2692 vi-

209 2731 367 2816 debitur,
394 2730 442 2802 ad
468 2730 723 2804 testimonium
753 2729 818 2802 tali
847 2729 894 2803 de
918 2755 957 2804 re
981 2753 1199 2828 provocare3
1224 2730 1287 2806 sed

208 2840 326 2914 multa
342 2842 548 2915 extiterunt
574 2840 743 2939 exempla
760 2840 955 2916 bominum
978 2843 1017 2916 in
1035 2844 1149 2918 vitam
1178 2843 1286 2918 redu·

206 2974 294 3024 oum
310 2962 507 3051 postquam
523 2964 600 3027 tam
617 2976 712 3051 pene
726 2954 914 3028 exanimes
931 2954 1096 3044 fuissent,
1115 2953 1284 3054 plurimis

207 3071 246 3135 et
261 3060 463 3136 admodum
480 3062 632 3137 diversis
648 3064 777 3138 mortis
793 3068 999 3164 generibus,
1017 3079 1062 3142 ut
1077 3089 1199 3177 ¹neque
1211 3065 1287 3141 ulla

206 3174 294 3249 vitae
309 3173 444 3250 indicia
458 3174 687 3263 exhiberent,
703 3198 826 3274 neque
838 3179 1009 3254 credibile
1026 3191 1122 3255 esset
1138 3202 1283 3255 sensum

206 3285 327 3361 ullum
356 3287 587 3387 superstitem
613 3286 734 3361 fuisse.
784 3287 937 3366 Talibus
961 3314 1050 3365 vero
1074 3291 1283 3367 bominibus

205 3397 308 3473 nulla
323 3398 415 3475 solet
442 3422 519 3473 esse
535 3399 713 3474 memoria
728 3401 849 3498 gravis
866 3400 998 3478 doloris
1027 3413 1094 3478 aut
1112 3404 1283 3480 molestie

204 3531 341 3598 sensus,
358 3509 575 3609 nequidem
593 3535 679 3586 cum
693 3512 1023 3588 vehementissimis
1040 3515 1283 3592 convulsioni-

204 3619 273 3694 bus
289 3622 420 3721 agitati
435 3622 601 3698 fuissent.
652 3621 812 3699 Minime
828 3624 945 3724 igitur
963 3626 1121 3700 absurda
1138 3627 1284 3702 videtur

204 3731 357 3830 pulchra
388 3731 474 3809 clari
506 3744 545 3809 et
577 3734 755 3834 elegantis
783 3737 941 3810 auctoris
966 3739 1161 3825 sententia,
1190 3735 1285 3811 initii

203 3855 242 3918 et
269 3843 354 3918 finis
369 3845 522 3920 vivendi
547 3847 702 3920 eandem
731 3845 834 3943 quod
851 3846 898 3921 ad
926 3870 1075 3923 sensum
1105 3850 1282 3924 rationem

201 3978 289 4044 esse,
312 3979 438 4054 neque
466 3982 552 4033 cum
579 3958 693 4033 altero
709 3956 939 4057 voluptatem
959 3970 1145 4058 quantum
1171 3983 1280 4036 recor·

200 4067 342 4156 damur,
370 4093 493 4167 neque
518 4093 604 4145 cum
631 4068 745 4158 altero
773 4068 937 4146 dolorem
966 4070 1155 4171 quantum
1180 4071 1277 4148 novi·

198 4203 293 4270 mus,
309 4189 376 4257 aut
391 4180 569 4280 conjicere
584 4204 790 4280 possumus,
807 4185 1009 4262 necessario
1024 4186 1217 4286 conjungi.
