2694 4792
544 359 795 422 consrsscuus
954 348 1056 406 CAP·
1075 349 1224 403 xxm

521 898 804 920 ff

528 919 803 934 ..-.....----.

213 1298 307 1374 Cse.
323 1290 644 1371 xxxlx-De
659 1284 830 1364 remediis
847 1284 1147 1386 emraenugogir.

140 2222 356 2287 numm.
384 2155 616 2287 Romnum
632 2231 909 2312 emmenugoga,
928 2203 994 2283 vel
1006 2232 1204 2309 menugoga,

136 2323 238 2424 apud
255 2322 414 2398 medioos
431 2324 606 2399 dicuntur
621 2323 683 2398 illa
698 2347 783 2421 quae
799 2343 950 2395 menses
967 2331 1131 2395 movent

115 2487 118 2497 ·
189 2456 388 2510 Mnxxruv,
405 2435 552 2511 Fluxus
567 2437 647 2522 iste,
663 2433 837 2521 foeminis,
854 2455 925 2532 per
941 2456 1121 2532 magnam
1135 2433 1205 2507 vite

137 2557 292 2647 partem,
316 2547 490 2623 naturalis
516 2559 556 2624 et
583 2548 811 2633 neoessariuS,
837 2545 1032 2619 duntaxat
1048 2544 1204 2628 salomis,

138 2657 328 2733 interdum
344 2659 413 2734 sub
428 2661 660 2759 pubertatem
689 2683 764 2733 non
792 2664 838 2731 ut
867 2655 986 2731 debet
1003 2655 1204 2757 pmrumpit,

139 2778 177 2842 et
195 2793 290 2868 saepe
306 2781 499 2871 postquam
517 2772 719 2871 aliquoties,
743 2767 803 2843 vel
828 2767 907 2855 diu,
934 2768 1102 2844 foeminis
1109 2765 1203 2866 jussis

139 2879 340 2958 intervallis
372 2885 556 2973 rediverit,
593 2884 728 2971 deficit,
765 2879 825 2956 vel
858 2903 1016 2980 prorsus
1047 2876 1204 2960 subsistit,

139 2996 308 3089 quamvis
336 2998 425 3093 ipsae
454 3021 577 3096 neque
605 3007 755 3072 uterum
783 3002 928 3093 gerant,
955 3016 1075 3092 neque
1098 2988 1206 3063 ubera

138 3103 270 3177 ursanti
298 3107 493 3204 praebeant.
544 3108 649 3183 Hinc
677 3105 828 3207 plurimi
856 3113 1064 3204 etgraves
1087 3099 1207 3185 morbi,

138 3236 207 3289 nec
222 3240 301 3292 rnro
319 3216 378 3309 (ut
404 3241 471 3292 suo
495 3219 572 3318 jam
593 3218 896 3317 looo(Cap.xx1)
914 3218 1134 3317 expomtum
1147 3221 1208 3309 est)

138 3325 313 3404 valetudo
328 3331 374 3405 ab
383 3331 493 3430 omni
508 3328 583 3404 fere
597 3342 702 3430 parte
715 3328 900 3405 labefacta.

188 3458 383 3515 muxxxv.
409 3441 548 3516 Medici
564 3465 663 3530 vero,
687 3443 842 3517 docente
868 3440 950 3539 ipsa
980 3441 1131 3517 Natura
1155 3461 1210 3537 per

137 3550 310 3648 exempla
324 3575 419 3650 pene
433 3553 658 3652 quotidiana,
682 3555 905 3640 innumeros,
923 3561 963 3626 et
979 3554 1152 3652 alioquin
1165 3552 1211 3624 iu·

138 3658 313 3736 sanabiles
329 3664 484 3755 morbos,
509 3665 612 3741 atali
638 3667 821 3741 mensium
852 3663 1007 3740 defectu
1037 3662 1212 3747 oriundos,

136 3769 268 3846 iisdem
298 3774 420 3850 denuo
445 3775 646 3854 fluentibus
663 3777 844 3853 sublevari
859 3776 921 3850 vel
939 3775 1052 3867 solvi,
1079 3798 1214 3854 summa

132 3906 229 3984 saepe
244 3910 315 3986 ope
330 3889 503 3965 nituntur
518 3902 562 3967 ut
578 3890 726 3967 fluxum
744 3891 860 3964 istum
871 3896 952 3964 arte
964 3914 1041 3965 sua
1053 3890 1213 3968 eliciantz

134 3996 329 4098 multaque
364 3999 543 4098 imprimis
576 3996 843 4077 meditamenta
875 4000 1062 4078 adhibere
1095 4002 1218 4079 solent

134 4107 257 4298 pupilia
273 4111 481 4188 existimata
495 4125 584 4192 sunt
602 4113 794 4215 specialem
811 4114 1032 4192 istiusmodi
1044 4118 1131 4193 vim
1147 4137 1219 4216 pos

134 4243 167 4297 ει
193 4244 262 4299 ere.
