2678 4794
128 296 222 356 cas.
238 293 339 350 xxv.
421 288 640 348 maurorum
659 290 949 350 anuoasmcm.
1142 282 1216 361 319

130 473 294 552 rundam
311 470 485 546 ciborum.
536 468 652 545 Multi
682 470 782 545 enim
808 479 848 545 et
873 470 1007 570 optimi
1036 470 1119 561 cibi,
1149 498 1215 549 sua

135 599 271 663 natura
295 607 417 680 neque
444 581 564 655 faciles
588 604 710 680 neque
738 581 904 656 difficiles
925 594 1113 672 concoctu,
1144 585 1216 659 dici

139 706 317 799 possunt;
342 694 407 767 sed
436 702 582 767 tantum
613 703 722 791 prout
739 692 968 769 ventriculus
985 719 1023 769 se
1039 696 1218 786 habuerit,

138 819 206 885 aut
223 807 317 881 bene
334 806 555 904 digeruntur
569 805 607 879 in
625 829 670 878 eo
685 814 752 879 aut
766 818 1065 905 corrumpuntur.

186 943 281 995 mxi.
307 918 412 992 Tuto
436 941 523 990 vero
548 917 620 991 dici
644 927 776 1016 potest,
801 942 928 991 omnes
958 918 1067 1007 cibos,
1097 944 1224 997 carnes

133 1033 274 1134 pariter
289 1054 334 1105 ac
348 1029 482 1126 fruges,
499 1029 630 1103 crudos
646 1054 760 1128 quam
776 1040 897 1105 coctos
909 1029 1130 1106 difficiliores
1141 1056 1218 1107 esse

136 1152 317 1221 concoetu
336 1143 600 1239 (ocxxxvnr).

189 1277 300 1331 saxu.
338 1253 476 1327 Carnes
500 1277 651 1351 quoque
675 1252 878 1351 plurimum
903 1278 990 1329 assae
1013 1254 1074 1329 vel
1102 1255 1220 1343 elixae,

137 1390 256 1466 quam
274 1365 416 1441 modice
432 1375 581 1438 tantum
592 1377 657 1441 aut
669 1365 799 1440 leviter
815 1375 937 1454 coctae,
954 1367 1116 1442 duriores
1132 1380 1220 1445 sunt

139 1488 316 1555 oonooctu
327 1505 337 1563 ;
362 1476 433 1549 nisi
448 1475 507 1549 lrae
522 1476 712 1552 fastidium
741 1489 927 1566 moveant,
943 1479 1046 1578 quod
1074 1503 1220 1556 concoc-

121 1590 282 1665 ·tionem
299 1589 420 1663 omnis
436 1586 509 1662 cibi
525 1588 693 1688 impedit.

186 1722 313 1777 amur.
338 1699 478 1775 Omnia
501 1700 632 1790 oleoso,
661 1702 784 1804 adeps,
809 1705 1001 1804 butyrum,
1031 1705 1120 1794 olea,
1144 1707 1220 1780 fere

137 1837 284 1913 semper
306 1813 441 1912 aegrius
465 1826 747 1914 concoquuntur
771 1840 886 1916 quam
911 1816 971 1890 alii
998 1816 1093 1904 cibi;
1130 1841 1221 1916 prae·

137 1927 263 2003 sertim
290 1936 374 2001 usta
397 1924 456 1999 vel
481 1925 606 2012 fricta;
632 1939 856 2028 quapropter
871 1928 917 2002 ab
945 1930 1053 2028 aegris
1077 1953 1222 2030 semper

139 2039 314 2115 evitanda
329 2049 429 2126 sunt,
445 2038 506 2112 vel
522 2039 649 2114 saltem
667 2040 875 2138 parcissime
892 2041 1042 2127 utenda,
1058 2041 1137 2116 sive
1152 2065 1220 2140 pro

139 2149 234 2239 cibo,
268 2151 346 2226 sive
370 2173 437 2248 pm
469 2151 706 2227 condimento
729 2153 777 2226 ad
800 2152 889 2227 alios
913 2154 1023 2241 cibos,
1058 2177 1219 2252 quorum

138 2263 425 2349 concoctionem,
449 2260 553 2335 aliter
576 2262 710 2335 bonam
728 2274 767 2337 et
792 2262 936 2338 facilem
953 2263 1129 2353 suturam,
1155 2265 1220 2338 ali·

137 2374 290 2475 quando
305 2383 558 2471 corrumpunt.
608 2373 705 2447 Haec
720 2374 813 2448 ratio
829 2384 884 2448 est
901 2398 969 2465 cur,
983 2397 1105 2449 carnes
1122 2399 1219 2474 saepe

136 2487 245 2586 egris
268 2486 336 2561 hac
360 2495 507 2560 tantum
533 2485 615 2584 lege
639 2485 914 2584 permittantur,
938 2493 982 2558 ut
1004 2508 1092 2559 cum
1116 2486 1220 2560 nullo

139 2596 213 2673 alio
235 2598 470 2673 condimento
495 2620 608 2695 quam
633 2596 782 2695 proprio
806 2619 914 2670 succo
938 2604 1006 2670 aut
1024 2594 1109 2693 jure
1132 2597 1219 2674 istas

138 2708 342 2785 comedant
392 2708 454 2783 Ob
472 2707 628 2782 eandem
644 2732 796 2807 quoque
811 2716 954 2783 causam
972 2710 1060 2807 aegri
1077 2733 1220 2809 semper

138 2822 317 2897 monendi
341 2832 439 2909 sunt,
465 2844 513 2894 ne
537 2843 624 2896 cum
640 2821 820 2922 frugibus,
845 2821 962 2897 veluti
978 2821 1137 2898 oleribus
1152 2835 1220 2900 aut

137 2932 320 3009 radicibus
343 2932 548 3022 esculentis,
583 2932 749 3009 multum
784 2934 965 3033 butyrum
1001 2934 1062 3009 vel
1094 2936 1219 3014 oleum

140 3054 301 3133 sumant,
318 3045 414 3119 sicut
430 3069 509 3119 mos
524 3057 580 3121 est
596 3046 695 3146 apud
712 3046 848 3123 multas
864 3059 1004 3148 gentes.

188 3176 308 3232 mv.
333 3157 470 3231 Carnes
487 3157 610 3246 salitae,
626 3158 686 3233 vel
701 3157 808 3235 fumo
822 3159 884 3234 vel
899 3160 1071 3236 aromatis
1095 3162 1220 3236 condi·
1275 3157 1278 3162 ’

140 3274 198 3355 tre,
212 3268 273 3343 vel
288 3269 402 3352 siccae,
431 3279 471 3344 et
486 3271 599 3359 durae,
626 3279 666 3345 et
680 3280 836 3360 tenaces,
860 3271 1076 3347 difficillime
1091 3295 1219 3347 conco·

139 3391 318 3476 quuntur,
335 3390 373 3455 et
389 3382 473 3456 idco
489 3384 594 3482 aegris
610 3384 686 3457 fere
702 3408 843 3483 semper
859 3382 1096 3483 prohibendae
1120 3392 1220 3471 sunt,

137 3490 208 3565 nisi
223 3491 319 3567 forte
336 3485 517 3591 siquando
535 3492 745 3571 vehementi
761 3495 955 3593 cupiditati
968 3495 1220 3594 obtemperare

137 3604 315 3703 oporteat,
340 3603 411 3691 vel,
445 3615 594 3703 propter
628 3604 880 3681 infirmitatem
906 3605 1113 3694 ventriculi,
1138 3608 1220 3683 cibo

136 3724 268 3811 praeter
285 3714 433 3790 solitum
451 3716 524 3789 acri
541 3725 579 3790 et
594 3717 723 3812 gustui
739 3726 844 3815 grato
854 3742 947 3816 opus
961 3719 1018 3806 sit,
1036 3720 1104 3817 qui
1120 3742 1219 3806 eum,

138 3827 192 3901 rui
207 3828 375 3903 numeris
390 3828 496 3902 aliter
512 3828 766 3928 impotentem,
782 3829 957 3918 stimulet,
974 3831 1069 3905 etad
1079 3829 1218 3927 justam

139 3939 319 4015 actionem
335 3941 477 4016 incitet.

182 4071 287 4127 saxv.
330 4052 434 4127 Inter
467 4052 592 4129 carires
625 4052 852 4129 terrestrium
884 4053 1100 4129 annualium
1133 4077 1218 4150 quae

136 4162 269 4238 mensis
284 4164 427 4263 imponi
456 4164 585 4256 solent,
611 4165 713 4246 baud
742 4189 922 4265 magnum
941 4165 1136 4240 discrimen
1154 4185 1216 4235 ex-
