2678 4794
77 442 80 447 -
173 395 225 466 u
565 402 847 465 voortsmcrus:
1101 405 1254 465 oram

169 586 235 663 dat
250 587 412 672 ossibus;
438 593 578 659 etcum
598 583 847 686 Cartilogine,
868 592 908 658 et
924 579 1043 660 multa
1061 583 1254 674 Gelotiaa,

169 708 210 774 et
226 701 303 779 oleo
319 722 452 784 crasso,
471 723 547 772 ossa
561 698 636 772 fere
648 707 727 774 tota
743 699 865 773 efficit.
916 697 1085 772 Plurima
1101 722 1255 796 quoque

172 812 364 898 Gelotina,
389 822 428 883 et
452 834 519 908 pro
535 820 612 885 rata
629 819 742 910 parte
758 824 888 910 parum
909 820 1023 896 terra,
1047 810 1144 882 inest
1169 809 1253 885 teloe
1275 812 1277 817 ’

169 923 359 1011 cellnlosoe,
385 933 423 1015 et
440 924 529 1011 cuti,
545 924 699 1023 aliisque
714 924 938 998 membranis
955 947 1040 1021 quae
1056 946 1104 994 ex
1120 947 1162 995 ea
1179 921 1256 996 tela

170 1035 279 1119 fiunt,
296 1045 334 1108 et
351 1035 504 1110 demum
518 1037 705 1111 musculis.
750 1036 796 1109 In
814 1034 971 1108 hisvero
987 1034 1056 1107 alia
1072 1035 1256 1133 reperitur

170 1148 377 1223 substantia
390 1148 577 1236 animum
614 1149 774 1249 plurima
803 1146 940 1222 scilioet
956 1145 1133 1222 attona.
1182 1144 1254 1222 At

170 1257 304 1335 &ntea
319 1284 471 1360 quoque
487 1263 526 1336 in
544 1262 768 1363 quibusdam
786 1261 951 1360 partibus
979 1259 1102 1334 solidis
1128 1283 1254 1358 eorpo-

167 1372 217 1451 ris
232 1371 389 1448 humani
402 1374 510 1472 plane
525 1396 649 1474 neque
661 1398 768 1473 pame
779 1375 969 1448 detectum
986 1382 1063 1457 est·
1089 1372 1254 1447 maxime

168 1483 209 1559 in
225 1485 528 1586 conflagratum,
545 1499 584 1561 et
597 1486 822 1574 teudisilus,
839 1496 879 1562 et
889 1484 1113 1587 ligamentis
1155 1487 1254 1560 Prae·

168 1604 227 1670 ber
242 1597 321 1673 haec
337 1599 500 1677 multum
517 1597 636 1697 oleum
648 1624 820 1676 erasum
836 1600 875 1672 in
892 1600 1066 1675 omuibus
1078 1598 1154 1673 sere
1170 1598 1252 1673 soli·

170 1709 229 1784 dis
244 1710 463 1786 animalibus
480 1714 679 1812 reperitur;
704 1723 743 1786 et
766 1710 863 1788 sales
879 1711 1030 1809 quidam
1058 1721 1136 1785 tam
1153 1709 1254 1786 acidi

169 1844 283 1952 quam
300 1822 477 1909 alcalini;
510 1825 766 1912 etiamdum,
792 1835 836 1900 ut
853 1825 1012 1912 videtur,
1043 1824 1107 1897 sed
1131 1823 1253 1898 multo

168 1936 323 2035 parcius,
348 1936 428 2010 aliae
443 1937 613 2036 quaedam
639 1939 791 2011 minoris
823 1937 1003 2012 momenti
1028 1936 1253 2011 substantiae.

170 2045 244 2121 Sed
260 2047 307 2121 de
316 2048 374 2124 bis
385 2050 553 2125 nondum
572 2052 658 2126 satis
670 2051 835 2125 constitit
849 2080 859 2137 ;
881 2075 967 2150 quae
983 2049 1118 2125 scilicet
1130 2072 1253 2148 neque

168 2181 315 2258 semper
330 2163 575 2260 reperiuntur,
600 2187 669 2239 nec
684 2187 854 2262 unquam
871 2171 975 2238 tanta
989 2161 1094 2261 copia
1117 2162 1254 2236 adsunt

168 2283 214 2347 ut
229 2272 335 2347 facile
351 2275 602 2375 explorentur.

218 2408 398 2464 nxxvrn.
425 2387 595 2466 Ulterius
610 2400 689 2464 arte
714 2389 875 2468 rhenica
903 2387 1104 2488 exploratu
1132 2395 1254 2486 partes

167 2496 293 2576 solidae
308 2499 481 2579 humanis
496 2505 666 2605 eorporis,
683 2504 744 2580 vel
758 2502 967 2605 putredine,
990 2508 1102 2601 quam
1121 2510 1254 2599 sponte

167 2613 331 2689 subeunt
358 2615 506 2690 modico
538 2616 666 2704 oalore,
700 2638 788 2691 eum
822 2616 986 2697 humore,
1021 2624 1060 2686 et
1094 2613 1254 2686 admisso

166 2733 271 2816 κω
298 2725 358 2800 vel
380 2750 519 2824 magno
534 2728 663 2813 ualere,
685 2727 804 2823 qualis
822 2726 959 2823 priores
980 2722 1252 2795 elementorum

167 2836 451 2933 compositiones
467 2834 648 2923 destruat
673 2857 788 2909 novas
803 2836 967 2933 ipsorum
986 2833 1129 2918 efficiat,
1147 2831 1253 2907 facile

35 2999 38 3007 «
166 2945 206 3019 in
223 2968 340 3044 pauoa
354 2948 539 3022 elementa
549 2947 806 3032 resolvuntur;
822 2945 987 3019 duriores
1000 2944 1039 3017 in
1056 2942 1199 3019 Calceos
1212 2957 1251 3021 et

166 3056 449 3158 nuptm·
473 3059 657 3135 molliores
669 3058 813 3131 veroin
835 3053 1050 3145 carbonen,
1067 3056 1252 3160 Nitroge·

165 3168 271 3248 nium
288 3170 362 3262 (vel
379 3171 588 3268 Azott'um),
605 3170 655 3246 H
656 3166 916 3270 ydrogeninm,
933 3180 972 3243 et
987 3168 1250 3270 oapgentmn:

165 3304 252 3382 qua
267 3285 384 3384 igitur
399 3287 603 3362 ereduntur
618 3306 695 3359 esse
723 3283 829 3358 solidi
845 3282 1013 3358 animalis
1030 3284 1250 3384 simplicissi-

164 3417 229 3469 ma
244 3395 447 3486 elementa3
473 3399 596 3498 siquid
613 3399 651 3472 iu
680 3397 859 3471 severiore
879 3395 1028 3471 Clanio
1043 3406 1142 3471 reete
1166 3399 1250 3471 sim-

164 3503 254 3606 plex
271 3509 423 3586 dicatur.
476 3512 571 3586 Haec
586 3504 676 3586 vero
691 3510 881 3596 elementa,
908 3509 967 3583 vel
984 3511 1082 3609 igne,
1098 3509 1159 3584 vel
1181 3534 1249 3608 pu·

165 3618 319 3709 tredine,
344 3623 452 3698 aliter
467 3634 581 3724 atque
597 3624 702 3698 aliter
718 3631 882 3724 separata
897 3633 937 3696 et
952 3624 1160 3722 conjuncta,
1185 3646 1249 3696 no-

164 3750 231 3807 vas
245 3734 393 3811 interim
411 3738 581 3812 efficiunt
597 3737 829 3825 substantias,
854 3735 981 3835 quales
998 3747 1086 3810 sunt
1104 3736 1250 3811 Ammo-

165 3844 243 3933 nia,
272 3848 714 3937 Aetnam-carbonam,
742 3848 861 3926 olemn
887 3847 1251 3950 empyreumoticum,

163 3968 203 4033 et
221 3958 331 4062 multi
347 3982 499 4063 vapores
528 3962 661 4050 foetidi,
687 3988 772 4064 quoe
799 3964 840 4036 in
869 3972 1014 4037 reoente
1041 3971 1078 4035 et
1104 3961 1251 4057 integro

163 4070 282 4147 subdo
298 4074 446 4150 animali
463 4076 589 4177 detegi
607 4087 811 4177 nequeunt,
835 4075 940 4151 facile
961 4084 1084 4149 autem
1110 4082 1150 4146 et
1174 4070 1252 4148 fere

165 4202 309 4312 semper
324 4188 568 4268 observantur
596 4190 687 4267 dum
712 4190 784 4267 boo
806 4189 846 4268 in
864 4212 930 4267 sus
946 4188 1127 4293 elementa
1142 4186 1250 4264 resol-

161 4306 273 4374 utur.
770 4334 775 4343 ·
