2678 4794
127 412 212 473 css.
230 410 320 469 xvr.
406 405 627 465 scaurorum
646 407 934 464 rnaoanrrcar.
1135 397 1207 467 lot

126 589 238 690 quod,
263 589 294 663 si
318 587 377 661 vel
402 588 569 661 nimium
588 586 776 686 sanguinis
800 585 860 659 vel
885 585 996 659 nimis
1013 608 1146 685 parum
1168 589 1208 663 in

125 726 271 802 corpore
288 700 414 786 fuerit,
432 699 491 774 vel
507 699 624 773 aliena
641 699 719 796 ejus
735 701 895 798 partium
911 699 1100 797 proportio
1116 697 1211 772 facta

124 814 243 903 suerit,
268 813 409 888 vitium
434 812 586 886 demum
611 812 691 899 erit,
718 837 792 886 non
817 812 909 900 leve,
935 823 973 885 et
998 836 1094 911 saepe
1112 810 1209 885 mul-

125 936 245 1003 torum
262 936 303 1000 et
319 924 490 1024 gravium
509 925 721 999 morborum
739 949 854 1000 causa
991 926 995 933 '

170 1061 290 1114 nxru.
318 1037 447 1111 Nimia
464 1037 654 1135 sanguinis
680 1039 785 1136 copia
809 1035 996 1136 colligitur
1012 1060 1082 1110 usu
1100 1035 1211 1110 multi
1256 1116 1260 1123 ,

128 1148 355 1239 cibisvalidi,
372 1148 535 1246 pinguis,
552 1173 601 1221 ex
626 1150 793 1223 carnibus
810 1150 1022 1248 praesertim,
1047 1159 1086 1222 et
1103 1159 1213 1246 potus

129 1262 241 1337 validi
275 1261 402 1354 (modo
440 1262 628 1335 concoctio
665 1261 762 1334 bona
780 1327 782 1331 ,
799 1263 860 1358 sit)
898 1270 936 1334 et
960 1262 1049 1334 vitae
1077 1283 1212 1359 genere

129 1376 246 1448 otioso
271 1383 310 1446 et
332 1374 549 1460 sedentario,
575 1383 615 1446 et
639 1372 761 1447 multo
777 1396 918 1460 somno,
942 1373 1145 1470 praesertim
1170 1372 1209 1445 in

131 1485 176 1560 iis
190 1486 258 1583 qui
274 1485 370 1584 prius
387 1484 551 1560 mrdtum
583 1507 660 1560 sese
690 1507 858 1559 exercere
874 1483 1061 1569 solebant;
1087 1484 1210 1558 exina·

132 1589 328 1673 nitionibus
352 1599 548 1696 quibusvis
574 1597 688 1671 solitis
713 1596 907 1682 cohibitis3
943 1596 1211 1670 consuetudine

128 1709 433 1797 exinanitionum,
459 1709 734 1808 qualescunque
749 1708 899 1794 fuerint,
921 1709 1098 1781 nimirum
1125 1732 1210 1804 quae
1321 1796 1326 1806 .

127 1824 196 1898 rim
214 1820 368 1896 sitalem
380 1823 563 1908 minuant,
580 1834 619 1896 et
630 1822 855 1915 excretiones
867 1821 1044 1919 languere
1056 1817 1210 1903 faciant;

127 1957 196 2034 proe
211 1935 399 2022 omnibus,
424 1934 656 2009 exhalatione
672 1958 738 2034 per
754 1946 880 2009 cutem
897 1934 958 2007 vel
975 1932 1119 2018 sudore,
1144 1942 1210 2005 aut

127 2047 336 2147 suppressis,
353 2058 420 2121 aut
436 2046 614 2146 paulatim
628 2046 892 2122 deficientibus.
932 2045 1118 2120 Homines
1134 2069 1209 2119 oor·

128 2161 216 2257 poris
244 2159 553 2234 constitutionem
578 2159 654 2233 laxi
678 2170 717 2233 et
741 2161 889 2247 debiles,
913 2183 991 2257 prae
1007 2159 1096 2245 aliis,
1123 2158 1209 2233 huic

130 2272 213 2347 vitio
229 2283 323 2347 sunt
339 2273 501 2346 obnoxii.

167 2407 281 2460 ux1v.
310 2384 437 2459 Multa
464 2383 556 2458 mala
580 2410 601 2457 a
627 2384 742 2456 nimia
766 2381 1000 2482 plenitudine
1024 2382 1208 2454 oriuntur.

132 2493 248 2572 Homo
276 2522 549 2597 nonnunquam
566 2498 643 2570 fere
659 2495 893 2592 opprimitur,
918 2493 1041 2577 hebes,
1067 2492 1209 2589 langui·

132 2606 202 2701 dus,
226 2611 362 2685 debilis
378 2610 433 2698 fit,
462 2635 586 2708 neque
615 2612 691 2707 ipsa
709 2633 795 2705 quae
820 2605 1038 2704 sanguinem
1058 2612 1209 2676 movent

131 2742 255 2822 ugano
271 2723 321 2797 ad
338 2734 486 2798 tanturn
503 2746 598 2796 onus
615 2719 883 2820 impellendum
896 2717 1031 2792 valent.
1071 2715 1208 2789 Pulsus

134 2829 284 2934 unguet,
302 2845 342 2909 et
358 2834 557 2934 aliquando
572 2857 744 2934 syncope,
769 2843 807 2906 et
824 2833 979 2931 vertigo,
999 2840 1038 2904 et
1056 2828 1209 2928 palpita-

135 2945 175 3019 tio
189 2949 442 3043 observantur.
486 2949 627 3045 Saepius
644 2971 732 3021 vero
750 2970 834 3020 vasa
850 2945 961 3018 nimis
978 2943 1148 3028 distenta,
1160 2940 1210 3013 ad

135 3069 248 3134 motus
264 3070 398 3159 praeter
415 3059 566 3134 solitum
584 3060 822 3134 vehementes
851 3066 889 3131 et
905 3056 1098 3130 abnormes
1126 3077 1208 3152 pro·

136 3166 234 3243 clivia
247 3171 356 3247 fiunt

130 3295 164 3328 Χ
180 3302 270 3356 Dru.
295 3283 402 3358 Hinc
431 3283 640 3381 proclivitas
657 3283 705 3356 ad
734 3282 862 3369 febres,
891 3278 1208 3363 inflammationes,

137 3387 343 3492 inequalem
369 3397 560 3494 sanguinis
585 3396 896 3481 distributionem,
925 3390 1088 3465 insolitas
1115 3388 1209 3486 ejus·

138 3499 206 3581 dem
221 3510 489 3607 congestiones,
507 3532 677 3583 vasorum
693 3507 942 3591 lacerationes,
965 3511 1003 3576 et
1022 3501 1210 3598 sanguinis

140 3616 315 3707 profluvia
368 3621 496 3708 Porro,
523 3621 571 3695 ob
598 3631 739 3693 arctum
767 3620 865 3692 inter
880 3642 965 3692 vasa
992 3615 1210 3712 sanguinem

141 3727 308 3818 vehentis,
326 3741 365 3805 et
376 3757 504 3832 genus
516 3755 712 3807 nervosam
724 3756 875 3818 nexum,
887 3727 1072 3804 mobilitas
1084 3727 1211 3811 nimia,

143 3844 171 3908 tt
192 3842 401 3939 proclivitas
430 3845 476 3918 ad
504 3869 680 3944 spasmos,
709 3855 748 3918 et
774 3843 862 3917 alios
883 3841 1049 3941 ejusdem
1067 3839 1210 3938 generis

147 3953 280 4041 morbos,
294 3979 320 4028 a
335 3953 570 4052 plenitudine
587 3958 768 4044 oriuntur.

183 4081 289 4141 11va
315 4064 421 4141 Hinc
449 4067 671 4166 intelligitur
698 4093 765 4142 cur
785 4069 985 4169 aliquando
1001 4068 1130 4170 pulsus
1147 4063 1209 4136 ob

149 4188 266 4262 tuitus,
299 4176 498 4274 aliquando
522 4179 667 4254 validus
691 4181 752 4254 vel
782 4182 908 4269 durus,
937 4178 1209 4280 plenitudinem

152 4285 349 4364 comitetur:
377 4313 442 4364 cur
458 4291 536 4390 ipsa
553 4301 609 4365 tot
629 4293 841 4370 morborum
857 4319 963 4370 causa
979 4304 1129 4389 etparsr
1146 4309 1210 4361 cur
1297 4356 1304 4366 .
