2694 4792
128 349 200 417 448
501 345 752 410 consracru's
966 350 1066 406 cnr.
1084 353 1231 408 xxxn.

127 543 288 621 senutur,
323 534 361 608 e't
395 557 519 608 revera
547 557 603 605 res
628 537 879 630 putrescentes
902 540 1015 605 extra
1040 555 1229 630 corpusa

129 647 325 746 putredine
341 648 482 746 optime
498 645 708 719 defendant.
762 641 998 740 Hujusmodi
1016 656 1111 718 sunt
1129 641 1226 717 mul·

130 770 169 832 ta
180 759 417 846 stimulantis,
427 768 588 831 aromata
604 756 805 855 praesertim
825 758 997 853 (uerter),
1013 767 1052 830 ct
1064 752 1224 841 alcohol,

129 897 217 972 quae
232 872 385 971 quidem
409 895 541 969 corpus
566 869 677 942 nimis
704 866 900 942 excitando
917 880 955 941 et
972 866 1224 942 &eludendo

130 985 365 1084 putredinem
383 1007 477 1081 saepe
492 991 690 1079 augerent:
718 980 907 1054 interdum
925 1004 1024 1067 vem,
1037 1003 1129 1053 cum
1145 1003 1220 1077 pu·

130 1097 236 1171 tredo
251 1120 273 1170 a
289 1095 478 1170 debilitate
502 1094 630 1180 oritur,
655 1092 715 1164 vel
743 1116 831 1167 cum
860 1092 999 1191 insigni
1024 1090 1220 1165 debilitate

127 1209 379 1308 conjungitur,
414 1206 532 1281 veluti
559 1207 600 1279 in
628 1205 791 1280 febribus
823 1203 1013 1278 nonnullis
1046 1203 1217 1302 putridis,

128 1319 230 1395 hand
246 1319 459 1393 incredibile
474 1329 532 1391 est
548 1343 590 1391 ea
606 1340 798 1416 persuum
828 1316 1025 1390 stimulum
1053 1315 1216 1413 aliquan-

130 1442 213 1506 tum
231 1457 308 1507 esse
325 1431 537 1530 profutura:
573 1431 665 1527 quin
691 1439 730 1502 et
745 1429 877 1502 vinum
903 1428 1040 1525 ipsum,
1068 1427 1215 1502 similes·

85 1637 92 1652 ·
129 1569 204 1642 que
220 1545 392 1643 liquores,
417 1543 548 1618 eodem
565 1541 641 1615 fere
657 1540 768 1613 modo
784 1537 954 1613 nonnihil
971 1539 1148 1637 prodesse
1163 1539 1213 1612 vi·

128 1660 276 1733 dentur.

180 1791 420 1846 mcccxxvrr.
447 1767 867 1864 Astringentiaquoque
880 1771 919 1837 et
934 1761 1148 1838 roborantia
1162 1786 1212 1839 re

128 1885 262 1970 media,
287 1906 354 1980 pro
370 1879 601 1977 walbepticis
626 1900 724 1974 saepe
741 1877 904 1950 multum
921 1874 1073 1961 valent;
1111 1875 1212 1973 cujus

127 1995 179 2067 rei
208 2004 334 2066 cortex
364 1989 562 2066 Cinrlronoe
593 1989 787 2088 (pleiadis
815 1989 1065 2063 certissimum
1093 2012 1211 2063 exem-

127 2103 229 2203 plum
248 2114 363 2177 extat.
414 2103 549 2200 Neque
566 2102 725 2177 dubium
742 2113 797 2176 est
814 2101 915 2175 hunc
930 2125 997 2199 per
1013 2103 1095 2175 vim
1112 2124 1211 2176 suam

126 2217 403 2315 astringentem,
419 2216 478 2288 vel
494 2215 618 2314 potius
635 2216 878 2302 roborantem,
895 2224 934 2287 et
944 2237 1022 2288 uon
1040 2239 1108 2314 per
1119 2215 1211 2288 mix·

126 2340 249 2403 turam
261 2328 465 2415 clacnlicaal,
482 2328 670 2427 putredini
686 2328 888 2401 humorum
897 2325 1037 2400 obesse.
1074 2328 1211 2414 Quam·

128 2443 185 2516 vis
201 2443 301 2515 enim
329 2442 381 2515 rei
406 2442 523 2516 cuivis
540 2438 765 2540 putrescenti
792 2438 892 2537 large
918 2437 1106 2514 admistus
1132 2463 1210 2513 eam

126 2556 233 2653 quasi
249 2555 418 2628 condiret
441 2563 481 2629 et
504 2564 746 2640 conservaret,
772 2552 928 2625 minime
953 2551 1133 2625 credibile
1160 2558 1212 2625 ast

127 2669 271 2766 copiam
288 2667 369 2764 ejus
384 2666 477 2741 adeo
493 2666 670 2764 exiguam
683 2689 724 2738 ac
736 2664 824 2763 aegri
839 2663 957 2737 solent
973 2674 1044 2737 aut
1059 2673 1213 2764 possunt

127 2801 322 2865 assumere,
346 2779 386 2852 in
401 2779 492 2853 vivo
516 2788 554 2853 et
581 2779 727 2876 integro
753 2799 903 2875 corpore
931 2775 1105 2851 similiter
1129 2799 1212 2875 pro·

127 2888 247 2962 desse:
277 2889 470 2977 Proeterea,
487 2891 524 2962 in
543 2891 588 2963 iis
600 2891 675 2962 fere
686 2888 892 2987 putredinis
908 2889 1108 2987 generibus
1122 2912 1211 2986 quae

124 3025 150 3073 a
173 3010 272 3074 statu
300 3002 498 3076 solidarum
526 3004 687 3100 partium
704 2999 869 3074 multum
886 2999 1067 3098 pendent,
1088 2999 1214 3075 veluti

127 3111 246 3185 febres
262 3112 432 3210 putridae,
457 3123 524 3187 aut
539 3138 749 3215 gangraens,
775 3113 994 3188 utilissimus
1020 3112 1214 3212 reperitur,

128 3225 221 3299 etin
239 3222 420 3312 scordalo,
445 3225 511 3323 qui
529 3251 551 3298 a
567 3235 664 3301 statu
689 3226 885 3300 humorum
912 3226 1036 3325 magis
1061 3226 1214 3325 pendet,

128 3337 393 3434 multominus
421 3337 551 3410 efficax
579 3339 717 3413 existit.
772 3335 978 3411 Verisimile
1007 3347 1068 3412 est
1095 3337 1217 3414 mult}

126 3448 195 3520 alia
212 3450 481 3524 medicamenta
497 3449 663 3547 ejusdem
680 3451 835 3550 generis,
850 3460 891 3524 et
906 3451 1097 3548 imprimis
1114 3475 1213 3550 qute-

125 3559 212 3632 dam
242 3585 290 3634 ex
315 3563 444 3636 amaris
462 3566 560 3660 (quae
584 3563 756 3638 nonnulli
782 3562 913 3636 medici
929 3563 1032 3636 inter
1046 3564 1213 3665 amisep·

126 3669 200 3746 lico
218 3695 432 3749 enumerare
448 3675 592 3775 solent),
618 3676 753 3750 similes
782 3676 878 3750 vires
906 3675 1127 3774 possidere3
1151 3675 1213 3752 sed

125 3784 173 3858 de
190 3785 329 3884 his'per
343 3789 611 3887 experientiam
629 3788 799 3863 noudum
818 3787 903 3862 satis
917 3788 1105 3864 constitit„

176 3920 431 3975 mcccxxvnr.
459 3901 631 3976 Sedentia
647 3925 798 4000 quoque
814 3899 976 3974 remedia
993 3900 1100 3975 inter
1116 3898 1212 3976 onti-

105 4009 264 4116 ·septico
289 4010 479 4086 interdum
508 4023 597 4087 sunt
626 4021 858 4087 enumerata:
884 4034 1011 4109 neque
1039 4014 1211 4110 profecto

124 4122 322 4211 immerito,
338 4146 426 4197 curn
439 4148 514 4198 nou
528 4124 638 4200 modo
650 4125 821 4225 quaedam
834 4148 884 4198 ex
895 4123 1211 4223 refir'gemntibus

124 4243 170 4310 ut
177 4233 258 4335 jam
274 4235 486 4338 expositum
505 4238 753 4338 (ncccxxrv)
768 4246 835 4327 est,
852 4235 1030 4313 adversus
1046 4237 1213 4336 putredi-
