<?xml version="1.0" encoding="UTF-8"?>
<!DOCTYPE html PUBLIC "-//W3C//DTD XHTML 1.0 Transitional//EN"
    "http://www.w3.org/TR/xhtml1/DTD/xhtml1-transitional.dtd">
<html xmlns="http://www.w3.org/1999/xhtml" xml:lang="en" lang="en">
 <head>
  <title>
</title>
<meta http-equiv="Content-Type" content="text/html;charset=utf-8" />
  <meta name='ocr-system' content='tesseract 3.04.00' />
  <meta name='ocr-capabilities' content='ocr_page ocr_carea ocr_par ocr_line ocrx_word'/>
</head>
<body>
  <div class='ocr_page' id='page_1' title='image "./conspectusmedic01greggoog_0305.png"; bbox 0 0 2678 4794; ppageno 0'>
   <div class='ocr_carea' id='block_1_1' title="bbox 210 318 1281 386">
    <p class='ocr_par' dir='ltr' id='par_1_1' title="bbox 210 318 1281 386">
     <span class='ocr_line' id='line_1_1' title="bbox 210 318 1281 386; baseline -0.008 0"><span class='ocrx_word' id='word_1_1' title='bbox 210 320 281 386; x_wconf 75' lang='lat'>254</span> <span class='ocrx_word' id='word_1_2' title='bbox 624 318 873 383; x_wconf 72' lang='lat' dir='ltr'>cousrncrus</span> <span class='ocrx_word' id='word_1_3' title='bbox 1090 328 1175 380; x_wconf 74' lang='lat' dir='ltr'>car.</span> <span class='ocrx_word' id='word_1_4' title='bbox 1193 323 1281 380; x_wconf 80' lang='lat' dir='ltr'>xxr.</span> 
     </span>
    </p>
   </div>
   <div class='ocr_carea' id='block_1_2' title="bbox 189 498 1293 829">
    <p class='ocr_par' dir='ltr' id='par_1_2' title="bbox 189 498 1293 829">
     <span class='ocr_line' id='line_1_2' title="bbox 189 498 1286 602; baseline -0.005 -21"><span class='ocrx_word' id='word_1_5' title='bbox 189 506 350 592; x_wconf 86' lang='lat' dir='ltr'>accidit,</span> <span class='ocrx_word' id='word_1_6' title='bbox 367 529 486 602; x_wconf 90' lang='lat' dir='ltr'>neque</span> <span class='ocrx_word' id='word_1_7' title='bbox 502 502 575 576; x_wconf 89' lang='lat' dir='ltr'>fere</span> <span class='ocrx_word' id='word_1_8' title='bbox 590 502 668 574; x_wconf 90' lang='lat' dir='ltr'>sine</span> <span class='ocrx_word' id='word_1_9' title='bbox 683 502 831 575; x_wconf 86' lang='lat' dir='ltr'>abortus</span> <span class='ocrx_word' id='word_1_10' title='bbox 848 498 1020 598; x_wconf 88' lang='lat' dir='ltr'>periculo,</span> <span class='ocrx_word' id='word_1_11' title='bbox 1047 502 1107 575; x_wconf 90' lang='lat' dir='ltr'>vel</span> <span class='ocrx_word' id='word_1_12' title='bbox 1126 504 1213 576; x_wconf 82' lang='lat' dir='ltr'>vitae</span> <span class='ocrx_word' id='word_1_13' title='bbox 1230 504 1286 600; x_wconf 84' lang='lat' dir='ltr'>ip-</span> 
     </span>
     <span class='ocr_line' id='line_1_3' title="bbox 210 612 1290 710; baseline -0.002 -20"><span class='ocrx_word' id='word_1_14' title='bbox 210 619 286 693; x_wconf 91' lang='lat' dir='ltr'>sius</span> <span class='ocrx_word' id='word_1_15' title='bbox 301 616 526 698; x_wconf 87' lang='lat' dir='ltr'>discrimine;</span> <span class='ocrx_word' id='word_1_16' title='bbox 557 612 767 687; x_wconf 86' lang='lat' dir='ltr'>exercitatio</span> <span class='ocrx_word' id='word_1_17' title='bbox 784 612 913 699; x_wconf 89' lang='lat' dir='ltr'>valida,</span> <span class='ocrx_word' id='word_1_18' title='bbox 931 612 1154 710; x_wconf 82' lang='lat' dir='ltr'>defatigatio,</span> <span class='ocrx_word' id='word_1_19' title='bbox 1174 616 1290 688; x_wconf 88' lang='lat' dir='ltr'>nixus</span> 
     </span>
     <span class='ocr_line' id='line_1_4' title="bbox 211 725 1293 829; baseline -0.006 -25"><span class='ocrx_word' id='word_1_20' title='bbox 211 733 352 829; x_wconf 88' lang='lat' dir='ltr'>ingens,</span> <span class='ocrx_word' id='word_1_21' title='bbox 378 729 431 801; x_wconf 91' lang='lat' dir='ltr'>vis</span> <span class='ocrx_word' id='word_1_22' title='bbox 448 740 598 800; x_wconf 88' lang='lat' dir='ltr'>externa</span> <span class='ocrx_word' id='word_1_23' title='bbox 614 726 765 823; x_wconf 86' lang='lat' dir='ltr'>corpori,</span> <span class='ocrx_word' id='word_1_24' title='bbox 795 725 994 823; x_wconf 74' lang='lat' dir='ltr'>praesertim</span> <span class='ocrx_word' id='word_1_25' title='bbox 1012 727 1143 811; x_wconf 88' lang='lat' dir='ltr'>ventri,</span> <span class='ocrx_word' id='word_1_26' title='bbox 1174 727 1293 813; x_wconf 86' lang='lat' dir='ltr'>illata,</span> 
     </span>
    </p>
   </div>
   <div class='ocr_carea' id='block_1_3' title="bbox 202 836 1299 4304">
    <p class='ocr_par' dir='ltr' id='par_1_3' title="bbox 202 836 1299 1947">
     <span class='ocr_line' id='line_1_5' title="bbox 210 836 1297 936; baseline -0.004 -22"><span class='ocrx_word' id='word_1_27' title='bbox 210 843 339 916; x_wconf 91' lang='lat' dir='ltr'>Venus</span> <span class='ocrx_word' id='word_1_28' title='bbox 356 839 561 925; x_wconf 87' lang='lat' dir='ltr'>immodica,</span> <span class='ocrx_word' id='word_1_29' title='bbox 578 839 732 912; x_wconf 91' lang='lat' dir='ltr'>irritatio</span> <span class='ocrx_word' id='word_1_30' title='bbox 748 838 909 936; x_wconf 86' lang='lat' dir='ltr'>partium</span> <span class='ocrx_word' id='word_1_31' title='bbox 926 837 1139 922; x_wconf 88' lang='lat' dir='ltr'>vicinarum,</span> <span class='ocrx_word' id='word_1_32' title='bbox 1166 836 1297 911; x_wconf 89' lang='lat' dir='ltr'>veluti</span> 
     </span>
     <span class='ocr_line' id='line_1_6' title="bbox 206 948 1299 1048; baseline -0.004 -21"><span class='ocrx_word' id='word_1_33' title='bbox 206 979 230 1027; x_wconf 87' lang='lat' dir='ltr'>a</span> <span class='ocrx_word' id='word_1_34' title='bbox 246 952 398 1027; x_wconf 85' lang='lat' dir='ltr'>fortibus</span> <span class='ocrx_word' id='word_1_35' title='bbox 417 951 710 1034; x_wconf 90' lang='lat' dir='ltr'>medicamentis;</span> <span class='ocrx_word' id='word_1_36' title='bbox 735 973 863 1048; x_wconf 87' lang='lat' dir='ltr'>graves</span> <span class='ocrx_word' id='word_1_37' title='bbox 885 949 999 1021; x_wconf 87' lang='lat' dir='ltr'>animi</span> <span class='ocrx_word' id='word_1_38' title='bbox 1014 948 1176 1034; x_wconf 85' lang='lat' dir='ltr'>affectus,</span> <span class='ocrx_word' id='word_1_39' title='bbox 1207 950 1299 1023; x_wconf 89' lang='lat' dir='ltr'>sive</span> 
     </span>
     <span class='ocr_line' id='line_1_7' title="bbox 206 1058 1296 1162; baseline -0.005 -24"><span class='ocrx_word' id='word_1_40' title='bbox 206 1065 407 1139; x_wconf 84' lang='lat' dir='ltr'><strong>excitantes</strong></span> <span class='ocrx_word' id='word_1_41' title='bbox 423 1065 500 1138; x_wconf 91' lang='lat' dir='ltr'>sive</span> <span class='ocrx_word' id='word_1_42' title='bbox 516 1065 771 1162; x_wconf 83' lang='lat' dir='ltr'>deprimentes,</span> <span class='ocrx_word' id='word_1_43' title='bbox 788 1062 918 1158; x_wconf 87' lang='lat' dir='ltr'>ingens</span> <span class='ocrx_word' id='word_1_44' title='bbox 935 1060 1116 1149; x_wconf 79' lang='lat' dir='ltr'>debilitas,</span> <span class='ocrx_word' id='word_1_45' title='bbox 1144 1058 1205 1133; x_wconf 92' lang='lat' dir='ltr'>vel</span> <span class='ocrx_word' id='word_1_46' title='bbox 1226 1085 1296 1159; x_wconf 87' lang='lat' dir='ltr'>ge-</span> 
     </span>
     <span class='ocr_line' id='line_1_8' title="bbox 206 1172 1294 1272; baseline -0.003 -21"><span class='ocrx_word' id='word_1_47' title='bbox 206 1175 345 1263; x_wconf 86' lang='lat' dir='ltr'>neralis,</span> <span class='ocrx_word' id='word_1_48' title='bbox 355 1175 424 1251; x_wconf 78' lang='lat' dir='ltr'>,vel</span> <span class='ocrx_word' id='word_1_49' title='bbox 441 1176 537 1250; x_wconf 91' lang='lat' dir='ltr'>uteri</span> <span class='ocrx_word' id='word_1_50' title='bbox 554 1186 713 1261; x_wconf 89' lang='lat' dir='ltr'>tautum,</span> <span class='ocrx_word' id='word_1_51' title='bbox 731 1174 791 1248; x_wconf 88' lang='lat' dir='ltr'>vel</span> <span class='ocrx_word' id='word_1_52' title='bbox 806 1196 965 1272; x_wconf 75' lang='lat' dir='ltr'>syncope</span> <span class='ocrx_word' id='word_1_53' title='bbox 981 1173 1144 1259; x_wconf 89' lang='lat' dir='ltr'>demum,</span> <span class='ocrx_word' id='word_1_54' title='bbox 1167 1172 1294 1248; x_wconf 88' lang='lat' dir='ltr'>veluti</span> 
     </span>
     <span class='ocr_line' id='line_1_9' title="bbox 202 1285 1293 1383; baseline -0.004 -20"><span class='ocrx_word' id='word_1_55' title='bbox 202 1288 252 1363; x_wconf 89' lang='lat' dir='ltr'>ab</span> <span class='ocrx_word' id='word_1_56' title='bbox 269 1289 481 1365; x_wconf 87' lang='lat' dir='ltr'>enormibus</span> <span class='ocrx_word' id='word_1_57' title='bbox 498 1287 832 1371; x_wconf 87' lang='lat' dir='ltr'>exinanitionibus;</span> <span class='ocrx_word' id='word_1_58' title='bbox 858 1298 896 1360; x_wconf 93' lang='lat' dir='ltr'>et</span> <span class='ocrx_word' id='word_1_59' title='bbox 912 1286 1002 1359; x_wconf 86' lang='lat' dir='ltr'>vitia</span> <span class='ocrx_word' id='word_1_60' title='bbox 1018 1285 1179 1383; x_wconf 89' lang='lat' dir='ltr'>denique</span> <span class='ocrx_word' id='word_1_61' title='bbox 1197 1308 1293 1359; x_wconf 91' lang='lat' dir='ltr'>non-</span> 
     </span>
     <span class='ocr_line' id='line_1_10' title="bbox 204 1397 1291 1501; baseline -0.003 -26"><span class='ocrx_word' id='word_1_62' title='bbox 204 1399 307 1475; x_wconf 87' lang='lat' dir='ltr'>nulla</span> <span class='ocrx_word' id='word_1_63' title='bbox 323 1400 437 1475; x_wconf 86' lang='lat' dir='ltr'>soetus</span> <span class='ocrx_word' id='word_1_64' title='bbox 453 1402 578 1501; x_wconf 90' lang='lat' dir='ltr'>ipsius,</span> <span class='ocrx_word' id='word_1_65' title='bbox 595 1398 692 1474; x_wconf 93' lang='lat' dir='ltr'>mole</span> <span class='ocrx_word' id='word_1_66' title='bbox 704 1398 763 1474; x_wconf 92' lang='lat' dir='ltr'>vel</span> <span class='ocrx_word' id='word_1_67' title='bbox 776 1398 895 1498; x_wconf 90' lang='lat' dir='ltr'>figura</span> <span class='ocrx_word' id='word_1_68' title='bbox 911 1398 1114 1483; x_wconf 88' lang='lat' dir='ltr'>monstrosi,</span> <span class='ocrx_word' id='word_1_69' title='bbox 1132 1397 1291 1496; x_wconf 89' lang='lat' dir='ltr'>ejusque</span> 
     </span>
     <span class='ocr_line' id='line_1_11' title="bbox 205 1510 1290 1608; baseline -0.005 -20"><span class='ocrx_word' id='word_1_70' title='bbox 205 1514 331 1588; x_wconf 89' lang='lat' dir='ltr'>minus</span> <span class='ocrx_word' id='word_1_71' title='bbox 356 1514 509 1586; x_wconf 90' lang='lat' dir='ltr'>idoneus</span> <span class='ocrx_word' id='word_1_72' title='bbox 533 1514 573 1585; x_wconf 93' lang='lat' dir='ltr'>in</span> <span class='ocrx_word' id='word_1_73' title='bbox 599 1524 705 1586; x_wconf 90' lang='lat' dir='ltr'>utero</span> <span class='ocrx_word' id='word_1_74' title='bbox 730 1513 832 1598; x_wconf 90' lang='lat' dir='ltr'>situs,</span> <span class='ocrx_word' id='word_1_75' title='bbox 857 1512 918 1585; x_wconf 85' lang='lat' dir='ltr'>vel</span> <span class='ocrx_word' id='word_1_76' title='bbox 933 1510 1051 1584; x_wconf 91' lang='lat' dir='ltr'>morbi</span> <span class='ocrx_word' id='word_1_77' title='bbox 1068 1511 1135 1608; x_wconf 92' lang='lat' dir='ltr'>qui</span> <span class='ocrx_word' id='word_1_78' title='bbox 1159 1510 1290 1584; x_wconf 88' lang='lat' dir='ltr'>circui-</span> 
     </span>
     <span class='ocr_line' id='line_1_12' title="bbox 208 1619 1290 1726; baseline -0.006 -26"><span class='ocrx_word' id='word_1_79' title='bbox 208 1637 292 1700; x_wconf 89' lang='lat' dir='ltr'>tum</span> <span class='ocrx_word' id='word_1_80' title='bbox 317 1626 507 1726; x_wconf 84' lang='lat' dir='ltr'>sanguinis</span> <span class='ocrx_word' id='word_1_81' title='bbox 531 1649 596 1724; x_wconf 88' lang='lat' dir='ltr'>per</span> <span class='ocrx_word' id='word_1_82' title='bbox 614 1624 826 1724; x_wconf 82' lang='lat' dir='ltr'>placentam</span> <span class='ocrx_word' id='word_1_83' title='bbox 851 1622 1025 1722; x_wconf 84' lang='lat' dir='ltr'>languere</span> <span class='ocrx_word' id='word_1_84' title='bbox 1049 1621 1202 1709; x_wconf 86' lang='lat' dir='ltr'>faciunt,</span> <span class='ocrx_word' id='word_1_85' title='bbox 1229 1619 1290 1695; x_wconf 85' lang='lat' dir='ltr'>vel</span> 
     </span>
     <span class='ocr_line' id='line_1_13' title="bbox 207 1732 1289 1836; baseline -0.005 -23"><span class='ocrx_word' id='word_1_86' title='bbox 207 1762 304 1813; x_wconf 89' lang='lat' dir='ltr'>mors</span> <span class='ocrx_word' id='word_1_87' title='bbox 320 1737 493 1836; x_wconf 90' lang='lat' dir='ltr'>denique,</span> <span class='ocrx_word' id='word_1_88' title='bbox 509 1761 593 1836; x_wconf 87' lang='lat' dir='ltr'>quae</span> <span class='ocrx_word' id='word_1_89' title='bbox 608 1759 758 1811; x_wconf 89' lang='lat' dir='ltr'>omnem</span> <span class='ocrx_word' id='word_1_90' title='bbox 775 1734 974 1808; x_wconf 89' lang='lat' dir='ltr'>humorum</span> <span class='ocrx_word' id='word_1_91' title='bbox 990 1759 1056 1833; x_wconf 89' lang='lat' dir='ltr'>per</span> <span class='ocrx_word' id='word_1_92' title='bbox 1075 1732 1289 1834; x_wconf 77' lang='lat' dir='ltr'>placentum</span> 
     </span>
     <span class='ocr_line' id='line_1_14' title="bbox 209 1848 1235 1947; baseline -0.004 -22"><span class='ocrx_word' id='word_1_93' title='bbox 209 1861 355 1925; x_wconf 92' lang='lat' dir='ltr'>motum</span> <span class='ocrx_word' id='word_1_94' title='bbox 373 1851 478 1937; x_wconf 91' lang='lat' dir='ltr'>sistit,</span> <span class='ocrx_word' id='word_1_95' title='bbox 494 1849 826 1947; x_wconf 84' lang='lat' dir='ltr'>commerciumque</span> <span class='ocrx_word' id='word_1_96' title='bbox 841 1871 929 1920; x_wconf 92' lang='lat' dir='ltr'>cum</span> <span class='ocrx_word' id='word_1_97' title='bbox 945 1857 1063 1921; x_wconf 90' lang='lat' dir='ltr'>matre</span> <span class='ocrx_word' id='word_1_98' title='bbox 1078 1848 1235 1947; x_wconf 79' lang='lat' dir='ltr'>rumpit</span> 
     </span>
    </p>

    <p class='ocr_par' dir='ltr' id='par_1_4' title="bbox 207 1958 1288 3063">
     <span class='ocr_line' id='line_1_15' title="bbox 256 1958 1288 2059; baseline -0.001 -23"><span class='ocrx_word' id='word_1_99' title='bbox 256 1983 502 2037; x_wconf 76' lang='lat' dir='ltr'>mcccxxxrrr.</span> <span class='ocrx_word' id='word_1_100' title='bbox 520 1959 635 2034; x_wconf 80' lang='lat' dir='ltr'>Ratio</span> <span class='ocrx_word' id='word_1_101' title='bbox 658 1961 775 2059; x_wconf 89' lang='lat' dir='ltr'>igitur</span> <span class='ocrx_word' id='word_1_102' title='bbox 799 1959 898 2033; x_wconf 87' lang='lat' dir='ltr'>haud</span> <span class='ocrx_word' id='word_1_103' title='bbox 915 1960 1067 2035; x_wconf 89' lang='lat' dir='ltr'>obscura</span> <span class='ocrx_word' id='word_1_104' title='bbox 1084 1961 1154 2035; x_wconf 92' lang='lat' dir='ltr'>erit</span> <span class='ocrx_word' id='word_1_105' title='bbox 1169 1958 1221 2035; x_wconf 89' lang='lat' dir='ltr'>ab</span> <span class='ocrx_word' id='word_1_106' title='bbox 1233 1958 1288 2034; x_wconf 90' lang='lat' dir='ltr'>iu·</span> 
     </span>
     <span class='ocr_line' id='line_1_16' title="bbox 207 2071 1288 2171; baseline 0 -24"><span class='ocrx_word' id='word_1_107' title='bbox 207 2082 327 2147; x_wconf 88' lang='lat' dir='ltr'>stante</span> <span class='ocrx_word' id='word_1_108' title='bbox 353 2071 450 2147; x_wconf 89' lang='lat' dir='ltr'>malo</span> <span class='ocrx_word' id='word_1_109' title='bbox 475 2071 714 2170; x_wconf 76' lang='lat' dir='ltr'>praecavendi,</span> <span class='ocrx_word' id='word_1_110' title='bbox 752 2073 940 2171; x_wconf 90' lang='lat' dir='ltr'>sanguinis</span> <span class='ocrx_word' id='word_1_111' title='bbox 964 2072 1203 2161; x_wconf 89' lang='lat' dir='ltr'>detractione,</span> <span class='ocrx_word' id='word_1_112' title='bbox 1227 2072 1288 2147; x_wconf 88' lang='lat' dir='ltr'>de·</span> 
     </span>
     <span class='ocr_line' id='line_1_17' title="bbox 207 2184 1287 2283; baseline 0.001 -24"><span class='ocrx_word' id='word_1_113' title='bbox 207 2184 425 2270; x_wconf 89' lang='lat' dir='ltr'>cumbendo,</span> <span class='ocrx_word' id='word_1_114' title='bbox 451 2185 577 2281; x_wconf 90' lang='lat' dir='ltr'>quiete</span> <span class='ocrx_word' id='word_1_115' title='bbox 593 2185 707 2257; x_wconf 92' lang='lat' dir='ltr'>animi</span> <span class='ocrx_word' id='word_1_116' title='bbox 725 2193 763 2257; x_wconf 90' lang='lat' dir='ltr'>et</span> <span class='ocrx_word' id='word_1_117' title='bbox 779 2184 948 2282; x_wconf 90' lang='lat' dir='ltr'>corporis,</span> <span class='ocrx_word' id='word_1_118' title='bbox 976 2184 1158 2283; x_wconf 89' lang='lat' dir='ltr'>anodynis</span> <span class='ocrx_word' id='word_1_119' title='bbox 1173 2207 1287 2260; x_wconf 86' lang='lat' dir='ltr'>reme·</span> 
     </span>
     <span class='ocr_line' id='line_1_18' title="bbox 208 2296 1287 2397; baseline 0.001 -27"><span class='ocrx_word' id='word_1_120' title='bbox 208 2296 292 2387; x_wconf 89' lang='lat' dir='ltr'>diis,</span> <span class='ocrx_word' id='word_1_121' title='bbox 315 2297 450 2397; x_wconf 84' lang='lat' dir='ltr'>frigore</span> <span class='ocrx_word' id='word_1_122' title='bbox 466 2297 574 2371; x_wconf 86' lang='lat' dir='ltr'>variis</span> <span class='ocrx_word' id='word_1_123' title='bbox 603 2296 722 2370; x_wconf 92' lang='lat' dir='ltr'>modis</span> <span class='ocrx_word' id='word_1_124' title='bbox 739 2297 899 2384; x_wconf 86' lang='lat' dir='ltr'>admoto,</span> <span class='ocrx_word' id='word_1_125' title='bbox 923 2297 1076 2396; x_wconf 87' lang='lat' dir='ltr'>aliisque</span> <span class='ocrx_word' id='word_1_126' title='bbox 1104 2297 1287 2386; x_wconf 83' lang='lat' dir='ltr'>remediis,</span> 
     </span>
     <span class='ocr_line' id='line_1_19' title="bbox 209 2408 1287 2511; baseline 0.002 -27"><span class='ocrx_word' id='word_1_127' title='bbox 209 2421 321 2511; x_wconf 92' lang='lat' dir='ltr'>prout</span> <span class='ocrx_word' id='word_1_128' title='bbox 345 2435 400 2484; x_wconf 91' lang='lat' dir='ltr'>res</span> <span class='ocrx_word' id='word_1_129' title='bbox 425 2408 702 2509; x_wconf 85' lang='lat' dir='ltr'>postulaverint,</span> <span class='ocrx_word' id='word_1_130' title='bbox 727 2409 908 2485; x_wconf 79' lang='lat' dir='ltr'>adhibitis</span> <span class='ocrx_word' id='word_1_131' title='bbox 984 2409 1118 2508; x_wconf 89' lang='lat' dir='ltr'>Neque</span> <span class='ocrx_word' id='word_1_132' title='bbox 1144 2433 1287 2511; x_wconf 86' lang='lat' dir='ltr'>semper</span> 
     </span>
     <span class='ocr_line' id='line_1_20' title="bbox 210 2520 1286 2622; baseline 0.002 -25"><span class='ocrx_word' id='word_1_133' title='bbox 210 2536 276 2599; x_wconf 85' lang='lat' dir='ltr'>aut</span> <span class='ocrx_word' id='word_1_134' title='bbox 292 2522 425 2598; x_wconf 91' lang='lat' dir='ltr'>mulier</span> <span class='ocrx_word' id='word_1_135' title='bbox 440 2524 609 2607; x_wconf 86' lang='lat' dir='ltr'>abortum</span> <span class='ocrx_word' id='word_1_136' title='bbox 640 2522 736 2609; x_wconf 87' lang='lat' dir='ltr'>facit,</span> <span class='ocrx_word' id='word_1_137' title='bbox 766 2531 833 2598; x_wconf 90' lang='lat' dir='ltr'>aut</span> <span class='ocrx_word' id='word_1_138' title='bbox 847 2520 965 2596; x_wconf 87' lang='lat' dir='ltr'>infans</span> <span class='ocrx_word' id='word_1_139' title='bbox 981 2524 1086 2620; x_wconf 89' lang='lat' dir='ltr'>perit,</span> <span class='ocrx_word' id='word_1_140' title='bbox 1116 2523 1286 2622; x_wconf 75' lang='lat' dir='ltr'>quamvis</span> 
     </span>
     <span class='ocr_line' id='line_1_21' title="bbox 210 2631 1286 2734; baseline -0.001 -24"><span class='ocrx_word' id='word_1_141' title='bbox 210 2661 316 2734; x_wconf 86' lang='lat' dir='ltr'>aquae</span> <span class='ocrx_word' id='word_1_142' title='bbox 332 2635 510 2722; x_wconf 89' lang='lat' dir='ltr'>nonnihil,</span> <span class='ocrx_word' id='word_1_143' title='bbox 528 2635 589 2709; x_wconf 91' lang='lat' dir='ltr'>vel</span> <span class='ocrx_word' id='word_1_144' title='bbox 605 2633 791 2734; x_wconf 87' lang='lat' dir='ltr'>sanguinis</span> <span class='ocrx_word' id='word_1_145' title='bbox 808 2633 930 2719; x_wconf 88' lang='lat' dir='ltr'>etiam,</span> <span class='ocrx_word' id='word_1_146' title='bbox 955 2631 1152 2723; x_wconf 89' lang='lat' dir='ltr'>effluxerit,</span> <span class='ocrx_word' id='word_1_147' title='bbox 1178 2636 1286 2711; x_wconf 88' lang='lat' dir='ltr'>nimi·</span> 
     </span>
     <span class='ocr_line' id='line_1_22' title="bbox 210 2745 1286 2846; baseline 0.007 -29"><span class='ocrx_word' id='word_1_148' title='bbox 210 2769 295 2818; x_wconf 90' lang='lat' dir='ltr'>rum</span> <span class='ocrx_word' id='word_1_149' title='bbox 322 2748 408 2843; x_wconf 90' lang='lat' dir='ltr'>quia</span> <span class='ocrx_word' id='word_1_150' title='bbox 430 2745 620 2846; x_wconf 80' lang='lat' dir='ltr'>placenta,</span> <span class='ocrx_word' id='word_1_151' title='bbox 657 2748 687 2819; x_wconf 90' lang='lat' dir='ltr'>si</span> <span class='ocrx_word' id='word_1_152' title='bbox 716 2756 877 2843; x_wconf 88' lang='lat' dir='ltr'>separata</span> <span class='ocrx_word' id='word_1_153' title='bbox 905 2745 1137 2845; x_wconf 87' lang='lat' dir='ltr'>aliquantum</span> <span class='ocrx_word' id='word_1_154' title='bbox 1165 2747 1286 2834; x_wconf 86' lang='lat' dir='ltr'>fuerit,</span> 
     </span>
     <span class='ocr_line' id='line_1_23' title="bbox 209 2857 1286 2958; baseline 0.01 -32"><span class='ocrx_word' id='word_1_155' title='bbox 209 2878 297 2927; x_wconf 90' lang='lat' dir='ltr'>cum</span> <span class='ocrx_word' id='word_1_156' title='bbox 314 2866 420 2928; x_wconf 88' lang='lat' dir='ltr'>utero</span> <span class='ocrx_word' id='word_1_157' title='bbox 436 2882 559 2932; x_wconf 89' lang='lat' dir='ltr'>rursus</span> <span class='ocrx_word' id='word_1_158' title='bbox 576 2878 800 2932; x_wconf 84' lang='lat' dir='ltr'>concrescere</span> <span class='ocrx_word' id='word_1_159' title='bbox 825 2867 956 2955; x_wconf 89' lang='lat' dir='ltr'>potest,</span> <span class='ocrx_word' id='word_1_160' title='bbox 979 2868 1018 2932; x_wconf 92' lang='lat' dir='ltr'>et</span> <span class='ocrx_word' id='word_1_161' title='bbox 1033 2859 1156 2958; x_wconf 89' lang='lat' dir='ltr'>liquor</span> <span class='ocrx_word' id='word_1_162' title='bbox 1171 2857 1286 2937; x_wconf 73' lang='lat' dir='ltr'>aaut</span> 
     </span>
     <span class='ocr_line' id='line_1_24' title="bbox 210 2964 534 3063; baseline 0.012 -27"><span class='ocrx_word' id='word_1_163' title='bbox 210 2964 345 3037; x_wconf 90' lang='lat' dir='ltr'>iterum</span> <span class='ocrx_word' id='word_1_164' title='bbox 363 2969 534 3063; x_wconf 89' lang='lat' dir='ltr'>suppleri.</span> 
     </span>
    </p>

    <p class='ocr_par' dir='ltr' id='par_1_5' title="bbox 203 3078 1284 4304">
     <span class='ocr_line' id='line_1_25' title="bbox 258 3078 1283 3188; baseline 0.013 -39"><span class='ocrx_word' id='word_1_165' title='bbox 258 3098 493 3153; x_wconf 75' lang='lat' dir='ltr'>ccccxxxv.</span> <span class='ocrx_word' id='word_1_166' title='bbox 524 3078 656 3165; x_wconf 86' lang='lat' dir='ltr'>Quum</span> <span class='ocrx_word' id='word_1_167' title='bbox 685 3102 772 3152; x_wconf 87' lang='lat' dir='ltr'>vero</span> <span class='ocrx_word' id='word_1_168' title='bbox 794 3079 874 3176; x_wconf 86' lang='lat' dir='ltr'>jam</span> <span class='ocrx_word' id='word_1_169' title='bbox 903 3081 949 3158; x_wconf 90' lang='lat' dir='ltr'>ad</span> <span class='ocrx_word' id='word_1_170' title='bbox 973 3083 1122 3181; x_wconf 92' lang='lat' dir='ltr'>justum</span> <span class='ocrx_word' id='word_1_171' title='bbox 1139 3095 1283 3188; x_wconf 88' lang='lat' dir='ltr'>tempus</span> 
     </span>
     <span class='ocr_line' id='line_1_26' title="bbox 208 3191 1284 3289; baseline 0.008 -27"><span class='ocrx_word' id='word_1_172' title='bbox 208 3199 366 3264; x_wconf 86' lang='lat' dir='ltr'>ventum</span> <span class='ocrx_word' id='word_1_173' title='bbox 383 3191 440 3277; x_wconf 91' lang='lat' dir='ltr'>sit,</span> <span class='ocrx_word' id='word_1_174' title='bbox 469 3201 595 3288; x_wconf 89' lang='lat' dir='ltr'>partus</span> <span class='ocrx_word' id='word_1_175' title='bbox 624 3214 719 3289; x_wconf 87' lang='lat' dir='ltr'>saepe</span> <span class='ocrx_word' id='word_1_176' title='bbox 747 3191 916 3280; x_wconf 88' lang='lat' dir='ltr'>difficilis,</span> <span class='ocrx_word' id='word_1_177' title='bbox 941 3208 980 3269; x_wconf 92' lang='lat' dir='ltr'>et</span> <span class='ocrx_word' id='word_1_178' title='bbox 995 3195 1207 3287; x_wconf 89' lang='lat' dir='ltr'>laboriosus,</span> <span class='ocrx_word' id='word_1_179' title='bbox 1223 3205 1284 3275; x_wconf 87' lang='lat' dir='ltr'>aut</span> 
     </span>
     <span class='ocr_line' id='line_1_27' title="bbox 208 3301 1283 3410; baseline 0.008 -34"><span class='ocrx_word' id='word_1_180' title='bbox 208 3301 442 3401; x_wconf 89' lang='lat' dir='ltr'>periculosus,</span> <span class='ocrx_word' id='word_1_181' title='bbox 459 3301 514 3389; x_wconf 89' lang='lat' dir='ltr'>tit,</span> <span class='ocrx_word' id='word_1_182' title='bbox 539 3314 687 3402; x_wconf 86' lang='lat' dir='ltr'>propter</span> <span class='ocrx_word' id='word_1_183' title='bbox 702 3305 878 3403; x_wconf 82' lang='lat' dir='ltr'>plurimas</span> <span class='ocrx_word' id='word_1_184' title='bbox 888 3331 1027 3402; x_wconf 74' lang='lat' dir='ltr'>cauam,</span> <span class='ocrx_word' id='word_1_185' title='bbox 1045 3335 1138 3408; x_wconf 88' lang='lat' dir='ltr'>quas</span> <span class='ocrx_word' id='word_1_186' title='bbox 1154 3310 1283 3410; x_wconf 80' lang='lat' dir='ltr'>specia-</span> 
     </span>
     <span class='ocr_line' id='line_1_28' title="bbox 208 3415 1282 3518; baseline 0.012 -32"><span class='ocrx_word' id='word_1_187' title='bbox 208 3415 275 3486; x_wconf 85' lang='lat' dir='ltr'>tim</span> <span class='ocrx_word' id='word_1_188' title='bbox 294 3415 526 3513; x_wconf 90' lang='lat' dir='ltr'>perpendere,</span> <span class='ocrx_word' id='word_1_189' title='bbox 554 3425 592 3488; x_wconf 92' lang='lat' dir='ltr'>et</span> <span class='ocrx_word' id='word_1_190' title='bbox 621 3417 752 3490; x_wconf 90' lang='lat' dir='ltr'>idonea</span> <span class='ocrx_word' id='word_1_191' title='bbox 769 3418 996 3518; x_wconf 89' lang='lat' dir='ltr'>singulamm</span> <span class='ocrx_word' id='word_1_192' title='bbox 1012 3422 1153 3497; x_wconf 88' lang='lat' dir='ltr'>auxilia</span> <span class='ocrx_word' id='word_1_193' title='bbox 1180 3446 1282 3499; x_wconf 86' lang='lat' dir='ltr'>exco-</span> 
     </span>
     <span class='ocr_line' id='line_1_29' title="bbox 206 3526 1284 3635; baseline 0.014 -38"><span class='ocrx_word' id='word_1_194' title='bbox 206 3526 333 3623; x_wconf 88' lang='lat' dir='ltr'>gitare,</span> <span class='ocrx_word' id='word_1_195' title='bbox 351 3528 552 3602; x_wconf 89' lang='lat' dir='ltr'>obstetricis</span> <span class='ocrx_word' id='word_1_196' title='bbox 581 3539 646 3602; x_wconf 92' lang='lat' dir='ltr'>est.</span> <span class='ocrx_word' id='word_1_197' title='bbox 699 3531 763 3604; x_wconf 87' lang='lat' dir='ltr'>Sat</span> <span class='ocrx_word' id='word_1_198' title='bbox 791 3532 859 3605; x_wconf 88' lang='lat' dir='ltr'>erit</span> <span class='ocrx_word' id='word_1_199' title='bbox 877 3531 936 3606; x_wconf 89' lang='lat' dir='ltr'>hic</span> <span class='ocrx_word' id='word_1_200' title='bbox 952 3557 1184 3624; x_wconf 87' lang='lat' dir='ltr'>memorasse,</span> <span class='ocrx_word' id='word_1_201' title='bbox 1208 3559 1284 3635; x_wconf 80' lang='lat' dir='ltr'>pat·</span> 
     </span>
     <span class='ocr_line' id='line_1_30' title="bbox 207 3638 1283 3747; baseline 0.009 -37"><span class='ocrx_word' id='word_1_202' title='bbox 207 3649 288 3711; x_wconf 94' lang='lat' dir='ltr'>tum</span> <span class='ocrx_word' id='word_1_203' title='bbox 308 3638 510 3713; x_wconf 88' lang='lat' dir='ltr'>naturalem</span> <span class='ocrx_word' id='word_1_204' title='bbox 528 3652 567 3714; x_wconf 93' lang='lat' dir='ltr'>et</span> <span class='ocrx_word' id='word_1_205' title='bbox 593 3641 854 3730; x_wconf 88' lang='lat' dir='ltr'>felicissimum,</span> <span class='ocrx_word' id='word_1_206' title='bbox 883 3668 1004 3742; x_wconf 86' lang='lat' dir='ltr'>neque</span> <span class='ocrx_word' id='word_1_207' title='bbox 1021 3647 1148 3722; x_wconf 89' lang='lat' dir='ltr'>dolore</span> <span class='ocrx_word' id='word_1_208' title='bbox 1163 3668 1283 3747; x_wconf 83' lang='lat' dir='ltr'>neque</span> 
     </span>
     <span class='ocr_line' id='line_1_31' title="bbox 205 3750 1284 3855; baseline 0.008 -34"><span class='ocrx_word' id='word_1_209' title='bbox 205 3750 367 3848; x_wconf 87' lang='lat' dir='ltr'>periculo</span> <span class='ocrx_word' id='word_1_210' title='bbox 384 3754 547 3849; x_wconf 88' lang='lat' dir='ltr'>quodam</span> <span class='ocrx_word' id='word_1_211' title='bbox 577 3757 725 3854; x_wconf 88' lang='lat' dir='ltr'>penitus</span> <span class='ocrx_word' id='word_1_212' title='bbox 754 3780 894 3829; x_wconf 88' lang='lat' dir='ltr'>carere:</span> <span class='ocrx_word' id='word_1_213' title='bbox 921 3758 1125 3855; x_wconf 88' lang='lat' dir='ltr'>periculum</span> <span class='ocrx_word' id='word_1_214' title='bbox 1144 3785 1234 3835; x_wconf 89' lang='lat' dir='ltr'>vero</span> <span class='ocrx_word' id='word_1_215' title='bbox 1247 3765 1284 3833; x_wconf 86' lang='lat' dir='ltr'>et</span> 
     </span>
     <span class='ocr_line' id='line_1_32' title="bbox 205 3861 1282 3968; baseline 0.014 -34"><span class='ocrx_word' id='word_1_216' title='bbox 205 3861 367 3935; x_wconf 88' lang='lat' dir='ltr'>dolorem</span> <span class='ocrx_word' id='word_1_217' title='bbox 386 3866 520 3960; x_wconf 90' lang='lat' dir='ltr'>pariter</span> <span class='ocrx_word' id='word_1_218' title='bbox 537 3864 612 3939; x_wconf 88' lang='lat' dir='ltr'>fere</span> <span class='ocrx_word' id='word_1_219' title='bbox 628 3867 764 3964; x_wconf 89' lang='lat' dir='ltr'>majora</span> <span class='ocrx_word' id='word_1_220' title='bbox 792 3893 878 3953; x_wconf 87' lang='lat' dir='ltr'>esse,</span> <span class='ocrx_word' id='word_1_221' title='bbox 907 3868 1038 3966; x_wconf 91' lang='lat' dir='ltr'>puellis</span> <span class='ocrx_word' id='word_1_222' title='bbox 1062 3871 1282 3968; x_wconf 85' lang='lat' dir='ltr'>junioribus</span> 
     </span>
     <span class='ocr_line' id='line_1_33' title="bbox 203 3974 1281 4083; baseline 0.007 -33"><span class='ocrx_word' id='word_1_223' title='bbox 203 3974 440 4073; x_wconf 87' lang='lat' dir='ltr'>foeminisque</span> <span class='ocrx_word' id='word_1_224' title='bbox 470 3978 614 4052; x_wconf 88' lang='lat' dir='ltr'>annosis</span> <span class='ocrx_word' id='word_1_225' title='bbox 642 3979 856 4077; x_wconf 86' lang='lat' dir='ltr'>primiparis,</span> <span class='ocrx_word' id='word_1_226' title='bbox 884 3980 1071 4068; x_wconf 89' lang='lat' dir='ltr'>nimirum,</span> <span class='ocrx_word' id='word_1_227' title='bbox 1099 3984 1189 4083; x_wconf 89' lang='lat' dir='ltr'>quia</span> <span class='ocrx_word' id='word_1_228' title='bbox 1205 3982 1281 4069; x_wconf 80' lang='lat' dir='ltr'>illis,</span> 
     </span>
     <span class='ocr_line' id='line_1_34' title="bbox 203 4086 1282 4188; baseline 0.005 -26"><span class='ocrx_word' id='word_1_229' title='bbox 203 4087 370 4162; x_wconf 86' lang='lat' dir='ltr'>nondum</span> <span class='ocrx_word' id='word_1_230' title='bbox 392 4086 493 4185; x_wconf 88' lang='lat' dir='ltr'>justa</span> <span class='ocrx_word' id='word_1_231' title='bbox 510 4100 565 4163; x_wconf 92' lang='lat' dir='ltr'>est</span> <span class='ocrx_word' id='word_1_232' title='bbox 589 4089 818 4188; x_wconf 89' lang='lat' dir='ltr'>magnitud0,</span> <span class='ocrx_word' id='word_1_233' title='bbox 848 4101 913 4164; x_wconf 91' lang='lat' dir='ltr'>aut</span> <span class='ocrx_word' id='word_1_234' title='bbox 936 4092 1189 4186; x_wconf 85' lang='lat' dir='ltr'>conformatio,</span> <span class='ocrx_word' id='word_1_235' title='bbox 1222 4103 1282 4171; x_wconf 90' lang='lat' dir='ltr'>aut</span> 
     </span>
     <span class='ocr_line' id='line_1_35' title="bbox 203 4201 1282 4304; baseline 0.005 -29"><span class='ocrx_word' id='word_1_236' title='bbox 203 4201 323 4288; x_wconf 81' lang='lat' dir='ltr'>robur,</span> <span class='ocrx_word' id='word_1_237' title='bbox 353 4201 515 4298; x_wconf 89' lang='lat' dir='ltr'>partium</span> <span class='ocrx_word' id='word_1_238' title='bbox 532 4226 617 4299; x_wconf 90' lang='lat' dir='ltr'>quae</span> <span class='ocrx_word' id='word_1_239' title='bbox 637 4202 675 4275; x_wconf 89' lang='lat' dir='ltr'>in</span> <span class='ocrx_word' id='word_1_240' title='bbox 705 4205 897 4302; x_wconf 85' lang='lat' dir='ltr'>puerperio</span> <span class='ocrx_word' id='word_1_241' title='bbox 924 4207 1141 4304; x_wconf 82' lang='lat' dir='ltr'>patiuntur3</span> <span class='ocrx_word' id='word_1_242' title='bbox 1168 4208 1282 4288; x_wconf 90' lang='lat' dir='ltr'>ethis</span> 
     </span>
    </p>
   </div>
   <div class='ocr_carea' id='block_1_4' title="bbox 0 0 1344 4794">
    <p class='ocr_par' dir='ltr' id='par_1_6' title="bbox 0 0 1344 4794">
     <span class='ocr_line' id='line_1_36' title="bbox 0 0 1344 4794; baseline 0 1"><span class='ocrx_word' id='word_1_243' title='bbox 0 0 1344 4794; x_wconf 95' lang='lat' dir='ltr'> </span> 
     </span>
    </p>
   </div>
  </div>
 </body>
</html>
