2678 4794
584 309 734 387 xxxviii

123 523 219 596 situs
246 516 369 602 luerit,
393 534 432 586 se
458 508 683 584 levissimam
708 505 934 598 tussiculam,
958 518 1025 585 aut
1041 509 1208 588 dolorem

125 633 268 731 capitis,
293 637 357 713 aut
373 622 536 699 dolorem
553 619 614 697 vel
631 621 744 696 unius
760 620 893 709 dentis,
918 646 984 722 per
1000 621 1076 699 ulla
1092 626 1209 700 medi-

126 753 296 820 camenta
311 760 388 823 esse
404 745 629 812 sanaturum.
679 734 802 812 Tanta
827 737 928 811 enim
944 747 1097 835 tamque
1112 749 1213 812 certa

126 857 246 932 virtus
263 848 480 949 nequidem
509 849 549 922 in
574 857 655 924 tota
679 848 831 924 scientia
845 860 886 924 et
901 859 980 924 arte
997 850 1140 924 medica
1156 851 1212 924 in-

53 952 56 956 *
128 979 204 1053 est;
229 974 269 1038 et
285 961 407 1038 multo
429 963 557 1037 minus
585 961 625 1036 in
655 961 809 1062 singulis
836 963 1126 1050 medicamentis,
1152 974 1212 1039 ut-

128 1100 277 1176 cunque
287 1076 445 1175 jactatis.
494 1075 538 1151 A
554 1085 686 1151 natura
714 1077 816 1155 enim
844 1077 898 1151 ita
925 1075 1142 1152 fabricatum
1174 1087 1214 1150 et

124 1187 179 1269 ita
194 1190 444 1265 coustitutum
470 1199 528 1265 cst
552 1211 684 1287 corpus
708 1188 929 1278 humanum,
956 1200 1011 1275 ut,
1036 1188 1146 1263 variis
1163 1212 1211 1263 ex

126 1304 253 1391 causis,
279 1303 318 1377 in
339 1303 455 1377 varios
472 1302 617 1376 morbos
633 1301 784 1390 incidat,
801 1303 903 1380 unde
918 1302 1142 1402 plerumque
1159 1326 1211 1375 se·

127 1418 205 1496 rius
222 1440 336 1514 ocyus
353 1413 574 1490 convalescit
590 1415 738 1500 iterum,
763 1425 831 1489 aut
857 1414 942 1491 solis
968 1424 1111 1489 natiuae
1126 1413 1212 1488 viri-

125 1527 197 1604 bus
214 1539 327 1627 atque
342 1524 545 1614 mantibus,
570 1537 637 1601 aut
660 1551 732 1625 ope
760 1527 1011 1602 remediorum
1028 1526 1150 1626 qualia
1166 1528 1212 1602 is-

125 1641 306 1717 tiusmodi
323 1651 466 1716 naturae
481 1651 635 1715 conatus
647 1640 812 1714 excitent
824 1648 863 1714 et
875 1649 1128 1740 promoveant,
1145 1639 1213 1713 vix

126 1778 296 1854 uuquam
319 1779 408 1829 vero
437 1751 522 1829 solis
548 1751 905 1828 medicamentorum
922 1751 1064 1828 viribus
1079 1761 1213 1826 natura

125 1867 205 1965 ipsa
222 1867 276 1942 nil
295 1866 463 1966 juvante.
515 1865 706 1953 Quoniam
731 1888 820 1938 vem
847 1863 1013 1939 conditio
1041 1865 1213 1964 corporis,

124 1990 171 2054 ut
187 1978 457 2077 supradictum
470 1989 539 2066 est,
555 1977 672 2052 variat
688 2000 803 2075 quam
820 1977 985 2051 maxime
1000 1977 1041 2050 in
1059 1976 1213 2051 diversis

125 2088 351 2180 hominibus,
375 2101 414 2165 et
437 2115 525 2165 sane
553 2090 593 2164 in
620 2089 765 2178 iisdem,
790 2089 943 2164 diversis
973 2090 1213 2187 temporibus,

124 2203 362 2302 perspicuum
378 2214 445 2292 est,
470 2204 614 2302 optima
638 2213 676 2277 et
705 2202 953 2276 efficacissima
981 2224 1143 2301 quaeque
1159 2225 1215 2275 re·

124 2315 249 2392 media
264 2340 341 2390 non
358 2341 502 2417 semper
531 2315 680 2390 eosdem
707 2315 862 2390 effectus
891 2338 968 2388 esse
994 2313 1214 2414 praestitura,

125 2449 250 2526 neque
277 2446 420 2528 semper
446 2427 524 2529 ullo
551 2427 664 2504 modo
692 2430 897 2527 profutura,
922 2428 987 2502 sed
1014 2426 1214 2527 aliquando

127 2541 251 2639 potius
268 2543 447 2630 nocitura,
472 2543 647 2642 ipsosque
676 2553 820 2619 nature
847 2554 1012 2629 conatus,
1037 2543 1103 2640 qui
1121 2540 1214 2615 adeo

127 2652 248 2728 solent
258 2654 402 2751 juvare,
423 2655 613 2752 interdum
631 2657 777 2741 nimios,
794 2655 986 2728 interdum
1004 2653 1115 2725 nimis
1132 2678 1214 2750 par-

127 2787 204 2851 vos,
229 2775 296 2837 aut
312 2764 421 2861 plane
445 2763 577 2850 nullos,
603 2764 794 2837 interdum
824 2765 978 2836 demum
1007 2764 1213 2854 abnormes,

126 2884 166 2948 et
194 2872 279 2947 ideo
307 2873 416 2947 valde
444 2873 666 2970 periculosos
682 2873 769 2948 fore.
821 2875 1014 2962 Praeterea,
1040 2876 1213 2956 nonnulli

123 2984 244 3060 morbi
273 3009 340 3059 sua
365 2993 498 3061 natura
526 2985 743 3061 insanabiles
768 2987 949 3075 existunt,
974 2989 1153 3064 nimirum
1171 2991 1212 3066 in

125 3097 262 3197 quibus
279 3120 402 3198 neque
418 3123 550 3199 corpus
567 3100 692 3198 ipsum
721 3123 788 3198 per
817 3100 893 3174 vim
924 3125 1030 3176 suam
1059 3103 1212 3178 insitum

125 3211 326 3310 quicquam
356 3222 522 3299 conatur,
560 3233 683 3310 neque
712 3211 789 3286 ulla
817 3214 980 3287 remedia
1008 3214 1212 3314 quicquam

124 3321 229 3397 utilis
244 3323 388 3400 efficere
404 3334 570 3424 possunt.
622 3325 746 3424 Igitur
758 3323 805 3398 ab
817 3350 937 3400 errore
946 3327 1039 3401 adeo
1051 3328 1211 3403 naturali

124 3443 238 3533 atque
254 3438 446 3511 communi
463 3437 510 3512 de
526 3435 764 3514 facultatibus
780 3438 1147 3527 medicamentorum,
1171 3450 1210 3516 et

112 3546 173 3622 de
189 3547 348 3623 efficacia
363 3558 403 3622 et
419 3549 523 3648 quasi
542 3549 699 3647 imperio
715 3551 910 3626 medicinae
929 3551 1055 3651 ipsius,
1080 3553 1211 3629 sedulo

125 3682 254 3734 cavere
269 3670 439 3760 oportet;
464 3662 602 3738 scilicet
619 3663 777 3761 quinon
797 3665 909 3739 modo
937 3668 1015 3764 ipse
1044 3668 1210 3765 sapiente

127 3781 166 3846 at
182 3773 347 3871 ingenuo
376 3774 520 3850 medico
548 3776 704 3852 omnino
730 3777 907 3877 indignus
936 3779 995 3865 sit,
1021 3779 1084 3852 sed
1111 3801 1210 3875 saepe

127 3886 237 3967 etiam
255 3886 303 3960 ad
319 3888 503 3984 graviores
520 3901 559 3965 et
575 3888 693 3989 magis
709 3889 930 3987 periculosos
939 3913 1075 3964 errores
1085 3890 1207 3966 ducat.

124 3996 225 4072 Olim
242 3998 345 4096 quod
362 3998 430 4072 hac
446 4000 493 4073 de
523 4025 562 4075 re
591 3999 843 4101 sagacissimus
870 4012 909 4075 et
938 4002 1208 4100 experientissi-

120 4133 207 4185 mus
223 4133 336 4188 senex
353 4108 532 4213 Rutcliffc
548 4112 703 4186 candide
719 4111 913 4199 fatebatur,
938 4113 1111 4187 omnibus
1130 4140 1207 4189 me-

122 4221 224 4314 dicis,
248 4232 287 4300 et
303 4224 505 4324 praesertim
524 4224 717 4316 tuonibus,
742 4224 879 4322 quibus
907 4224 1102 4308 credulitas
1132 4228 1209 4304 fere
