2678 4794
599 326 719 402 xxxvi

174 519 309 600 Fateor
325 537 457 612 tamen,
476 547 607 623 parum
625 536 674 598 ex
689 523 761 597 hoc
776 521 878 596 fonte
895 518 1048 619 periculi
1064 521 1197 596 nostris

124 640 348 736 temporibus
365 638 610 712 metuendum
627 661 726 723 esse;
751 635 816 710 ubi
838 658 1061 733 magnorum
1078 637 1199 708 nomi-

123 767 217 823 num
233 750 426 825 auctoritas
443 751 545 825 nulla
560 763 625 839 est,
643 760 680 824 et
691 773 797 849 parca
808 747 1011 821 admodum
1029 755 1068 819 et
1085 746 1200 819 dubia

123 862 387 938 ratiocinationi
398 862 489 937 fides
499 865 618 951 datur,
636 864 699 939 sed
711 863 836 937 omnia
846 861 996 961 prolata,
1013 868 1197 958 quantum

124 968 201 1044 fieri
219 975 341 1071 possit,
366 976 414 1050 ad
430 978 684 1076 experimenta
699 977 938 1050 reducuntur.

170 1084 292 1161 Aliud
308 1113 396 1163 vero
408 1091 556 1178 vitium,
573 1091 620 1166 ab
632 1089 702 1165 hoc
714 1090 867 1163 omnino
881 1088 1080 1174 diversum,
1098 1097 1137 1159 et
1153 1110 1202 1159 ex

122 1192 266 1272 diverso
294 1225 439 1300 prorsus
467 1203 570 1277 fonte
598 1204 819 1286 derivatum,
849 1200 1070 1274 medicinam
1099 1223 1201 1273 nunc

122 1316 339 1411 corrumpit,
363 1318 598 1415 graviusque,
623 1326 668 1390 ut
693 1315 833 1414 opinor,
859 1311 1065 1411 periculum
1092 1311 1200 1383 mini-

121 1428 232 1498 tatur.
283 1427 438 1526 Rejecta
455 1433 682 1515 auctoritate,
700 1428 833 1524 rejecta
849 1424 924 1498 fere
940 1424 1044 1497 omni
1060 1423 1201 1497 ratioci-

122 1536 272 1612 natione
287 1549 401 1639 atque
418 1541 593 1628 doctrina,
621 1541 752 1614 medici
774 1538 925 1612 tandem
942 1546 1059 1610 artem
1077 1534 1202 1608 saluti-

121 1643 236 1722 feram
253 1675 389 1752 augere
406 1669 444 1728 et
459 1653 681 1753 locupletare
707 1662 957 1749 susceperunt,
983 1648 1066 1723 solis
1082 1646 1201 1720 obser·

122 1763 333 1839 rationibus
362 1775 401 1841 et
427 1765 700 1863 experimentis,
739 1787 898 1870 quorum
927 1760 1074 1835 nullum
1107 1768 1202 1833 esset

122 1870 292 1951 dubium.
345 1878 448 1952 Hinc
472 1876 619 1952 credula
647 1876 748 1962 fides,
785 1884 825 1949 et
853 1876 979 1949 insana
1008 1872 1204 1946 admiratio

122 1984 489 2077 medicamentorum,
515 1999 703 2089 quotquot
731 1987 793 2062 vel
821 1989 899 2086 ipse
929 1987 1116 2084 deceptus,
1141 1982 1202 2057 vel

123 2093 212 2170 alios
229 2098 397 2200 decipere
412 2103 575 2201 cupiens,
600 2103 795 2201 quisquam
813 2102 853 2173 in
872 2099 1037 2172 medium
1067 2097 1203 2195 profer-

122 2217 191 2296 ret,
216 2216 446 2314 summisque
472 2214 643 2290 laudibus
669 2212 824 2300 tolleret,
849 2221 888 2285 et
903 2210 1096 2303 audacqter
1112 2233 1206 2283 asse-

123 2333 220 2398 reret
235 2337 335 2401 oerto
350 2329 457 2404 certis
473 2329 610 2403 morbis
627 2327 790 2404 remedio
806 2323 927 2398 t‘uisse.

174 2435 241 2510 Nil
257 2441 396 2518 mirum
413 2442 603 2517 scientiam
620 2441 742 2527 talem,
765 2438 923 2513 indoctis
940 2447 979 2512 et
995 2437 1140 2537 ignavis
1168 2463 1204 2510 a·

124 2545 196 2622 deo
212 2556 536 2644 accommodatam,
564 2555 703 2643 multis,
731 2577 815 2628 cum
834 2552 985 2625 medicis
1015 2563 1097 2624 tum
1127 2549 1206 2623 aliis

124 2657 348 2753 hominibus,
373 2667 559 2765 placuisse,
585 2666 799 2760 multosque
825 2685 973 2757 operam
1003 2660 1205 2747 collocasse,

126 2769 190 2842 ubi
208 2773 310 2847 labor
325 2788 402 2849 tam
421 2800 557 2873 parvus
573 2777 646 2847 fuit
663 2784 701 2846 et
717 2773 866 2869 praemia
884 2781 995 2845 tanta.
1046 2770 1205 2861 Revera,

124 2879 246 2954 multa
261 2885 433 2973 remedia,
458 2885 629 2983 quaedam
646 2884 750 2969 bene,
776 2881 881 2980 plura
903 2880 998 2954 male
1015 2887 1205 2973 merentia,

125 2989 266 3088 prolata
282 3006 380 3084 sunt,
397 3008 435 3072 et
451 2996 582 3074 multae
598 2996 869 3070 observationes
886 2995 1000 3081 iactae,
1018 3007 1056 3069 et
1075 2997 1205 3072 multae

124 3092 231 3192 fictae,
256 3108 455 3196 amedicis,
481 3109 547 3207 qui
565 3108 762 3203 credebant
791 3132 829 3181 se
858 3131 932 3181 non
952 3108 1062 3181 modo
1090 3119 1204 3184 artem

125 3217 307 3292 medicam
324 3220 375 3295 sic
390 3244 614 3320 promovere,
641 3220 705 3295 sed
722 3220 854 3294 famam
886 3245 1037 3318 quoque
1053 3229 1092 3294 et
1107 3247 1206 3299 emo·

124 3326 338 3408 iumentum
356 3333 504 3408 sibimet
521 3355 740 3431 comparare.
792 3332 890 3407 “At
918 3356 994 3407 non
1024 3333 1143 3407 solum
1163 3334 1208 3425 (si

126 3440 301 3517 “iterum
319 3447 509 3522 Baconem
535 3447 647 3520 citare
673 3444 794 3544 liceat)
811 3447 917 3545 copia
932 3445 1049 3543 major
1065 3447 1207 3545 experi-

126 3561 148 3593 “
165 3566 377 3634 mentorum
391 3559 588 3657 quaerenda
602 3568 658 3632 est
670 3569 709 3634 et
720 3560 957 3658 procuranda,
967 3570 1081 3657 atque
1093 3559 1207 3634 etiam

126 3677 149 3709 “
166 3666 314 3748 alterius
326 3673 480 3770 generis,
498 3696 610 3772 quam
622 3671 745 3745 adhuc
757 3672 895 3745 factum
910 3682 987 3756 est;
1013 3671 1077 3744 sed
1094 3672 1208 3745 etiam

126 3791 147 3822 “
164 3780 362 3857 methodus
379 3784 487 3885 plane
516 3784 597 3871 alia,
622 3795 660 3858 et
687 3784 787 3871 ordo,
813 3793 852 3858 et
868 3806 1065 3882 processus,
1091 3783 1208 3855 conti-

126 3895 323 3970 “nuandae
339 3908 378 3970 et
394 3896 640 3995 provehendae
657 3896 904 3995 experientiae,
928 3894 1207 3970 introducenda.

125 4019 146 4052 “
162 4005 271 4105 Vaga
287 4008 385 4082 enim
403 4008 631 4106 experientia
656 4016 694 4081 et
724 4032 762 4081 se
787 4018 936 4081 tantum
964 4028 1119 4105 sequens
1149 4009 1208 4098 (ut

125 4133 147 4166 ‘⁸
163 4120 329 4220 superius
346 4121 489 4196 dictum
507 4129 576 4215 est)
596 4145 696 4195 mera
709 4119 871 4218 palpatio
888 4127 953 4205 est,
979 4128 1017 4192 et
1038 4118 1207 4194 homines

122 4244 145 4281 “
161 4233 286 4340 potius
302 4234 497 4339 stupefacit
512 4257 626 4335 quam
655 4232 839 4311 informat.
892 4231 950 4307 At
977 4257 1065 4310 cum
1093 4257 1204 4332 expe·
