2678 4794
654 372 736 426 XXX

156 553 273 627 tiones
289 560 327 626 et
343 549 431 624 vitia
442 545 596 646 generas
612 545 761 623 nervosi
778 556 854 621 tarn
867 549 962 622 male
975 549 1224 651 neglexerant.

158 665 280 764 Igitur
295 662 434 759 primus
458 659 533 732 fere
557 660 651 733 hanc
666 659 858 733 medicinae
874 670 1028 758 partem,
1053 688 1094 735 ea
1111 690 1226 762 quarn

156 771 374 874 magnitudo
402 769 481 867 ejus
508 769 725 869 postulasset
741 770 933 870 diligentia
957 784 994 846 et
1018 778 1225 851 attentione

112 916 125 935 ·’
158 883 338 960 excoluit:
381 906 502 981 neque
534 883 667 957 frustra
700 883 896 970 laboravit3
930 884 1089 983 plurima
1123 888 1224 959 enim

157 1021 261 1082 nova,
287 1003 324 1066 et
353 994 550 1092 ingeniosa,
574 1004 612 1067 et
638 996 758 1094 gravis
789 998 979 1083 momenti,
1009 998 1226 1081 observavit,

157 1106 390 1203 excogitavit,
412 1106 577 1203 protulit,
594 1106 715 1206 qualia
732 1131 807 1181 non
824 1108 936 1181 modo
952 1109 1021 1207 ipsi
1038 1109 1148 1195 laudi,
1166 1109 1231 1182 sed

156 1217 285 1292 multis
317 1217 472 1294 aliorum
502 1228 693 1292 auctorum
723 1220 955 1317 opinionibus
985 1221 1164 1319 principio
1194 1231 1233 1294 et

156 1329 399 1404 fundamento
416 1329 563 1404 suerint.
615 1331 869 1404 Veruntamen
886 1333 974 1405 vitae
990 1356 1135 1406 summa
1151 1332 1229 1405 bre-

157 1442 213 1514 vis
230 1466 296 1515 nos
313 1449 424 1527 vetat,
442 1442 580 1538 egregii
596 1444 762 1528 auctoris,
780 1453 817 1515 et
830 1443 877 1516 de
890 1468 929 1515 re
939 1443 1079 1516 medica
1092 1445 1232 1540 optime

158 1554 289 1640 meriti,
307 1553 439 1650 scripta
454 1551 574 1650 longa,
592 1562 630 1626 et
646 1553 808 1640 verbosa,
824 1562 863 1625 et
879 1553 953 1627 fere
970 1555 1175 1638 innumera,
1193 1564 1233 1626 et

159 1665 378 1764 plerumque
390 1664 485 1737 male
496 1664 673 1753 ordinata,
686 1688 728 1739 ea
740 1688 815 1762 qua
826 1689 891 1762 par
900 1675 994 1739 esset
1004 1665 1232 1738 accuratione

159 1787 198 1851 et
215 1777 406 1877 diligentia
422 1775 599 1851 evolvere.

209 1887 389 1976 Statuas,
414 1887 669 1962 celeberrimus
685 1895 820 1975 auctor,
838 1885 1069 1986 Hrffnaam·
1084 1872 1235 1987 aequalis

160 2010 200 2074 et
215 2000 381 2087 aemulus,
399 2002 464 2099 qui
478 2001 637 2074 scientiae
650 2000 813 2088 medicae,
829 2000 867 2073 in
882 1999 1078 2073 Germania
1093 2000 1234 2087 saltem,

161 2112 322 2186 divisum
338 2136 425 2186 cum
442 2136 486 2185 eo
501 2113 698 2211 imperium
708 2110 848 2198 habuit,
865 2111 1068 2184 doctrinam
1080 2111 1237 2209 protulit

161 2248 256 2322 pene
271 2248 418 2312 novam,
434 2222 570 2299 scilicet
587 2249 701 2323 quam
717 2224 779 2299 alii
791 2234 830 2300 et
839 2223 1062 2323 antiquiores
1073 2232 1237 2297 auctores

160 2334 292 2410 leviter
308 2336 460 2410 omnino
475 2336 693 2437 tetigissent
1197 2335 1202 2341 ’

213 2449 355 2522 Docuit
372 2448 433 2523 hic
449 2449 516 2536 vir,
533 2471 609 2523 non
622 2450 730 2524 modo
746 2449 871 2526 omnia
887 2449 963 2524 sani
980 2449 1138 2548 corporis
1156 2471 1236 2520 mu-

163 2584 250 2635 nem
266 2562 312 2635 ab
328 2561 482 2660 imperio
510 2569 548 2635 et
575 2560 733 2636 efficacia
748 2563 872 2650 animi,
897 2557 998 2659 quod
1015 2560 1155 2632 bonum
1173 2569 1239 2632 aut

164 2672 257 2746 utile
279 2681 373 2744 esset
390 2671 593 2766 judicantis
608 2682 647 2743 et
663 2672 886 2767 imperantis,
911 2668 1081 2765 pendere,
1107 2692 1240 2743 verum

164 2782 276 2855 etiam
293 2774 466 2877 pleimue
481 2779 643 2850 adversae
659 2779 880 2851 valetudinis
896 2778 1001 2875 signa
1026 2787 1064 2850 et
1092 2777 1239 2867 indicia,

165 2890 386 2987 morbosque
401 2889 527 2988 igitur,
552 2887 677 2986 quales
695 2888 823 2962 saltem
850 2890 982 2962 nostris
1009 2912 1047 2963 se
1076 2890 1240 2964 sensibus

166 2999 339 3088 offerunt,
356 3001 547 3097 variosque
557 3000 623 3098 qui
633 3000 671 3074 in
684 2999 752 3073 boc
765 3009 863 3073 statu
881 3000 1089 3074 excitantur
1105 3011 1242 3089 motus,

166 3112 320 3186 eandem
338 3112 517 3211 originem
536 3110 678 3200 habere,
703 3119 741 3185 et
767 3135 890 3185 revera
915 3112 1008 3185 nihil
1037 3112 1138 3186 aliud
1165 3138 1242 3188 essc

166 3250 275 3323 quarn
294 3223 458 3322 ejusdem
475 3224 589 3297 animi
606 3231 768 3311 conatus,
793 3212 894 3298 nunc
916 3248 1115 3322 prosperos,
1140 3250 1242 3300 nunc

166 3338 303 3423 inanes,
329 3361 469 3436 semper
485 3359 572 3410 vem
588 3336 751 3433 sapiente
767 3335 917 3409 consilio
933 3337 1134 3424 institutos,
1160 3347 1203 3410 ut
1220 3361 1242 3410 a

167 3473 275 3523 causa
300 3449 478 3535 morbosa,
514 3471 580 3521 seu
604 3447 744 3523 viribus
773 3447 990 3522 nocentibus
1019 3448 1243 3546 quibuscum

167 3561 378 3647 metaretur,
404 3570 519 3634 semet
535 3559 713 3633 liberaret
764 3558 891 3645 Porro,
916 3558 1156 3657 persuadebat
1173 3559 1243 3632 sibi

167 3670 347 3759 Stamina,
372 3670 705 3769 frequentissimam
727 3679 767 3743 et
791 3670 1036 3769 gravissimam
1056 3668 1129 3742 fere
1147 3693 1242 3742 mor-

167 3783 300 3858 borum
317 3807 462 3857 causam
488 3807 564 3856 esse
593 3782 746 3855 nimiam
764 3781 951 3880 sanguinis
968 3779 1247 3864 abundantiam,

169 3918 232 3969 seu
243 3892 463 3993 plctlrorom,
488 3910 527 3967 et
545 3918 630 3991 quae
646 3892 734 3966 inde
745 3893 933 3991 penderet,
950 3890 1137 3988 sanguinis
1155 3891 1243 3987 spis-

169 4006 313 4080 sitatem
332 4029 396 4079 seu
415 4004 606 4091 lentorem,
636 4003 772 4102 quibus
790 4003 933 4078 Natura
948 4002 1057 4074 variis
1073 4000 1191 4075 modis
1209 4013 1249 4076 et

169 4118 240 4192 viis
251 4141 394 4216 semper
405 4125 521 4190 semet
532 4115 683 4189 liberare
693 4124 893 4189 conaretur.
944 4112 1048 4187 Hinc
1058 4114 1244 4188 variorum

164 4228 355 4330 sanguinis
370 4226 639 4329 profluviorum
668 4251 754 4326 quae
781 4239 911 4327 sponte
937 4225 1035 4302 fiunt
1064 4226 1243 4301 rationem
