2678 4794
123 214 217 270 CAP-
234 210 346 265 xxm.
413 207 635 264 MEDICINAE
652 207 941 265 THEORETICAE.
1137 198 1211 274 297

124 390 284 491 dulgere
298 386 502 462 conveniat.
552 386 607 460 Et
631 386 679 460 de
707 386 862 486 singulis
877 385 1091 486 hujusmodi
1106 410 1211 462 cona·

126 513 238 579 tuum
256 527 320 577 seu
337 501 596 587 instinctuum,
613 523 688 572 non
706 523 809 574 secus
825 524 867 573 ac
882 500 930 573 de
947 500 1118 573 remediis
1134 509 1212 573 arte

125 616 355 716 comparatis,
381 617 489 688 caute
512 622 551 685 et
575 610 703 686 sedulo
727 611 981 698 considerabit,
1005 612 1099 709 quid
1115 636 1211 686 mor·

124 728 194 805 bus
209 724 387 827 postulet,
403 725 498 823 quid
514 725 604 824 aegri
620 724 784 798 conditio
808 725 915 812 sinet,
932 724 1027 823 quid
1042 749 1119 822 prae
1133 749 1212 799 om-

125 842 234 915 nibus
263 840 360 912 vires
388 838 468 935 ejus
497 837 626 924 ferant,
656 836 824 934 quidque
852 837 1008 911 demum
1041 835 1135 910 ferre
1159 861 1212 910 re·

128 961 266 1028 cusent.
863 972 874 985 ”

175 1085 395 1138 nccccnxw.
423 1063 527 1150 Quin
554 1071 592 1135 et
616 1086 744 1136 omnes
768 1063 1009 1138 boni'medici
1033 1062 1082 1136 ad
1097 1086 1140 1136 ea
1158 1087 1212 1135 re-

127 1177 254 1252 media
275 1199 418 1274 semper
442 1174 660 1272 confugient
686 1177 777 1263 (sive
806 1174 939 1249 modus
956 1200 1033 1273 quo
1057 1186 1213 1274 prosunt

128 1287 338 1362 intellectus
362 1287 473 1363 fuerit
502 1295 643 1385 necne),
672 1313 758 1386 quae
774 1300 872 1362 certa
888 1289 1115 1387 experientia
1131 1313 1213 1387 pro·

126 1400 232 1475 desse
264 1399 574 1498 compmbaverit;
617 1411 656 1473 et
688 1401 734 1473 ab
766 1401 811 1472 iis
844 1391 1093 1487 abstinebunt,
1127 1426 1213 1500 quae

126 1512 256 1587 eadem
273 1513 510 1612 experientia,
537 1536 676 1599 nocere,
694 1523 760 1586 aut
777 1511 830 1585 nil
847 1513 1028 1609 prodesse,
1045 1514 1213 1586 osteude-

127 1625 184 1700 rit.
235 1625 403 1700 Tantum
433 1626 530 1699 enirn
560 1625 709 1723 prodest
738 1625 889 1698 scientia
912 1625 1064 1711 medica,
1098 1648 1214 1722 quan-

128 1744 212 1810 tum
228 1736 276 1810 ad
305 1737 402 1810 bona
426 1738 585 1811 remedia
602 1737 812 1837 bonamque
837 1740 1063 1812 curationem
1081 1737 1214 1835 perdu-

127 1857 209 1933 cnt;
251 1872 371 1948 neque
397 1850 561 1947 profecto
593 1861 659 1925 aut
688 1850 788 1949 leges
821 1850 1113 1950 philosophandi,
1147 1859 1213 1922 aut

127 1961 282 2059 quidem
299 1986 424 2036 sensus
440 1963 660 2049 communis,
681 1964 809 2036 sinunt
826 1963 939 2036 fidem
957 1963 1129 2037 adbibere
1146 1961 1213 2035 ulli

127 2073 408 2165 ratiocinationi,
426 2086 619 2175 utcunque
633 2074 813 2173 speciosae,
830 2075 891 2148 cui
909 2075 1136 2173 experientia
1152 2075 1214 2147 ad-

129 2197 306 2260 versatur.

173 2319 384 2373 nccechV.
410 2300 601 2387 Quoniam
627 2296 797 2396 plurimae
822 2321 917 2394 saepe
942 2306 981 2371 et
1005 2295 1214 2369 admodum

128 2407 282 2485 diversae
306 2412 346 2484 in
363 2412 492 2485 eodem
511 2433 610 2507 aegro
626 2408 738 2483 simul
755 2410 912 2505 existere
937 2418 1094 2507 possunt
1118 2414 1214 2480 inor-

128 2519 224 2596 bosae
249 2523 490 2611 conditiones,
515 2523 688 2621 variaque
713 2520 928 2596 morborum
954 2522 1059 2619 signa
1084 2520 1216 2594 eodem

128 2645 296 2734 tempore
312 2660 453 2734 urgere,
469 2659 631 2734 quorum
649 2632 827 2707 nonnulla
844 2659 955 2731 quam
986 2634 1066 2735 ipse
1081 2635 1216 2732 prima-

127 2746 202 2821 rius
229 2747 382 2821 morbus
410 2747 493 2846 plus
523 2746 701 2821 molestiae
731 2745 918 2833 facessant,
951 2745 1072 2820 forsan
1102 2747 1215 2820 etiam

126 2856 218 2955 plus
236 2859 391 2957 periculi
417 2859 593 2946 afferant;
624 2846 709 2934 satis
736 2860 971 2957 perspicuum
1000 2868 1067 2947 est,
1097 2857 1217 2934 multa

127 2968 240 3043 simul
254 2970 423 3046 credendi
441 2971 595 3049 consilia
613 2975 820 3065 (nccccuvr,
836 2983 875 3045 et
892 2979 1008 3071 seqq.)
1025 2971 1215 3044 interdum

127 3104 208 3153 esse
223 3082 369 3172 oritura,
392 3085 529 3183 quibus
545 3085 606 3159 vel
622 3084 794 3159 omnibus
811 3085 941 3157 eodem
961 3094 1138 3181 ternpore,
1156 3081 1216 3155 vel

126 3193 209 3267 aliis
226 3205 307 3291 post
322 3197 402 3283 alia,
430 3206 542 3294 prout
558 3220 614 3269 res
631 3195 883 3294 postulaverit,
900 3194 959 3269 vel
978 3195 1047 3293 ipsi
1064 3193 1217 3268 facultas

127 3305 252 3393 fuerit,
270 3308 432 3384 medicus
450 3308 652 3391 satisfacere
668 3309 787 3382 debet.

176 3440 399 3494 nocccnxvr.
438 3420 563 3494 Variae
587 3419 785 3518 aliquando
813 3421 934 3493 resin
961 3419 1092 3493 eodem
1118 3445 1218 3519 aegro

130 3530 237 3605 simul
254 3531 466 3620 observatae,
493 3534 594 3606 idem
611 3531 815 3605 remedium
833 3533 1020 3630 requirere
1049 3541 1218 3631 possunt,

132 3641 197 3730 vel,
223 3657 269 3719 ut
285 3656 452 3720 auctores
468 3646 572 3745 loqui
600 3654 737 3730 amant,
763 3643 862 3716 idem
888 3644 1059 3719 indicare.
1112 3645 1217 3741 Saepe

132 3766 251 3830 antem
269 3780 328 3831 res
344 3759 437 3831 adeo
454 3759 607 3832 diversae
623 3757 876 3843 observantur,
900 3768 945 3832 ut
961 3757 1123 3832 remedia
1139 3778 1215 3828 nou

135 3868 240 3941 modo
265 3869 485 3959 differentia,
520 3871 584 3945 sed
608 3893 756 3968 prorsus
781 3870 970 3957 contraria,
1004 3880 1043 3943 et
1067 3869 1217 3942 sibimet

137 3973 286 4058 invicem
311 3985 489 4082 opposita,
527 3982 726 4085 postulent
778 3981 884 4057 Hinc
920 4007 1006 4082 quae
1036 3989 1216 4053 vocantur
