2678 4794
184 372 231 448 86
455 381 461 392 '
505 399 510 413 ·
585 386 832 445 consenerus
874 387 876 390 ·
1111 384 1196 444 cnr.
1214 387 1253 443 x.

185 593 303 657 eausa,
327 579 365 645 et
380 567 530 644 internis
555 589 650 664 saepe
666 563 782 639 causis
797 585 927 660 parum
946 564 1151 659 perspectis,
1177 589 1257 638 sen·

184 706 246 755 sus
275 681 340 755 diu
365 688 450 752 ante
478 677 650 775 percepti,
685 673 801 760 obliti,
827 674 946 771 sopiti,
972 673 1112 748 homini
1136 677 1259 748 invito

184 814 253 867 nec
276 790 439 889 opinanti
467 797 699 873 renovantur,
734 786 968 860 reviviscunt
1024 786 1256 884 Hujusmodi

184 901 381 977 recordatio
406 899 524 973 invita
551 899 703 998 propius
732 897 852 972 adbuc
879 896 926 969 ad
950 896 1144 995 perfectam
1179 923 1257 970 me-

186 1013 339 1088 moriam
355 1010 503 1085 accedit.

233 1142 419 1199 ccnxxvr
449 1121 545 1196 Vera
560 1130 599 1195 et
614 1122 753 1221 optima
770 1121 943 1194 memoria
955 1120 1091 1193 dicitur
1105 1118 1257 1193 facultas

183 1221 255 1354 illa,
284 1258 358 1333 qua
374 1234 490 1308 varias
507 1232 748 1332 cogitationes
762 1233 971 1331 praeteritae,
987 1228 1104 1304 veluti
1122 1255 1257 1318 sensus,

142 1343 157 1359 ''
183 1326 443 1444 perceptiones,
471 1348 534 1420 &a
551 1342 681 1419 eodem
698 1370 775 1444 quo
790 1344 936 1418 fuerant
951 1351 1104 1442 receptae
1120 1343 1258 1429 ordine,

183 1456 231 1530 ad
255 1458 446 1531 arbitrium
480 1465 645 1530 nostrum
672 1479 893 1545 revocamus,
926 1455 1144 1542 detinemus
1173 1478 1257 1530 con·

183 1567 421 1667 templamur,
437 1566 673 1642 dimittimus.

236 1702 447 1756 ccrxxvn.
473 1679 578 1768 Haec,
594 1680 711 1778 prima
726 1687 844 1767 aetate,
861 1677 962 1752 nulla
977 1655 1054 1764 est;
1079 1677 1258 1777 paulatim

183 1792 322 1867 accedit
338 1801 451 1891 atque
467 1799 634 1890 augetur.
684 1789 826 1865 Puerili
840 1799 960 1876 aetate,
976 1791 1258 1888 promptissima,

183 1902 415 1991 validissima,
443 1902 670 1977 tenacissima
696 1901 762 1988 fit;
781 1901 941 1999 juvenili
966 1912 1005 1977 et
1020 1901 1117 1976 virili
1134 1902 1258 2001 viget;

184 2012 289 2115 senili
306 2013 474 2087 nonnihil
504 2014 668 2090 fatiscere
684 2013 797 2100 solet;
826 2037 971 2088 summe
995 2022 1183 2087 senectute
1207 2015 1259 2086 di·

184 2121 331 2212 labitur,
356 2135 395 2201 et
420 2124 572 2200 tandem
587 2126 775 2213 aboletur;
805 2136 843 2201 et
859 2125 934 2201 fere
950 2125 1018 2200 bac
1041 2127 1191 2213 ratione,
1216 2135 1260 2201 ut

183 2254 299 2310 novas
334 2261 391 2312 res
428 2238 594 2314 dimittat
626 2238 741 2328 facile,
775 2248 955 2325 veterum,
991 2263 1082 2337 quas
1106 2237 1260 2313 florente

186 2355 295 2423 aetate
331 2349 592 2440 recondiderat,
628 2352 750 2428 adhuc
785 2351 1036 2437 tenacissima3
1078 2352 1260 2450 ingraves

184 2460 353 2537 centibus
370 2487 458 2539 vero
473 2465 589 2552 annis,
617 2489 744 2541 omnes
768 2489 834 2552 res,
859 2488 966 2541 novae
989 2463 1124 2564 pariter
1148 2473 1261 2562 atque

185 2575 358 2674 antique,
376 2600 397 2649 e
415 2578 591 2653 memoria
605 2579 755 2675 penitus
771 2575 949 2651 delentur.

237 2708 462 2761 ccnxxvm.
480 2688 579 2762 Aliis
589 2687 801 2761 bominibus
816 2685 1021 2783 promptior
1035 2695 1074 2757 et
1091 2686 1263 2775 tenacior,

185 2791 264 2864 aliis
280 2794 434 2870 debilior
449 2798 580 2872 datur:
606 2797 710 2871 cultu
727 2808 766 2869 et
782 2818 863 2882 usu,
879 2793 990 2866 modo
1006 2793 1045 2866 bi
1062 2816 1136 2866 non
1153 2796 1264 2873 nimii

186 2898 333 2991 fuerint,
367 2905 628 2980 incredibiliter
650 2913 817 3004 augetur.
883 2904 1005 2979 Variis
1039 2904 1263 3000 hominibus,

186 3010 392 3113 iisdemque
407 3015 516 3089 variis
545 3015 781 3114 temporibus,
807 3013 891 3112 plus
907 3017 1031 3092 minus
1047 3018 1172 3092 vivida
1196 3033 1264 3097 aut

186 3135 358 3224 prompta
372 3134 450 3201 est:
475 3127 528 3200 ita
543 3138 589 3203 ut
604 3126 665 3201 vel
691 3125 791 3200 lente
805 3125 1007 3203 admodum
1024 3129 1085 3203 vcl
1108 3131 1262 3209 incredi-

185 3233 252 3308 bili
276 3235 351 3313 fere
374 3238 569 3315 velocitate
593 3264 661 3315 suo
696 3237 874 3337 fungatur
898 3239 1027 3316 officio.
1091 3242 1263 3321 Multum

187 3343 248 3420 hic
273 3352 449 3447 pendeta
474 3350 632 3427 secunda
647 3360 714 3426 aut
738 3350 887 3426 adversa
915 3377 991 3451 qua
1006 3353 1118 3429 bomo
1142 3359 1263 3433 utitur

132 3501 141 3530 .·
187 3457 421 3549 valetudine3
446 3473 581 3538 astatu
594 3464 722 3552 animi,
738 3462 797 3538 vel
808 3465 912 3564 gravi
928 3464 1062 3540 affectu
1075 3471 1262 3557 commoti,

188 3568 249 3642 vel
276 3571 418 3670 placida
443 3577 570 3674 quiete
594 3575 760 3663 liuentis,
783 3585 823 3650 et
846 3576 904 3650 ad
918 3601 1000 3652 suas
1024 3581 1264 3707 cogitationes

189 3693 355 3759 accurate
378 3687 612 3762 attendentis.
677 3687 780 3763 'l'um
804 3712 955 3787 quoque
988 3692 1146 3789 corporis
1170 3695 1264 3768 ratio
1333 3770 1338 3779 ,

189 3788 371 3891 habenda·
358 3808 437 3886 est,
454 3801 588 3899 magis
600 3800 776 3880 minusve
799 3802 990 3876 sentientis
1013 3811 1079 3877 aut
1094 3803 1263 3891 mobilis;

189 3908 376 4006 anguinis
391 3919 517 3986 motus
532 3934 683 4011 quoque
698 3908 863 3985 multum
880 3909 941 3985 bic
955 3911 1079 4000 facit,
1068 3914 1263 4004 incitatior,

189 4028 257 4092 eut
271 4018 529 4120 languescens:
563 4021 680 4099 veluti
705 4023 751 4095 ab
775 4023 1043 4110 exercitatione,
1064 4022 1175 4114 febre,
1200 4026 1265 4101 do·

189 4129 276 4219 lore,
314 4140 469 4232 torpore,
503 4157 641 4232 sopore,
677 4135 739 4206 &a
806 4131 947 4221 Pueris,
976 4133 1196 4232 junioribus,
1226 4148 1264 4211 et

190 4252 323 4343 practer
337 4243 487 4322 solitum
502 4243 648 4335 vividis,
672 4243 831 4344 rapidior
855 4245 946 4323 solet
969 4260 1050 4324 esse.
1069 4251 1264 4334 memoria3
