2678 4794
671 293 766 368 xviii

185 492 329 581 vetulis,
354 493 484 594 peritia
499 489 622 588 aliqua
638 489 677 563 in
694 499 772 565 arte
788 491 940 590 magica,
966 500 1005 564 et
1026 490 1110 565 ideo
1126 492 1259 568 notitia

186 606 351 703 quaedam
368 601 450 700 plus
463 625 574 700 quam
588 602 759 689 humana,
774 602 951 701 imputari
964 601 1139 676 solebant.
1177 604 1259 678 Nec

185 716 331 792 defuere
347 736 511 811 unquam
525 715 616 788 vafri
628 715 791 813 quidam,
808 715 1065 813 ignorantiam,
1082 723 1121 788 et
1134 738 1258 812 super·

183 830 378 911 stitionem,
403 836 442 898 et
458 825 711 900 credulitatem
727 825 857 925 populi
886 827 933 899 ad
958 849 1069 900 suum
1091 849 1201 900 usum
1218 837 1257 898 et

182 934 364 1024 quaestum
381 934 591 999 convertere
607 924 740 1012 callidi,
764 934 803 999 et
818 948 954 999 errores
976 935 1053 999 tam
1080 925 1257 1022 pretiosos

181 1036 283 1110 omni
308 1060 394 1110 cura
422 1045 461 1109 et
489 1036 681 1135 diligentia
707 1036 830 1113 lovere
858 1046 897 1110 et
926 1036 1085 1112 stabilire
1114 1035 1256 1122 soliciti,

178 1147 292 1246 probe
308 1146 576 1247 distinguentes
593 1149 690 1222 inter
699 1147 814 1224 finem
823 1148 911 1223 artis
924 1158 963 1223 et
974 1148 1088 1222 finem
1098 1147 1256 1222 artificis.

178 1258 246 1334 Nil
262 1260 398 1335 mirum
416 1261 542 1360 igitur,
567 1285 633 1359 per
649 1271 706 1335 tot
723 1261 843 1337 secula
866 1261 963 1335 inter
989 1260 1097 1335 rudes
1125 1269 1255 1357 gentes

177 1379 294 1444 auem
312 1373 489 1447 medicam
508 1383 585 1447 tam
602 1398 733 1473 parum
749 1384 971 1474 provectam,
984 1385 1023 1448 et
1038 1373 1086 1447 ad
1101 1372 1254 1471 Hippo

176 1483 294 1558 cratis
311 1508 430 1583 usqne
445 1493 612 1583 tempora
635 1486 839 1560 innumeris
863 1485 1077 1583 hujusmodi
1105 1484 1255 1581 ineptiis

176 1604 216 1671 et
232 1596 551 1695 superstitionibus
564 1597 776 1694 plurimum·
785 1607 995 1694 corruptam
1011 1596 1140 1679 fuisse;
1166 1617 1251 1668 cum

174 1707 435 1809 plerorumque
452 1709 642 1784 medicinae
665 1707 849 1785 cultorum
878 1717 1024 1782 tantum
1051 1708 1252 1793 interesset,

173 1843 231 1894 res
246 1846 374 1897 omnes
390 1822 438 1896 ad
454 1845 536 1896 eam
562 1822 786 1921 pertinentes
816 1820 904 1895 alios
930 1819 1097 1893 homines
1126 1817 1250 1904 celare,

173 1941 214 2005 et
228 1931 366 2032 insigni
381 1944 421 2007 et
436 1943 616 2031 perpetua
631 1933 759 2008 fraude
776 1941 892 2007 artem
909 1933 1025 2031 ipsam
1044 1953 1221 2004 exercere.

223 2043 358 2141 Neque
373 2044 537 2142 profecto
554 2045 629 2119 sola
643 2044 750 2144 vulgi
775 2040 970 2119 hominum
988 2043 1194 2141 ignorantia
1211 2053 1250 2116 et

172 2154 319 2230 credula
335 2157 595 2255 superstitione
619 2181 764 2255 semper
780 2166 819 2230 et
835 2156 975 2254 ubique
991 2164 1161 2253 corrupta
1176 2153 1251 2227 fuit

171 2267 322 2341 scientia
338 2269 501 2343 medica:
528 2267 640 2343 multi
657 2267 758 2344 enirn
785 2293 824 2343 se
850 2267 1038 2342 eredentes
1064 2293 1085 2341 a
1114 2265 1250 2339 talibus

171 2380 351 2455 erroribus
368 2381 563 2468 immunes,
580 2390 619 2455 et
635 2379 938 2479 philosophorum
951 2402 1088 2453 nomen
1102 2378 1249 2452 sibimet

170 2504 368 2582 sumentes,
385 2494 550 2594 aliosque
558 2495 689 2569 docere
705 2493 928 2579 affectantes,
945 2502 1062 2566 artem
1078 2500 1248 2575 nostram,

168 2629 284 2702 quam
301 2630 527 2702 promovere,
553 2618 591 2679 et
607 2630 629 2677 a
645 2605 774 2677 multis
796 2604 976 2677 erroribus
993 2624 1149 2698 purgare
1165 2625 1247 2695 pro-

169 2715 352 2797 miserant,
377 2715 456 2786 aliis
473 2735 569 2809 saepe
585 2721 623 2784 et
640 2713 747 2785 novis
763 2719 1005 2807 corruperunt
1021 2710 1179 2807 ineptiis,
1202 2734 1249 2785 eo

167 2823 285 2920 magis
302 2824 441 2896 nocivis
458 2831 497 2896 et
512 2820 700 2895 difficilius
710 2819 943 2918 corrigendis,
959 2821 1062 2918 quod
1072 2820 1248 2897 validiore

167 2955 280 3032 quarn
306 2930 403 3031 quos
426 2932 465 3007 hi
496 2931 704 3034 philosophi
732 2927 894 3006 refellere
922 2932 1163 3031 suscepissent
1191 2957 1246 3008 er·

165 3067 274 3131 rores,
310 3043 555 3119 fundamento
582 3044 797 3118 viderentur
829 3043 910 3130 niti,
946 3052 985 3117 et
1017 3047 1246 3142 argumentis

164 3157 283 3255 magis
307 3157 505 3257 ingeniolis
531 3165 570 3230 et
595 3154 898 3254 probabilioribus
927 3154 1087 3230 stabiliri.
1138 3158 1244 3244 Quin

164 3274 204 3340 et
220 3267 390 3366 plurimae
418 3278 457 3344 et
485 3268 572 3343 satis
588 3265 712 3342 futiles
739 3265 788 3342 de
815 3268 923 3341 rebus
950 3267 1175 3343 naturalibus
1204 3280 1245 3344 et

164 3378 318 3453 medicis
344 3381 545 3478 opiniones,
570 3378 647 3455 solo
674 3379 915 3479 philosophia)
943 3381 1064 3467 titulo,
1089 3388 1128 3454 et
1156 3380 1242 3454 clari

162 3492 320 3564 auctoris
353 3492 515 3580 nomine,
548 3491 698 3579 innixae,
734 3491 904 3589 quamvis
937 3514 1062 3565 revera
1095 3516 1243 3589 prorsus

161 3600 398 3701 imaginaria,
425 3603 529 3702 lapsu
547 3603 721 3703 temporis
737 3603 1011 3677 venerationem
1030 3610 1068 3675 et
1084 3606 1239 3679 auotori-

159 3720 275 3786 tatem
293 3714 480 3812 quandam
499 3714 567 3787 sibi
584 3724 713 3801 namra,
738 3714 805 3788 diu
821 3712 986 3797 floruere,
1012 3723 1051 3786 et
1067 3712 1142 3786 fere
1159 3715 1239 3788 ubi-

158 3847 234 3922 que
250 3848 317 3922 pro
334 3825 428 3899 veris
444 3825 552 3898 oertis
568 3837 606 3898 et
624 3820 792 3899 stabilitis
819 3833 976 3922 receptae
992 3833 1091 3910 sunt,
1115 3848 1240 3922 neque

157 3959 224 4034 per
241 3936 359 4010 multa
375 3935 495 4010 secula
513 3936 709 4034 quisquam
725 3936 854 4010 extitit
866 3948 942 4008 tam
954 3934 1075 4008 audax
1093 3935 1160 4033 qui
1177 3959 1238 4009 eas

156 4046 218 4120 vel
241 4047 281 4121 in
307 4047 466 4122 dubium
490 4058 646 4122 voearet.
696 4045 863 4122 Annales
890 4046 1083 4120 medicinae
1100 4057 1236 4123 testan-

157 4167 230 4248 tur,
246 4160 436 4260 opiniones
453 4158 642 4259 quasdam,
660 4157 720 4235 vel
735 4181 883 4258 pmrsus
894 4157 1011 4249 falsas,
1027 4159 1089 4236 vel
1104 4158 1233 4237 saltem
