2678 4794
136 386 231 443 can.
252 384 364 438 xxrv.
417 380 638 436 Maurorum
658 383 947 441 ranonnmcas.
1151 375 1223 448 293

135 565 197 640 vel
222 561 426 638 secundum
450 570 569 659 partes
593 562 751 661 corporis
775 561 912 661 quibus
934 587 1045 661 opem
1069 564 1216 650 ferrent,

135 678 196 754 vel
219 674 426 751 secundum
460 676 606 750 morbos
631 677 852 775 compositos
880 701 975 775 quos
1003 675 1218 751 viderentur

129 813 267 877 sanare,
285 788 522 888 perspicuum
540 799 606 876 est,
626 788 878 866 confusionem
895 812 1089 887 nunquam
1107 809 1217 885 expe-

127 903 309 979 diendam
325 901 366 974 in
385 901 534 974 materia
551 901 692 975 medica
715 925 793 976 esse
816 902 1006 989 orituram,
1023 899 1217 998 multaque

129 1016 295 1090 remedia
320 1014 391 1088 sub
414 1015 523 1087 variis
549 1024 589 1087 et
613 1014 867 1089 diversissimis
895 1014 1093 1113 generibus
1118 1036 1215 1086 com-

127 1127 356 1229 prehensum
382 1126 445 1210 iri;
484 1127 673 1223 quoniam,
698 1127 902 1201 secundum
927 1127 1045 1201 varios
1070 1125 1216 1199 morbos

130 1241 202 1338 qui
226 1263 358 1337 corpus
395 1238 580 1326 infestent,
617 1241 809 1338 variasque
844 1240 979 1314 horum
1003 1263 1140 1326 cauma
1178 1244 1217 1311 et

127 1353 392 1450 egwardum
411 1363 529 1426 status
545 1363 583 1425 et
600 1353 891 1440 constitutiones,
908 1352 1036 1426 eadem
1048 1377 1105 1427 res
1115 1373 1216 1424 nunc

129 1464 247 1562 capiti
263 1487 361 1538 nunc
377 1464 500 1537 ventri
517 1464 687 1561 prodesse
703 1475 844 1563 potest;
873 1464 1062 1539 interdum
1089 1464 1216 1538 adver.

128 1596 197 1651 sus
220 1573 369 1666 febrem,
395 1576 585 1651 interdum
609 1577 782 1653 adversus
807 1577 1001 1678 paralysin,
1026 1577 1214 1652 interdurn

126 1688 305 1764 adversus
322 1690 527 1788 hydropem
545 1689 684 1777 valere;
713 1690 827 1765 modo
844 1691 1120 1790 lippitudinem,
1138 1712 1215 1762 mo-

123 1799 179 1875 do
196 1802 407 1901 podagram,
427 1804 535 1876 modo
545 1801 624 1880 alvi
640 1802 801 1891 fluxum,
818 1802 933 1876 lenire
949 1801 1009 1876 vel
1026 1824 1161 1875 sanare.

179 1935 347 1991 nccccn.
375 1916 498 2013 Igitur
521 1916 682 1989 remedia
705 1917 888 1991 nominari
913 1926 951 1989 et
975 1914 1137 1989 ordinari
1154 1912 1215 1986 de-

128 2025 232 2114 bent,
255 2048 304 2102 ex
321 2027 512 2103 effectibus
529 2053 657 2102 eorum
683 2029 985 2104 constantissimis
1013 2037 1052 2101 et
1076 2025 1214 2125 simpli·

127 2138 293 2214 cissimis
344 2140 449 2214 Hinc
465 2165 573 2239 porro
585 2142 763 2238 sequitur,
780 2165 857 2238 quo
870 2140 1003 2216 melius
1016 2148 1214 2238 perspectae

124 2261 169 2325 et
192 2250 390 2327 intellectae
413 2253 552 2326 fuerint
567 2253 923 2328 medicamentorum
949 2252 1150 2338 facultates,
1175 2261 1215 2325 et

126 2388 207 2463 quo
223 2365 418 2463 perfectior
433 2375 471 2440 et
487 2366 689 2440 accuratior
704 2365 817 2439 fuerit
834 2365 986 2439 scientia
1003 2373 1041 2436 et
1066 2387 1122 2435 ars
1138 2374 1217 2434 me-¹

124 2475 221 2565 dica,
246 2501 292 2551 eo
309 2479 567 2577 simpliciorem
583 2477 723 2551 factum
750 2477 796 2550 iri
812 2477 1003 2550 materiam
1020 2473 1214 2559 medicam,

126 2610 249 2688 coque
267 2592 436 2688 pauciora
451 2591 604 2664 nomina
627 2613 692 2664 seu
721 2612 856 2687 genera
874 2586 1121 2661 remediorum
1139 2608 1215 2657 me-

124 2701 229 2777 dicos
254 2703 295 2776 in
330 2727 393 2776 ore
430 2727 506 2777 esse
541 2701 742 2776 habituros.
794 2700 976 2789 Quamvis
1010 2697 1112 2772 euim
1137 2695 1215 2771 haec

126 2815 322 2889 medicinae
345 2840 427 2913 pars
452 2839 571 2913 nuper
596 2815 687 2888 adeo
720 2812 868 2888 exculta
892 2815 952 2900 sit,
987 2822 1036 2899 et,
1071 2809 1214 2909 rejectis

126 2925 258 3001 multis
284 2927 637 3001 medicamentorum
661 2927 868 3026 generibus,
901 2924 1084 3024 majorum
1108 2925 1214 3024 iguo·

126 3039 255 3113 rantiae
271 3051 311 3115 et
339 3039 563 3115 credulitatis
593 3039 772 3139 praeclaris
790 3039 1050 3129 monumentis,
1075 3038 1116 3111 in
1142 3035 1212 3111 for·

127 3172 230 3224 mam
254 3154 483 3250 perspicuam
507 3163 547 3227 et
571 3152 778 3253 elegantem
803 3152 958 3239 redacta,
983 3160 1109 3226 tamen
1136 3171 1212 3222 nou

126 3260 286 3337 dubium
311 3276 377 3352 est,
404 3265 626 3363 quibusdam
651 3265 898 3340 remediorum
914 3261 1112 3363 generibus
1128 3284 1213 3357 quae

127 3372 280 3450 medicis
296 3375 418 3452 adhuc
433 3378 473 3450 in
490 3401 553 3451 ore
569 3386 668 3465 sunt,
696 3402 779 3452 earn
794 3376 899 3451 facile
928 3385 967 3449 et
983 3375 1061 3448 sine
1077 3371 1213 3445 damno

122 3509 203 3562 esse
219 3489 414 3563 carituram
430 3519 438 3576 ;
469 3489 645 3563 nimirum
664 3490 694 3563 si
710 3489 861 3563 nomina
876 3512 963 3586 quae
978 3483 1213 3560 facultatibus

125 3600 375 3675 remediorum
401 3602 522 3675 danda
541 3610 672 3688 essent,
697 3611 849 3675 tantum
864 3600 912 3674 ab
927 3593 1118 3673 effectibus
1134 3595 1212 3671 illo·

127 3732 210 3786 rum
228 3712 507 3811 simplicissimis
523 3712 678 3787 fuissent
695 3710 867 3786 derivata.

172 3846 357 3900 nccccnr.
374 3824 530 3925 Singula
545 3849 654 3923 porro
669 3823 841 3910 remedia,
858 3847 944 3920 quae
960 3823 1029 3896 sub
1046 3844 1213 3919 unoquo·

130 3958 201 4034 que
226 3937 378 4012 nomine
403 3936 464 4011 vel
491 3936 603 4010 titulo
640 3933 801 4035 generali
839 3932 1214 4034 comprehenduntur,

130 4061 313 4144 quatenus
338 4074 360 4122 a
384 4074 422 4123 se
446 4050 608 4124 invicem
632 4047 817 4135 differant,
846 4046 957 4121 simili
983 4045 1096 4120 modo
1118 4040 1214 4116 ordi·

132 4161 207 4233 uari
223 4171 263 4234 et
280 4160 461 4260 distingui
478 4170 655 4261 possunt;
685 4160 763 4234 sive
780 4168 928 4234 tantum
946 4154 1214 4254 magnitudine,

133 4278 169 4343 et
192 4274 299 4371 quasi
324 4274 508 4374 gradibus,
534 4273 700 4372 ejusdem
716 4271 871 4352 effectus
887 4268 1066 4371 generalis
1086 4266 1225 4340 disere?
