2678 4794
87 356 180 412 car.
198 351 313 409 xxxv.
374 348 595 408 numerum
622 350 911 409 rnrouurrcru.
1096 337 1166 411 3⁰1

90 558 162 634 per
184 529 455 607 accommodare
479 530 724 615 tentaverint;
751 539 790 604 et
814 531 937 603 minus
961 528 1081 605 adhuc
1105 531 1172 629 qui

90 669 165 744 ope
188 643 433 718 remediorum
458 665 666 742 prosperam
691 640 943 715 valetudinem
965 640 1110 717 firmare
1134 650 1174 716 et

91 780 305 832 conservare
321 755 442 829 conati
459 756 543 828 sint.

139 889 412 944 ucecenxxrv
438 866 571 941 Omnis
586 877 712 940 autem
728 865 878 939 tuendae
895 864 1058 939 sanitatis
1075 889 1172 955 eura,

89 981 285 1078 omnisque
319 979 533 1052 morborum
571 978 808 1052 arcendorum
844 1001 924 1077 spes
950 988 989 1050 et
1026 978 1172 1066 fiducia,

89 1092 161 1166 hoc
176 1091 253 1166 solo
270 1091 417 1165 cardine
430 1100 634 1178 versantur,
659 1113 807 1187 nempe,
832 1098 914 1163 uta
940 1091 1055 1164 causis
1077 1115 1174 1164 mor-

89 1203 222 1278 borum
239 1204 401 1290 remotis,
419 1226 502 1276 cum
521 1202 567 1275 ab
582 1203 626 1276 iis
642 1227 727 1302 quae
739 1200 1009 1300 proclivitatem
1022 1202 1173 1289 faciunt,

90 1325 178 1388 tum
195 1339 343 1413 quoque
369 1315 415 1387 ab
444 1314 487 1387 iis
504 1339 588 1412 quae
605 1315 643 1386 in
661 1337 811 1413 corpore
840 1313 891 1386 sic
907 1313 1060 1412 proclivi
1076 1314 1174 1388 facto

91 1426 266 1499 morbum
291 1424 492 1524 quemlibet
516 1425 690 1512 excitent,
725 1437 910 1524 quantum
934 1423 1013 1497 fieri
1048 1425 1172 1523 possit,

91 1548 348 1638 praecaveatur,
377 1547 417 1610 et
450 1537 508 1610 hae
532 1538 634 1610 omni
660 1561 745 1610 cura
769 1536 967 1621 evitentur,
1000 1535 1072 1610 illae
1096 1561 1173 1610 cor-

90 1651 282 1751 rig-autum
324 1673 410 1722 nam
436 1649 505 1722 nisi
530 1649 698 1747 utrisque
731 1648 1030 1722 concurrentibus
1056 1648 1173 1746 (xm)

90 1761 217 1837 nullus
233 1759 312 1834 fieri
328 1770 450 1860 potest
475 1761 634 1835 morbus.
687 1761 792 1859 Saepe
808 1785 896 1834 vero
921 1760 981 1833 vel
998 1761 1044 1833 ab
1060 1761 1174 1834 altero

91 1873 152 1948 vel
168 1873 215 1948 ab
231 1884 390 1971 utroque
405 1897 539 1972 genere
567 1886 758 1949 causarum
776 1872 1027 1946 morbosarum
1055 1871 1172 1945 homi-

92 2008 160 2059 nes
175 1984 370 2059 defendere
386 1996 450 2059 aut
467 1984 617 2061 liberare
634 2009 840 2084 possumus,
867 1995 906 2059 et
931 1986 982 2089 sic
997 1984 1057 2058 vel
1073 1983 1173 2057 intir-

92 2096 273 2171 missimos
288 2105 326 2169 et
344 2097 507 2171 maxime
523 2097 806 2171 valetudinarios
824 2120 1092 2195 nonnunquam
1107 2095 1173 2170 diu

90 2220 262 2309 praestare
290 2208 501 2283 incolumes.
563 2209 756 2282 Interdum
785 2207 881 2281 mala
914 2209 961 2280 ad
993 2209 1173 2305 quosdam

90 2321 239 2397 morbos
267 2320 476 2420 proclivitas
501 2321 541 2394 in
566 2321 832 2397 constitutione
847 2321 1038 2404 inh‘aerens,
1062 2319 1174 2395 nullis

91 2442 214 2536 potest
231 2445 298 2509 aut
314 2432 394 2507 tolli
411 2444 476 2507 aut
493 2433 625 2532 corrigi
643 2434 782 2507 modis:
807 2433 847 2506 in
865 2431 934 2505 hoc
960 2440 1069 2514 statu,
1099 2432 1174 2503 evi·

91 2546 206 2623 tando
222 2570 338 2621 noxas
353 2557 522 2620 externas
538 2569 595 2618 res
616 2553 823 2645 peragetur.
873 2542 1070 2618 Interdum
1088 2566 1175 2616 vero

91 2658 138 2737 ab
152 2658 225 2735 alia
239 2660 358 2758 magis
383 2668 487 2757 parte
516 2657 713 2733 difficultas
740 2658 896 2757 premit:
926 2656 1062 2730 scilicet
1087 2679 1175 2730 cum

91 2771 171 2875 istae
187 2796 307 2860 noxae,
324 2782 473 2871 propter
490 2796 594 2846 suam
610 2772 857 2870 frequentiam
880 2781 993 2868 atque
1009 2779 1174 2842 constan-

92 2885 195 2973 tiam,
218 2893 259 2957 et
274 2885 363 2959 vitae
378 2885 498 2984 g'enus
514 2909 645 2983 parum
663 2885 840 2958 idoneum
858 2882 960 2982 quod
977 2880 1088 2956 multi
1113 2881 1174 2955 de-

91 3020 180 3096 gere
195 3006 392 3097 coguntur,
417 2998 483 3072 vix
501 3007 654 3098 possunt
671 2997 819 3096 penitus
836 2995 985 3071 evitari:
1016 3004 1100 3069 tum
1125 2995 1173 3069 ad

93 3107 363 3206 proclivitatem
381 3111 496 3210 ipsam
514 3110 766 3211 corrigendam
790 3119 829 3183 et
845 3109 1085 3183 minuendam
1103 3106 1175 3194 vel,

95 3219 293 3297 sifacultas
318 3222 441 3311 fuerit,
466 3249 612 3322 prorsus
638 3222 903 3309 eradicandam,
932 3245 1078 3295 summa
1104 3243 1176 3317 ope

94 3331 166 3407 uiti
182 3344 337 3432 oportet.
399 3336 535 3434 Neque
559 3336 711 3411 obscura
736 3335 838 3420 ratio,
867 3359 943 3433 qua
967 3333 1095 3406 endem
1120 3352 1175 3402 re·

93 3445 224 3535 media,
239 3447 447 3547 eodemque
462 3448 612 3531 consilio
628 3448 725 3537 data,
741 3472 827 3549 quae
839 3448 1012 3522 adversus
1030 3443 1176 3518 morbos

88 3555 164 3654 jam
180 3559 358 3634 formatos
377 3561 548 3660 prodesse
563 3560 692 3648 solent,
719 3561 807 3636 huic
822 3583 973 3661 quoque
989 3558 1176 3659 proposito

93 3669 268 3747 inservire
285 3682 435 3771 queant.
485 3673 585 3749 Talis
601 3675 702 3749 enim
713 3673 923 3772 proclivitas
938 3673 985 3746 ad
1000 3669 1175 3745 morbum

95 3805 156 3880 pro
171 3783 313 3859 leviore
329 3786 434 3883 quasi
450 3786 579 3859 morbo
597 3788 737 3883 (xmu)
763 3785 888 3859 haberi
904 3793 1037 3884 potest,
1063 3809 1083 3856 a
1099 3806 1176 3879 quo
1311 3788 1313 3793 ’

96 3896 353 3998 magnitudine
369 3906 529 3984 tantum,
553 3920 628 3973 uon
654 3921 789 3998 genere
810 3895 946 3985 differt,
971 3895 1178 3991 iisdemque

97 4003 346 4197 lg‘otppblrrtrpqlis
361 4019 475 4108 atque
499 4011 669 4086 remediis
686 4034 728 4085 ac
752 4010 897 4108 gravior
913 4011 1064 4084 morbus
1093 4005 1175 4078 sub-
