2678 4794
135 334 205 406 lta
549 342 801 401 cousrscrus
964 391 967 395 .
1025 348 1111 403 car.
1129 346 1209 403 m.

136 527 234 601 secto
258 525 356 600 haud
379 521 469 597 levis
485 522 667 595 momenti
694 529 760 606 est,
785 528 868 594 tum
897 522 944 595 ad
973 522 1215 611 inducendos,

136 647 218 714 tum
237 637 283 711 ad
301 633 477 709 sanandos
496 632 650 707 morbos.

183 752 394 810 ccccxxxm
419 732 580 807 Arteriae
595 730 704 804 variis
720 730 840 805 modis
856 731 1122 808 terminantur:
1155 730 1218 809 vel

133 846 277 924 reflexa
294 866 396 919 venae
412 842 520 930 fiunt,
537 867 622 942 quae
638 867 766 917 omnes
783 843 971 942 sanguinis
988 853 1119 942 partes,
1137 852 1217 925 taur

135 980 262 1033 crassas
275 979 389 1054 quam
406 965 546 1043 tenues,
563 955 769 1052 accipiunt;
786 954 846 1029 vel
861 954 901 1029 iu
920 955 1078 1028 minores
1094 955 1220 1033 adhuc

132 1067 290 1143 ramulos
315 1067 546 1156 dividuntur,
571 1091 685 1166 quam
711 1068 777 1165 qui
803 1068 991 1141 crassiores
1020 1068 1218 1166 particulas

131 1179 325 1253 admittere
349 1181 502 1279 possint,
539 1189 578 1253 et
600 1178 686 1252 ideo
710 1177 938 1278 pellucidum
964 1190 1110 1254 tantum
1136 1179 1217 1255 lati·

130 1312 211 1365 cem
228 1292 376 1380 vehant,
394 1316 552 1390 suasque
568 1291 722 1365 demum
740 1315 852 1365 venas
877 1291 1015 1366 sodales
1032 1292 1216 1378 habeant;

132 1403 192 1475 uel
217 1405 257 1477 in
273 1429 359 1479 vasa
386 1405 562 1478 desinunt
586 1403 805 1491 exhalantia,
832 1405 1065 1490 secerneutia,
1092 1426 1216 1479 exuer-

134 1517 271 1590 nentia.

182 1650 387 1703 ccccxxxv,
412 1625 637 1700 Exhalantia
654 1651 739 1699 vasa
756 1637 905 1700 tenuem
925 1626 1114 1725 sanguinis
1138 1648 1218 1727 par-

132 1751 210 1814 tem
235 1741 273 1813 in
299 1742 424 1814 omnia
447 1764 535 1813 cava
559 1739 718 1837 corporis
743 1762 879 1837 organa
916 1738 1104 1814 fundunt:
1140 1762 1217 1839 qua

130 1853 220 1941 haec,
233 1862 315 1927 tum
328 1877 472 1951 magna,
489 1850 607 1925 veluti
620 1850 812 1937 abdomen,
830 1849 974 1937 thorax,
991 1861 1115 1948 eaput,
1132 1860 1216 1927 tum

134 1985 284 2062 quoque
308 1989 430 2064 parva,
455 1964 572 2038 veluti
598 1962 738 2037 cellulae
761 1963 844 2036 telae
859 1962 1060 2037 reticulatae
1075 1963 1217 2061 ubique

133 2077 302 2174 corporis,
320 2101 462 2176 semper
478 2077 640 2150 madent.

183 2214 397 2272 ccccxxxvr.
428 2189 678 2265 Exoementia
702 2197 825 2261 autem
852 2211 937 2260 vasa
961 2189 1216 2263 tenuissimam

134 2303 322 2401 sanguinis
346 2313 500 2402 partem,
526 2301 601 2376 fere
624 2324 809 2399 aquosam,
839 2324 922 2373 curn
948 2299 1117 2399 pauxillo
1145 2296 1215 2373 olei

134 2414 310 2502 animalis,
336 2424 375 2489 et
399 2426 503 2515 parte
528 2413 627 2487 haud
653 2413 790 2511 exigua
805 2411 904 2486 acidi
920 2410 1118 2501 sarbonici,
1134 2410 1216 2486 alia·

133 2550 294 2626 rumque
319 2526 469 2605 fortasse
493 2551 617 2601 rerum
648 2548 807 2623 quarum
834 2536 963 2598 natura
985 2526 1123 2599 minus
1136 2524 1215 2599 hao-

134 2647 244 2713 tenus
268 2640 455 2738 explorata
482 2651 547 2726 est,
572 2649 695 2714 acute
720 2644 758 2708 et
783 2635 960 2733 pulmone
984 2637 1130 2712 assidue
1152 2658 1213 2711 ex·

135 2749 269 2823 halant.

183 2884 417 2934 ccccxxxvrr.
449 2863 680 2937 Secernentia
701 2863 854 2938 demum
871 2886 956 2935 vasa
972 2885 1058 2934 curn
1076 2857 1214 2935 arteriis

135 2970 321 3054 continua,
343 2972 383 3042 in
401 2973 506 3043 certis
524 2975 682 3070 corporis
699 2978 853 3073 organis
881 2997 955 3047 non
973 2973 1086 3047 modo
1102 2980 1214 3049 certat

109 3080 112 3084 ’
133 3091 254 3178 partes
271 3081 458 3177 sanguinis
484 3082 669 3171 exhalant,
701 3111 722 3158 a
738 3086 877 3186 reliqua
893 3111 1008 3160 massa
1025 3085 1214 3170 detractas,

133 3193 197 3266 sed
214 3192 277 3266 has
294 3217 444 3290 quoque
458 3195 593 3268 mirum
607 3196 646 3269 in
658 3198 812 3273 modum
826 3206 985 3285 mutant,
1001 3198 1094 3271 etin
1107 3197 1214 3271 aliam

132 3305 208 3378 fere
225 3318 394 3381 naturam
412 3318 644 3382 convertunt.
695 3310 759 3385 De
790 3312 844 3385 his
861 3336 949 3385 vero
965 3321 1092 3408 postea
1114 3308 1214 3383 locus

133 3413 203 3490 erit
223 3419 382 3505 dicendi,
409 3444 529 3516 quum
547 3420 593 3492 de
611 3425 808 3499 secretione
825 3436 862 3497 et
879 3423 1090 3497 excretione
1105 3443 1214 3521 agen·

133 3526 225 3600 dum
243 3531 321 3602 erit.

181 3662 431 3717 ccccxxxvnr.
458 3642 548 3717 Pars
565 3648 711 3721 tenuior
729 3649 929 3746 sanguinis,
956 3672 1041 3745 quae
1057 3646 1097 3719 in
1115 3646 1215 3719 varia

131 3771 218 3822 cava
235 3756 393 3850 corporis
410 3779 544 3855 organa
560 3758 776 3847 effunditur,
803 3759 946 3833 assidue
962 3782 1014 3833 ex
1040 3759 1084 3831 iis
1101 3780 1214 3831 resur·

129 3857 247 3948 betur,
275 3876 313 3937 et
329 3865 375 3938 ad
392 3890 453 3940 oor
470 3869 593 3944 denuo
609 3873 807 3958 reducitur,
825 3896 895 3969 ope
913 3895 1082 3945 vasorum
1101 3894 1216 3945 resor-

128 3970 309 4063 bentium,
334 3979 395 4052 vel
421 3978 738 4080 lpnrphoticoram,
764 3995 807 4057 ut
835 3994 1025 4070 vocantur,
1051 4006 1141 4081 quae
1164 4002 1214 4057 ex

128 4088 231 4160 omni
255 4087 330 4162 fere
355 4094 512 4189 eorporis
542 4107 655 4192 parte,
681 4097 759 4169 sive
775 4097 919 4169 interna
944 4097 1022 4169 sive
1047 4104 1214 4181 exterra,

127 4197 244 4273 veluti
270 4211 366 4290 cute,
392 4208 586 4293 nascentia,
611 4232 725 4306 prope
750 4231 885 4304 magna
909 4232 995 4281 vasa
1020 4232 1107 4304 quae
1131 4219 1212 4280 san·

121 4309 274 4409 guinem
290 4314 436 4391 vehunt
461 4340 556 4416 saepe
573 4319 747 4418 repentia,
773 4319 924 4396 tandem
940 4320 981 4394 in
996 4328 1206 4418 receptacu-
