2678 4794
107 345 169 402 ΔΡ.
186 342 278 397 m
341 340 562 398 MEDICINAE
581 337 868 399 THEORETICAE.
1085 336 1154 403 2ss

107 521 209 598 ilum
225 515 451 620 propellens:
477 518 555 594 haec
570 520 637 605 vis,
662 528 707 592 ut
724 516 883 605 videtur,
908 541 930 591 a
953 517 1075 618 primo
1091 525 1158 619 qui

107 633 303 734 ›mpicitm
317 631 436 706 cordis
452 629 658 706 ventriculo
683 631 872 729 incipiens,
896 638 1044 706 coriam
1061 632 1159 706 evol·

107 749 146 835 it,
171 743 429 842 extenditque,
445 744 568 843 primo
583 742 622 816 in
640 742 844 841 simplicem
861 742 1009 831 tubum,
1037 743 1159 842 paula

107 883 145 935 m
161 859 203 931 in
229 854 393 932 ramulos
419 854 673 942 dividendum,
698 854 766 953 qui
782 877 894 929 venas
919 854 988 929 sibi
1010 878 1159 955 respon-

107 980 208 1048 entes
224 968 430 1056 inveniant,
447 966 508 1042 vel
522 967 698 1066 aperiant,
715 965 776 1041 vel
792 966 975 1042 evolvant

117 1102 399 1161 nccnxxxvrr.
424 1080 520 1153 Haec
535 1080 602 1167 vis,
619 1080 747 1179 prima,
764 1088 809 1154 ut
824 1079 984 1168 videtur,
1000 1082 1159 1180 corporis

107 1192 322 1279 bricatione,
346 1191 446 1266 varia
473 1191 709 1290 proportione
735 1191 776 1264 in
794 1190 863 1265 alia
878 1203 991 1291 atque
1015 1192 1086 1267 alia
1101 1217 1158 1267 or·

107 1330 175 1383 rna
197 1305 379 1405 dirigitur,
404 1313 443 1378 et
472 1304 549 1378 haec
574 1304 691 1402 igitur
706 1314 806 1377 certo
823 1302 951 1377 ordine
979 1317 1157 1392 crescunt,

107 1444 111 1456 ·
107 1440 223 1493 sane
237 1417 436 1493 admodum
454 1414 692 1514 inaequaliter.
744 1415 804 1490 Sic
820 1424 932 1515 caput
951 1417 1091 1515 grande
1106 1416 1157 1490 ef-

107 1528 215 1617 ritur,
238 1538 276 1604 et
291 1526 438 1628 thymos
455 1540 493 1602 et
504 1529 610 1628 jecur
625 1529 793 1627 ingentia
808 1551 982 1658 magnam
999 1529 1156 1605 thoracis

107 1652 220 1719 utem
236 1642 464 1740 occupantia,
490 1664 575 1714 curn
606 1638 736 1738 pulmo
759 1640 881 1715 adhuc
905 1642 1065 1740 exiguus
1089 1652 1156 1728 est,

123 1763 231 1832 artus
246 1753 341 1830 nulli
356 1763 543 1853 apparent
582 1753 640 1827 Hi
655 1776 744 1827 vem
760 1777 827 1827 suo
843 1751 972 1827 ordine
988 1753 1156 1839 veniunt,

123 1868 233 1969 prius
249 1867 451 1967 superiores
468 1865 662 1965 pullulant
970 1940 972 1944 Α

117 2002 408 2057 nccnxxxvru.
442 1978 517 2053 Tot
501 1988 561 2053 tus
594 1977 851 2066 homunculus,
883 2001 1004 2077 quum
1036 1977 1156 2076 primo

107 2091 236 2192 mspici
251 2101 383 2191 potest,
400 2092 466 2164 vix
482 2091 632 2165 formica
649 2090 775 2189 major,
804 2101 843 2164 et
857 2115 1017 2189 granum
1034 2114 1156 2165 unum

107 2216 281 2283 taumve
296 2204 472 2302 pendens,
498 2212 602 2276 natat
623 2204 663 2276 in
690 2227 773 2290 ovo,
802 2203 904 2300 quod
932 2202 1036 2276 facile
1063 2204 1155 2277 duas

107 2341 195 2395 eave
209 2341 317 2417 aquae
333 2316 457 2390 uncias
487 2316 694 2388 contineat:
721 2339 797 2412 quo
813 2313 898 2411 plus
914 2337 1002 2388 vero
1027 2316 1155 2388 crescit

107 2454 201 2519 rum,
225 2452 271 2502 eo
286 2430 411 2502 minus
425 2452 494 2527 pro
511 2438 588 2499 rata
616 2435 720 2524 parte
748 2450 855 2523 aquae
880 2426 921 2499 in
948 2450 995 2499 eo
1022 2438 1088 2513 est,
1116 2435 1156 2499 et

107 2554 188 2620 tus
204 2541 272 2641 qui
289 2540 430 2614 habitat
446 2539 584 2636 major:
615 2539 733 2613 donec
758 2539 919 2626 tandem,
948 2536 1018 2611 sub
1040 2537 1156 2611 finem

107 2654 318 2741 aviditatis,
342 2653 472 2752 ingens
489 2674 606 2726 ovum
622 2651 697 2724 fere
712 2649 875 2748 impleat,
900 2673 1006 2750 parca
1029 2648 1155 2724 relicta

107 2792 180 2870 pra,
204 2767 285 2866 ipsc
308 2774 392 2840 tum
418 2763 689 2864 sesquipedalis,
714 2772 752 2836 et
776 2763 916 2836 circiter
938 2771 1022 2837 octo
1045 2761 1154 2838 libras

107 2880 252 2957 mdens.

114 3011 378 3069 nccnxxmx.
404 2989 444 3064 A
469 2990 597 3089 primis
622 2989 751 3065 diebus
776 2988 875 3064 funis
903 3013 953 3064 ex
977 2987 1154 3064 umbilico

107 3104 212 3190 odit,
235 3128 283 3177 ex
299 3103 395 3181 binis
411 3103 548 3177 arteriis
564 3112 743 3190 constans,
768 3102 905 3201 quibus
934 3103 1044 3176 unico
1059 3125 1154 3177 vena

107 3212 281 3316 spondet,
314 3224 354 3290 et
383 3213 592 3315 placentum
625 3215 769 3303 format,
810 3241 896 3314 quaa
927 3215 1060 3290 intima
1091 3215 1154 3289 ovi

107 3325 289 3403 embrana
303 3337 401 3403 tecta
426 3352 622 3403 concavam
639 3339 791 3427 partem,
820 3339 972 3402 externa
995 3346 1155 3400 convex-

107 3467 142 3532 o,
173 3463 247 3515 ovo
262 3449 301 3513 et
316 3450 423 3515 utero
451 3440 670 3540 plerumque
686 3464 801 3541 prope
825 3449 968 3541 partem
992 3437 1154 3538 superio·

107 3579 145 3631 m
163 3554 361 3652 utriusque
376 3553 596 3641 adnectitur,
627 3563 665 3628 et
692 3563 942 3628 commeatum
967 3551 1063 3625 inter
1077 3574 1153 3624 ma·

107 3691 165 3744 em
182 3664 396 3765 foetumque
411 3667 534 3755 efficit,
553 3666 769 3765 sanguinem
786 3667 965 3740 nimirum
978 3665 1026 3739 ab
1042 3662 1154 3738 altera

107 3783 115 3856 l
129 3777 296 3853 alterum
314 3777 450 3853 ducens
467 3779 727 3877 reducensque.

114 3913 265 3967 nccxc.
291 3889 474 3965 Nondum
499 3890 663 3991 profecto
687 3897 830 3964 constat
854 3891 957 3989 apud
981 3889 1152 3972 medicos,

107 4026 150 4079 ao
164 4002 278 4078 modo
307 4003 368 4078 hic
384 4014 609 4078 commeatus
634 4003 853 4091 absolvatur,
880 4005 958 4078 sive
980 4026 1047 4102 per
1069 4023 1155 4075 vasa

107 4116 294 4215 nguinem
310 4116 685 4219 vehentia-continua,
702 4115 774 4189 iter
790 4139 810 4188 a
827 4125 942 4189 matre
957 4114 1006 4187 ad
1020 4112 1153 4199 foetum

107 4237 134 4314 t,
148 4227 227 4305 sive
243 4228 393 4330 sanguis
409 4252 458 4306 ex
473 4229 669 4327 utriusque
684 4228 780 4306 vasis
807 4226 1020 4304 effundatur
1042 4225 1083 4299 in
1099 4242 1154 4295 ea·

598 4362 625 4425 Q
