2678 4794
110 342 198 399 cur.
215 340 314 397 xrn.
386 338 606 397 nnmerum
624 342 909 399 rnnonnrrcn.
1105 329 1175 404 179

102 516 222 607 halat3
247 518 332 594 binc
355 543 451 620 saepe
475 521 628 597 humore
649 546 786 621 aquoso
810 521 1000 596 obruitur:
1025 518 1117 616 quin
1134 528 1173 591 et

102 630 209 707 simul
231 633 407 720 irritatur,
435 658 511 731 quo
535 634 579 708 fit
604 644 648 710 ut
672 634 754 733 plus
778 634 857 733 ejus
882 633 992 718 muci,
1019 631 1173 729 ejusque

101 744 299 832 tenacioris,
316 753 531 833 secernatur,
547 746 613 846 qui
629 747 781 821 demum
798 748 876 821 vias
892 770 983 845 quas
998 753 1058 817 aer
1074 740 1173 815 subit

96 854 266 944 obstruit,
282 856 459 944 stimulat,
488 860 694 957 tussimque
711 846 967 933 vehementem
988 869 1027 932 et
1043 854 1173 930 moles·

96 974 170 1040 tam
187 968 340 1056 excitat,
357 993 431 1066 qua
446 971 597 1045 tandem
613 970 742 1069 pulmo
759 995 827 1045 suo
843 996 881 1045 se
896 994 1005 1045 onere
1021 969 1163 1043 liberet.

140 1100 260 1154 nem.
286 1079 386 1155 Aliis
402 1105 552 1181 quoque
567 1083 678 1170 vitiis,
707 1085 798 1158 tussi
816 1086 992 1159 nimirum
1022 1091 1061 1156 et
1085 1092 1173 1157 ster·

97 1191 293 1279 nutationi,
322 1192 481 1265 obnoxia
506 1204 561 1268 est
589 1195 709 1270 vitalis
738 1192 856 1271 haeooe
887 1197 1039 1282 functio,
1076 1216 1173 1293 quae,

100 1304 269 1401 quamvis
292 1304 414 1402 primo
445 1305 587 1381 intuitu
618 1308 831 1407 gravissima
856 1309 1061 1393 videantur,
1097 1305 1173 1379 suis

102 1422 227 1489 tannn
241 1416 364 1491 usibus
379 1440 454 1491 non
471 1428 605 1506 carent,
632 1429 671 1492 et
687 1420 819 1493 merito
848 1444 942 1519 saepe
968 1420 1064 1492 inter
1080 1415 1174 1491 salu·

103 1524 275 1603 berrinros
301 1528 455 1605 Naturae
486 1526 638 1607 conatus
666 1540 898 1607 recensentur
931 1535 1040 1621 (txv,
1074 1550 1173 1615 uxx,

104 1651 559 1741 cccnx1v‚cccnxv111):
585 1668 680 1744 saepe
696 1654 820 1719 tamen
844 1644 1006 1743 periculo
1021 1666 1097 1716 non
1114 1663 1177 1715 va·

100 1762 191 1841 tant,
220 1764 260 1827 et
275 1756 379 1853 gravi
396 1757 641 1846 incommodo,
670 1758 747 1832 sire
763 1764 911 1830 tantum
939 1755 1049 1828 nimis
1065 1751 1174 1825 vehe-

99 1877 248 1954 mentes,
278 1867 356 1941 sive
383 1867 536 1942 demum
562 1869 678 1968 inepti
712 1868 849 1943 fuerint
881 1876 1033 1942 conatus
1059 1864 1174 1955 (Lxx,

100 1984 320 2075 cccnxvm)
350 2002 474 2078 neque
500 1981 662 2080 sapiente
689 1979 839 2055 oonsilio
864 1978 1038 2053 instituti.
1101 1975 1175 2049 Ut

101 2110 247 2189 cunque
273 2098 400 2165 tamen
430 2091 508 2166 haec
523 2117 561 2167 se
589 2116 645 2167 res
662 2092 839 2179 habuerit,
869 2090 1001 2165 medici
1017 2098 1082 2177 est,
1112 2111 1175 2161 na-

101 2210 231 2289 mnam,
259 2208 298 2275 et
316 2226 450 2290 causas,
479 2214 518 2277 et
534 2202 686 2279 effectus
702 2224 827 2279 earum
843 2204 1081 2276 affectionum
1109 2222 1174 2273 no-

84 2314 200 2402 ·risse,
231 2313 457 2411 quo'melius
486 2315 575 2389 sciat
598 2314 770 2390 salutares
793 2336 1018 2412 promovere,
1043 2311 1178 2384 nimias

104 2430 314 2525 temperare,
330 2426 465 2500 noxias.
475 2436 514 2500 et
530 2428 672 2525 ineptas
687 2448 925 2524 compesoere.

143 2560 255 2613 new.
282 2538 408 2613 Tussis
433 2550 584 2613 vocatur
608 2538 807 2611 vehemens
832 2558 960 2609 sonora
984 2530 1175 2631 expiratio,

104 2672 191 2749 ttepe
218 2649 347 2737 invita,
384 2658 465 2724 abra
489 2674 554 2747 per
583 2645 786 2748 glottidcm,
811 2669 911 2720 nunc
937 2644 1051 2743 magis
1074 2665 1176 2715 nunc

76 2772 81 2785 '
103 2763 222 2836 minus
240 2760 382 2834 fortiter
398 2761 567 2848 clausam,
593 2784 728 2859 magno
742 2759 886 2856 impetu
904 2756 1026 2831 subito
1050 2752 1174 2852 expel-

104 2870 186 2949 lens.
239 2872 442 2947 Convulsio
460 2871 706 2948 musculorum
724 2868 959 2968 expirationis
975 2867 1039 2940 dat
1062 2866 1174 2963 insig-

101 3007 184 3059 nem
208 2986 283 3058 aeri
307 2984 512 3083 impetum:
538 2983 735 3058 contractio
754 2979 926 3081 glottidr's
942 2980 1007 3053 dat
1028 3000 1172 3052 sonum.

103 3094 225 3171 Tussis
250 3120 345 3195 saepe
370 3097 523 3195 repetita
546 3106 584 3171 et
620 3095 794 3170 diuturna
823 3102 888 3180 est,
926 3089 1174 3165 intercedente

105 3206 274 3281 uimimm
300 3208 489 3305 reciproca,
514 3217 596 3306 post
634 3206 794 3305 singulas
829 3205 1082 3303 expirationes,
1116 3200 1172 3271 in-

105 3317 306 3415 spiratione,
324 3319 388 3391 sed
404 3318 554 3405 difficili,
571 3318 765 3405 obstructa,
787 3315 1008 3415 imperfecta,
1024 3321 1174 3410 propter

104 3440 323 3505 contractam
336 3428 539 3528 glottidcrn.

147 3562 239 3615 ner.
265 3542 462 3616 Excitatur
486 3542 594 3615 tussis
616 3543 688 3615 acri
704 3544 836 3640 quovis
860 3539 920 3614 vel
944 3537 1095 3614 clrernico
1111 3534 1172 3608 vel

102 3650 314 3739 mechanico,
347 3653 416 3729 viis
441 3677 531 3751 quas
556 3658 616 3725 atr
641 3652 741 3726 subit
764 3649 962 3750 aglotlidc
984 3650 1032 3723 ad
1058 3650 1171 3721 imam

103 3774 238 3859 partem
256 3762 441 3861 pulmonis
458 3763 617 3837 admoto.
665 3762 741 3835 Hae
757 3762 968 3835 membrana
983 3759 1171 3833 obducun-

104 3884 160 3947 tur
175 3873 440 3959 delieatissima,
465 3874 680 3972 stimulique
696 3874 815 3947 omnis
831 3873 922 3945 adeo
946 3870 1172 3969 impatiente,

105 3996 142 4057 ut
165 4009 215 4058 ne
239 3984 390 4081 quidem
415 3985 640 4059 blandissimi
666 3985 834 4083 corporis,
872 3983 989 4057 veluti
1012 3978 1172 4079 guttulae

104 4120 217 4193 aquae,
242 4105 382 4169 tactum
399 4096 500 4183 ferat,
517 4097 608 4194 quin
627 4097 750 4171 statim
767 4095 924 4169 musculi
937 4088 1172 4191 expirationis

104 4203 138 4277 iu
156 4206 355 4281 violentam
381 4206 655 4283 convulsionem
681 4208 877 4307 rapiantur,
901 4201 1101 4305 glorttsque
1127 4196 1157 4267 si

598 4340 631 4393 ,u
651 4328 674 4393 2
