2678 4794
76 331 165 388 car.
183 329 282 385 xxx.
337 325 556 385 maurorum
575 326 864 387 annonarrcru.
1084 322 1156 399 397

77 511 148 609 qui
173 518 295 583 tamen
320 530 368 581 ex
393 506 462 581 hoc
486 505 657 604 primario
685 506 877 581 manifeste
909 508 1087 608 pendent,
1119 512 1160 586 in

78 621 189 696 variis
214 619 346 694 morbis
370 619 516 719 egregie
539 619 697 718 prodest.
761 617 975 719 Millepedae
1006 647 1159 722 quoque

80 734 181 833 (quae
196 731 285 806 olim
314 732 352 805 in
381 741 484 805 tanta
500 732 743 806 aestimatione
768 739 885 831 erant)
910 732 985 808 huc
1008 734 1158 810 forsitan

77 845 203 919 referri
228 843 385 928 debent;
424 842 570 917 illarum
605 845 702 917 enim
729 844 824 918 vires
857 845 1102 935 medicinales,
1132 849 1162 922 si

77 981 163 1056 quae
178 956 222 1030 iis
240 964 465 1053 competant,
483 954 705 1029 stimulantis
721 957 864 1055 generis
875 981 951 1031 esse
961 958 1159 1045 videntum

79 1070 138 1144 hae
161 1079 288 1143 autem
314 1091 438 1165 neque
466 1067 557 1140 adeo
585 1078 693 1141 certae
721 1090 843 1166 neque
859 1077 972 1143 tantae
988 1079 1087 1156 sunt,
1116 1091 1161 1146 ut

80 1181 317 1264 medicorum,
355 1180 491 1277 quibus
526 1190 585 1254 tot
609 1178 679 1252 alia
702 1188 741 1252 et
765 1179 964 1255 efficaciora
997 1182 1161 1280 ejusdem

81 1293 224 1394 generis
254 1291 521 1365 medicamenta
546 1300 756 1390 suppetant,
785 1293 1029 1368 attentionem
1046 1317 1161 1368 mere-

82 1417 203 1480 antur.

131 1539 300 1592 uexerit.
325 1515 467 1590 Praeter
482 1539 571 1590 vero
598 1514 724 1590 omnia
739 1516 1007 1592 medicamenta
1031 1519 1161 1594 stimu-

41 1698 46 1705 .
82 1628 207 1716 lautia,
224 1638 310 1703 sunt
327 1639 365 1701 et
382 1627 451 1701 alia
463 1629 633 1727 quaedam
651 1628 812 1702 remedia
828 1653 914 1729 quae
928 1654 1060 1730 corpus
1077 1633 1162 1707 satis

82 1741 277 1816 efficaciter
305 1740 491 1815 stimulare
516 1741 643 1828 solent,
668 1751 707 1815 et
731 1740 801 1816 hoc
829 1742 981 1816 consilio
1008 1742 1047 1816 in
1073 1767 1165 1816 non·

83 1855 195 1930 nullis
213 1853 346 1929 morbis
363 1854 536 1929 adhiberi.

60 1970 69 1984 ’
134 1990 230 2043 uec.
248 1967 344 2040 Haec
359 1967 456 2040 inter
472 1965 652 2065 imprimis
670 1968 862 2042 memorari
878 1966 990 2042 debet
1006 1965 1164 2041 subtilis·

86 2080 178 2155 sima
200 2078 262 2151 illa
285 2088 398 2176 atque
422 2076 659 2152 mobilissima
695 2104 784 2154 aura
808 2105 893 2178 quaa
921 2104 987 2179 per
1023 2078 1165 2178 aliquot

79 2191 160 2291 jam
185 2216 299 2266 annos
324 2190 549 2290 philosophis
565 2201 603 2264 et
619 2190 771 2264 medicis
788 2200 865 2265 tam
882 2191 977 2266 bene
993 2201 1081 2266 nota
1109 2201 1167 2265 est
1256 2239 1260 2247 .

85 2304 156 2379 sub
180 2305 331 2378 nomine
341 2302 463 2404 fluidi
495 2299 666 2407 cicatrici,
691 2324 852 2399 quaeque
876 2301 995 2375 multa
1018 2326 1168 2400 corpora

84 2416 301 2492 mirabiliter
317 2416 496 2515 pervadit,
513 2423 552 2488 et
566 2412 626 2488 vel
643 2414 873 2512 rapidissimo
890 2436 957 2486 suo
974 2423 1091 2499 motu,
1109 2413 1169 2486 vel

86 2527 157 2602 alia
173 2531 371 2627 minusque
387 2526 572 2601 intellecta
599 2527 753 2613 ratione,
778 2525 887 2600 variis
903 2525 1023 2600 modis
1045 2523 1168 2598 afficit.

87 2640 277 2716 Animalia
304 2651 429 2714 autem
452 2663 602 2738 corpora
626 2662 701 2712 non
718 2638 832 2712 modo
846 2636 1073 2712 velocissime
1088 2660 1169 2736 per-

91 2751 203 2840 vadit,
225 2754 288 2828 sed
313 2752 422 2827 simul
440 2751 662 2826 validissime
678 2751 856 2842 stimulat,
881 2773 1105 2848 sensumque
1128 2751 1169 2823 iu

86 2865 253 2964 partibus
278 2865 530 2952 sentientibus,
560 2873 782 2962 motumque
810 2864 849 2937 in
875 2863 1040 2963 partibus
1069 2887 1169 2937 mus·

87 2975 230 3065 culosis,
254 2978 402 3066 excitat,
427 2978 519 3052 adeo
548 2976 672 3052 subito
700 2987 738 3049 et
755 2985 852 3049 certe
868 2987 913 3050 ut
930 2974 1025 3049 nihil
1043 2976 1169 3074 magia.
1264 3049 1265 3053 ,

88 3089 213 3164 immo
229 3089 397 3163 musculo
414 3090 530 3165 cuins
547 3112 568 3163 e
584 3113 734 3187 corpore
745 3087 821 3187 jam
840 3097 980 3176 erecto,
1011 3088 1075 3162 sed
1091 3090 1170 3162 vim

89 3224 195 3276 suam
215 3202 341 3275 adhuc
364 3202 549 3290 retinenti,
588 3202 654 3277 ubi
679 3200 803 3276 nullus
837 3201 921 3275 ideo
946 3201 1025 3274 lieri
1050 3209 1172 3298 potest

60 3357 64 3363 -
89 3335 228 3400 sensus,
245 3313 403 3401 admota,
415 3314 525 3400 hunc,
542 3315 710 3412 quamvis
722 3314 798 3412 jam
811 3323 1032 3412 torpentem,
1049 3334 1173 3409 neque

89 3423 152 3500 alii
168 3425 344 3523 cuiquam
372 3425 525 3500 stimulo
553 3435 754 3524 parentem,
779 3424 878 3500 illico
894 3424 941 3498 ad
958 3423 1173 3498 contractio-

90 3558 178 3610 nem
203 3536 285 3611 ciet.
346 3537 450 3624 Quin
488 3546 527 3610 et
552 3549 655 3612 tanta
678 3547 735 3611 est
759 3537 816 3611 vis
844 3535 1037 3610 stimulans
1063 3535 1176 3635 hujus

91 3671 200 3737 aurae,
235 3658 281 3723 ut
304 3649 450 3749 integro
484 3659 523 3722 et
559 3648 713 3747 quidem
738 3647 860 3723 valido
890 3651 1031 3748 corpori
1063 3651 1177 3723 nimis

90 3759 192 3860 large
208 3762 367 3850 admota,
392 3763 509 3836 vitam
526 3761 644 3860 ipsam
661 3761 786 3835 statim
805 3762 1012 3861 extinguat.
1062 3761 1176 3835 Hanc

92 3873 292 3971 perniciem
309 3873 370 3947 alii
387 3873 434 3947 ad
461 3872 573 3948 solam
592 3874 668 3947 vim
686 3866 940 3948 stimulantem
958 3873 1041 3972 plus
1065 3897 1176 3971 aequo

92 3984 288 4073 intensam,
306 3985 366 4058 alii
383 3985 430 4059 ad
447 3985 604 4060 subitam
623 3983 724 4058 illam
737 3995 850 4084 atque
865 3986 1057 4086 ingentem
1074 3985 1175 4058 debi-

94 4093 238 4171 litatem
267 4122 352 4196 quae
368 4097 483 4171 nimio
501 4097 651 4173 stimulo
675 4097 868 4173 succedere
894 4098 996 4184 solet,
1021 4096 1176 4170 releren-

95 4206 182 4282 dam
207 4233 285 4283 esse
310 4221 468 4285 censent.
519 4208 676 4287 Constat
700 4210 800 4287 enim
818 4235 883 4311 per
911 4210 1175 4306 inspectionem
