2678 4794
107 342 159 397 ir.
175 340 268 395 xxx.
363 337 583 395 nummum
602 339 889 399 rnuousmcm.
1074 335 1146 407 258

113 518 220 595 brevi
236 514 403 591 nobilitas
421 526 633 616 superesset,
661 517 734 592 nisi
761 543 849 595 cum
874 519 983 619 plebe
1005 525 1149 623 nuptiae

107 641 208 719 erent,
233 638 272 704 et
287 620 561 704 novisshomines
591 630 638 704 ad
654 655 820 706 summos
849 632 1004 710 honores
1020 638 1154 734 evecti,

107 743 227 845 rtiquis
260 741 408 817 familiis
434 742 748 831 adscriberentur;
782 747 953 842 quamvis
983 771 1057 822 non
1082 747 1152 841 du-

107 880 168 932 um
193 856 253 943 sit,
270 854 382 953 longe
398 853 513 928 alium
529 878 572 930 ac
597 857 740 955 nuptiae
766 856 1059 933 demonstrarent
1087 884 1151 958 pa-

107 991 169 1057 rm,
186 965 353 1041 nobilem
370 967 534 1065 stirpem,
549 967 652 1042 vitiis
669 979 708 1042 et
724 968 871 1059 morbis,
887 971 1003 1045 animi
1019 981 1058 1047 et
1074 996 1150 1046 cor·

107 1080 171 1167 ris,
213 1077 353 1176 viginti
385 1087 589 1167 atavorum,
631 1089 813 1169 onustam,
855 1083 1019 1159 multum
1053 1107 1151 1183 saepe

107 1190 288 1279 rmdasse,
304 1200 344 1263 et
359 1187 558 1289 aliquando
574 1215 766 1268 renovasse
781 1193 994 1293 perituram.

112 1325 299 1379 cccxxxi.
328 1301 513 1389 Quamvis
530 1304 727 1404 utriusque
743 1307 905 1404 parentis
920 1309 1148 1398 constitutio,

107 1438 164 1493 xu
190 1422 229 1490 et
252 1416 397 1515 ignavia
423 1425 605 1514 corrupta,
630 1417 677 1491 ad
705 1417 801 1493 hanc
828 1419 1149 1518 degenerationem

107 1534 134 1603 tt
149 1525 376 1605 sterilitatem
393 1527 556 1601 conferre
572 1530 707 1628 possit3
739 1540 863 1606 tamen
881 1532 967 1606 satis
991 1543 1150 1626 constat,

107 1640 272 1715 mimum
295 1664 392 1739 saepe
408 1640 545 1715 vitium
563 1651 602 1715 et
617 1665 764 1718 causam
789 1643 989 1718 sterilitatis
1014 1645 1053 1720 in
1080 1646 1149 1722 soe-

107 1750 173 1827 inis
188 1775 276 1841 esse,
305 1752 452 1838 scilicet,
478 1777 563 1850 quae
586 1754 652 1829 tali
668 1757 758 1832 vitae
781 1779 917 1856 genere
941 1756 1148 1847 solvuntur,

111 1862 357 1941 debilitantur
373 1865 549 1955 multum,
578 1878 617 1941 et
634 1870 814 1968 sanguine
831 1867 941 1943 nimis
958 1869 1078 1967 plenae
1105 1870 1148 1944 fi.

107 1986 151 2063 ·.t;
174 1986 216 2053 et
228 2001 371 2052 menses
388 1977 472 2051 ideo
489 1980 704 2079 copiosiores
729 1982 878 2070 habent,
905 2004 1020 2081 quam
1038 1982 1146 2057 rusti-

107 2120 112 2159 r
127 2098 169 2165 et
183 2089 342 2165 robustae
358 2091 529 2166 mulieres
558 2092 690 2189 habere
706 2093 835 2183 solent,
860 2104 899 2169 et
916 2093 1146 2196 saepefluore

107 2198 151 2293 io,
173 2226 269 2303 saepe
284 2204 481 2304 profluvi0,
497 2229 593 2304 saepe
609 2207 864 2305 suppressione
881 2209 1078 2295 mensium,
1095 2205 1145 2280 la

107 2324 200 2391 nt

107 2450 337 2515 ncccnxn.
355 2431 523 2506 Abortus
536 2438 689 2505 vocatur
705 2429 810 2504 crudi
825 2428 939 2504 foetus
955 2426 1144 2526 expulsio;

107 2540 193 2619 ium
223 2566 311 2617 sane
338 2542 697 2642 frequentissimum
723 2543 858 2640 soepius
883 2541 993 2616 tertio
1018 2561 1144 2613 mense

107 2652 248 2743 eldeum
273 2655 467 2754 aliquoties
495 2656 697 2755 repetitum
723 2651 828 2728 facile
853 2654 893 2728 in
909 2651 1145 2728 eonsuetudi-

107 2790 144 2843 m
159 2768 351 2856 transiens,
368 2768 582 2844 difficillime
598 2767 862 2867 rumpendam:
888 2791 933 2841 eo
951 2765 1026 2839 fere
1051 2764 1143 2863 peri-

107 2876 217 2983 losius
249 2905 326 2980 quo
358 2882 510 2980 propius
542 2882 591 2956 ad
622 2879 770 2979 justum
803 2888 952 2980 tempus
985 2887 1142 2952 ventum

107 2992 179 3067 trit.

107 3125 357 3181 nocemur.
383 3104 545 3182 Easdem
561 3106 637 3181 fere
652 3105 818 3206 agnoscit
835 3129 959 3181 causas
981 3128 1024 3178 ac
1040 3126 1143 3177 men-

107 3236 159 3291 tm
181 3216 418 3315 profluvium,
442 3218 548 3316 cujus
573 3243 670 3319 saepe
694 3242 777 3318 pars
809 3228 866 3293 est
899 3228 938 3292 et
967 3215 1141 3300 efi'eetus;

107 3327 288 3427 stumque,
314 3330 345 3404 si
369 3355 392 3402 a
415 3331 509 3404 vitio
524 3331 672 3405 interno
701 3331 830 3419 oritur,
856 3338 1023 3426 tempore
1040 3349 1143 3399 men·

107 3462 155 3514 un
172 3441 348 3529 accidens,
374 3451 424 3529 et,
454 3456 497 3516 ut
514 3441 673 3528 videtur,
698 3467 721 3517 a
746 3441 854 3516 solito
878 3449 1022 3514 naturae
1038 3438 1143 3513 moli·

107 3572 159 3625 ne
181 3552 230 3627 ad
254 3578 317 3628 eos
342 3553 596 3653 producendos
621 3553 803 3651 originem
829 3552 978 3626 ducens.
1029 3551 1144 3638 Quie-

107 3662 148 3738 id
163 3674 342 3764 praeterea
366 3675 616 3741 commeatum
639 3667 737 3739 inter
761 3676 918 3739 matrem
944 3675 982 3738 et
1006 3663 1142 3739 foetum

107 3794 319 3866 ccnxxxrx,
350 3786 493 3876 nccxc)
522 3779 675 3876 rumpit,
704 3776 765 3851 vel
790 3786 942 3851 uterum
967 3776 1143 3864 stimulat,

107 3882 231 3975 bilitat,
262 3889 324 3964 vel
341 3889 418 3965 ullo
435 3889 547 3963 modo
564 3890 675 3977 laedit,
705 3888 766 3962 vel
789 3912 917 3988 genus·
946 3912 1143 3964 nervosam

107 3999 242 4089 avellit,
273 3999 334 4075 vel
350 4025 482 4101 corpus
498 4001 671 4090 ealefacit,
699 4001 870 4076 abortum
888 4000 1062 4075 inducere
1078 4004 1142 4098 p'o·

107 4114 151 4187 st:
176 4121 307 4189 auctus
325 4114 461 4189 scilicet
478 4116 666 4215 sanguinis
682 4115 857 4214 impetur,
874 4112 1076 4212 prasertim
1102 4112 1142 4180 in

107 4218 156 4295 :eri
169 4225 288 4311 vasis;
313 4225 422 4305 febris
438 4227 647 4319 vehemens,
672 4253 758 4328 quae
774 4252 860 4304 sane
883 4247 965 4300 raro
980 4219 1140 4319 gravidis
