2678 4794
656 304 708 380 vii

139 500 372 590 mulierculis,
397 509 467 575 aut
484 498 776 577 circumforaneis
792 501 956 592 medicis,
973 513 1089 582 artem
1105 510 1216 590 nullis

66 654 69 661 ·
138 615 320 717 principiis
350 614 550 703 nitentem,
575 615 751 714 nullaque
778 615 945 690 doctrina
974 629 1041 693 aut
1070 621 1217 698 scientia

136 739 309 815 amatam,
326 725 530 825 impertiar,
548 726 611 800 sed
627 739 745 802 artem
761 727 958 818 liberalem,
979 731 1051 818 eui,
1069 741 1108 805 et
1120 731 1218 808 favet

135 851 170 914 et
184 841 387 915 necessaria
414 846 472 912 est
500 837 666 912 doctrina
690 839 791 914 haud
808 841 954 944 exigua,
973 841 1219 940 juventutem

133 952 334 1051 ingenuam
352 950 516 1038 doceam,
534 949 615 1046 jam
632 951 737 1025 bonis
754 951 868 1027 literis
893 953 1006 1050 probe
1022 954 1216 1046 eruditam,

137 1074 174 1136 et
188 1064 349 1162 plurima
365 1062 516 1136 scientia
532 1063 727 1138 imbutam.

122 1207 153 1219 ··
184 1177 280 1250 Haec
296 1175 344 1249 de
359 1176 478 1249 forma
495 1200 575 1272 qua,
585 1176 723 1273 prodiit
736 1199 842 1250 meus
857 1174 1002 1250 libellus
1021 1177 1213 1254 sufficiant.

139 1289 252 1376 Quod
267 1288 314 1360 ad
330 1287 411 1384 ejus
426 1286 616 1361 materiam
634 1287 781 1374 attinet,
798 1288 897 1386 quod
909 1287 1053 1362 dudum
1065 1289 1214 1379 fatebar,

140 1402 181 1474 id
206 1422 307 1473 nunc
336 1400 472 1473 iterum
503 1398 759 1474 lubentissime
787 1400 912 1486 fateor,
950 1424 1084 1499 nempe
1113 1402 1215 1476 hunc

123 1512 334 1587 'Medicinae
372 1507 599 1588 Theoreticoe
632 1512 895 1611 Conspectum,
933 1512 1103 1587 utilitatis
1136 1537 1213 1588 non

137 1626 308 1699 novitatis
324 1624 452 1699 studio
468 1624 727 1723 conscriptum,
753 1624 875 1722 adque
900 1648 1011 1698 usum
1035 1624 1213 1699 academi-

137 1762 217 1812 cum
235 1736 355 1810 solum
385 1736 613 1810 destinatum
638 1760 735 1822 esse;
760 1760 828 1809 nec
858 1760 1025 1833 uuquam
1051 1736 1145 1810 mihi
1172 1737 1213 1808 in

135 1861 221 1924 voto
235 1850 357 1936 frume,
384 1847 544 1922 medicos
554 1848 635 1946 jam
652 1846 771 1922 multa
788 1847 953 1922 doctrina
969 1865 1007 1921 et
1023 1847 1134 1945 longa
1150 1870 1213 1920 ex·

135 1963 311 2061 perientia
327 1962 491 2036 eruditos
508 1961 647 2047 docere,
663 1960 728 2034 sed
738 1961 897 2058 juvenes
914 1971 1062 2034 tantum
1079 1960 1124 2032 ad
1139 1983 1212 2033 me-

134 2075 263 2150 dicinae
279 2075 448 2151 studium
472 2074 738 2159 incumbentes,
763 2075 924 2148 scientiar
952 2081 1087 2147 nostrae
1112 2073 1212 2170 prin-

135 2189 235 2288 cipiis
245 2189 421 2263 imbuere.
462 2187 601 2286 Nequis
613 2185 729 2285 igitur
739 2187 832 2260 vitio
843 2186 936 2259 mini
949 2194 1069 2258 uertat
1079 2207 1213 2282 parum

134 2302 223 2374 noui
251 2324 380 2375 meum
404 2298 570 2373 libellum
599 2299 795 2372 continere.
861 2299 1013 2372 Novum
1045 2295 1211 2369 studium

136 2411 375 2510 aggredienti,
411 2411 452 2486 id
484 2421 609 2487 totum
642 2434 786 2483 novum
820 2421 898 2493 est;
937 2419 974 2481 et
1003 2406 1212 2503 professoris

137 2523 314 2610 officium,
332 2534 374 2597 ut
387 2525 477 2601 mihi
491 2524 615 2598 visum
633 2530 699 2606 est,
716 2521 756 2592 in
773 2519 842 2591 hoc
859 2519 1020 2590 maxime
1036 2517 1212 2603 consistit,

136 2647 181 2709 ut
205 2635 383 2735 quicquid
398 2636 447 2709 de
463 2660 501 2708 re
519 2658 628 2733 quam
655 2633 764 2706 dooet
792 2630 874 2704 sciri
903 2629 1062 2727 dignum
1089 2627 1213 2724 cogni-

134 2756 217 2822 tum
235 2749 293 2835 sit,
321 2749 397 2821 sive
414 2771 555 2821 novum
585 2746 624 2819 id
654 2745 766 2820 fuerit
783 2744 860 2817 sive
876 2751 996 2828 vetus,
1020 2739 1120 2813 idem
1138 2763 1214 2837 qua

135 2861 247 2957 possit
264 2884 360 2947 cura,
384 2870 423 2935 et
439 2858 629 2944 brevitate,
655 2868 693 2931 et
718 2855 987 2954 perspicuitate,
1013 2852 1087 2927 suis
1109 2851 1212 2925 audi·

136 2973 274 3047 toribus
291 2981 453 3070 exponat
468 2980 507 3043 et
524 2967 707 3067 explanet.
726 2981 734 3034 t
757 2966 915 3065 Oportet
933 2988 1082 3062 quoque
1099 2964 1244 3049 medi-2

136 3084 252 3158 duam
288 3080 540 3158 Theoreticom
567 3081 773 3167 docentem,
808 3103 884 3153 non
910 3077 1023 3151 modo
1052 3075 1213 3150 scientiae

138 3196 284 3270 medioae
311 3194 491 3296 principia
515 3203 554 3267 et
580 3191 762 3266 elementa
786 3189 977 3289 explicare,
1004 3187 1067 3260 sed
1084 3210 1212 3260 eorum

138 3331 231 3395 usus,
249 3319 288 3382 et
304 3308 352 3381 ad
367 3306 586 3380 medicinam
597 3302 813 3378 Practicom
826 3299 1213 3385 accommodationem,

138 3419 261 3493 sedulo
290 3417 491 3492 ostendere.
556 3415 658 3488 Male
686 3437 775 3512 ergo
804 3436 888 3486 meo
918 3410 1067 3482 functus
1095 3432 1212 3482 essem
1288 3494 1295 3523 l

137 3529 263 3618 officio,
289 3532 321 3604 si
336 3553 460 3604 rerum
484 3551 664 3600 novarum
688 3525 803 3597 nimia
826 3522 1000 3619 cupidine
1027 3520 1212 3618 abreptus,

136 3644 441 3740 propriarumque
465 3640 695 3737 opinionum,
721 3638 798 3711 sive
814 3660 909 3708 verae
934 3637 1011 3708 sive
1028 3632 1125 3706 falsae
1140 3631 1212 3705 illae

137 3753 302 3841 fuissent,
320 3752 532 3826 defensione
549 3760 758 3847 occupatus,
775 3746 1052 3843 innumerisque
1063 3743 1111 3817 ad
1121 3768 1213 3841 quas

137 3865 261 3941 siavia
290 3872 403 3938 strata
430 3863 558 3937 fuisset
581 3858 834 3935 controversiis
863 3856 1074 3954 implicitus
1098 3856 1212 3953 pluri-

138 4000 209 4051 mas
236 4002 306 4063 res,
333 3974 453 4048 multo
481 3972 628 4070 majoris
653 3971 844 4057 momenti,
879 3968 939 4043 vel
968 3967 1212 4067 neglexissem

138 4091 295 4186 penitus,
333 4085 394 4160 vel
421 4084 551 4159 leviter
584 4085 737 4159 omnino
770 4083 983 4179 tetigissem,
1021 4101 1142 4176 neque
1170 4068 1214 4148 ea

136 4226 247 4301 quam
265 4203 432 4301 ipsarum
449 4198 669 4299 magnitudo
688 4194 906 4297 postulasset
922 4186 1016 4267 curd.
