2678 4794
132 314 205 388 206
536 332 785 388 eousrnerus
1033 332 1205 389 essex,

181 529 297 584 nexo.
319 509 443 595 Pono,
459 507 527 580 alia
542 507 712 582 animalia
728 509 852 607 plures
868 509 1040 583 humores
1058 509 1202 597 habent,

132 647 289 719 quorum
310 620 471 718 plerique
487 621 618 693 nostris
634 619 854 694 humoribus
870 620 1005 693 similes
1022 632 1120 707 sunt,
1144 645 1203 694 ve.

132 734 204 807 luti
221 735 389 807 albumen
406 732 468 804 ovi
484 732 523 803 in
539 730 712 805 omnibus
728 732 907 831 oviparis;
931 730 992 804 alii
1016 731 1116 804 haud
1142 757 1202 830 pa·

111 860 113 865 ’
132 869 216 918 rum
233 844 375 931 diversi,
387 842 504 917 veluti
521 844 656 917 humor
671 844 796 917 acidus
811 846 1043 932 insectorum,
1059 868 1203 918 venena

132 982 242 1055 apum
260 966 326 1030 aut
341 968 565 1053 serpentum,
592 966 838 1030 atramentum
857 957 974 1054 sepiae.

179 1092 315 1142 nexcr.
333 1070 498 1156 Quidam
515 1092 564 1141 ex
581 1068 797 1142 humoribus
814 1069 959 1142 seeretis
971 1069 1009 1140 in
1027 1069 1107 1165 ipso
1124 1090 1201 1140 san·

129 1181 243 1278 guine
260 1179 334 1253 fere
349 1180 500 1279 perfecti
526 1181 770 1279 reperiuntur,
794 1181 846 1254 ita
870 1190 914 1253 ut
940 1179 1204 1276 simplicissima

130 1293 281 1365 secretio
298 1316 361 1366 seu
379 1295 557 1392 separatio
573 1292 648 1367 fere
664 1304 720 1366 sat
735 1291 847 1366 fuerit
862 1290 909 1363 ad
925 1293 1021 1389 ipsos
1038 1316 1150 1388 puros
1166 1306 1204 1365 et

129 1404 286 1478 sinceros
310 1405 587 1503 producendos3
612 1404 820 1502 eujusmodi
843 1412 940 1490 sunt,
966 1402 1100 1476 halitus
1125 1403 1203 1501 pul·

129 1517 249 1590 monis
266 1526 304 1589 et
320 1518 425 1603 eutis
451 1515 572 1603 saliva,
598 1539 727 1590 succus
745 1515 973 1615 procreatis,
999 1515 1203 1614 lachrymae,

129 1627 264 1702 humor
285 1629 382 1701 oculi
399 1652 568 1726 aquosus,
585 1630 700 1715 urina,
726 1627 870 1715 halitus,
888 1628 954 1725 qui
971 1629 1096 1700 omnia
1119 1652 1205 1701 aava

130 1738 329 1827 humectat,
352 1739 488 1815 scilieet
504 1740 571 1838 qui
587 1740 647 1812 vel
663 1764 712 1813 ex
728 1763 820 1837 pura
837 1763 933 1836 aqua
949 1749 1128 1827 constant,
1145 1739 1204 1812 vel

130 1875 179 1925 ex
208 1878 304 1951 aqua
332 1856 418 1925 cum
445 1850 609 1950 pauxillo
633 1849 788 1950 glutinis
816 1851 955 1938 salisve,
981 1852 1104 1948 qualia
1128 1874 1204 1925 san-

130 1965 238 2062 guini
253 1966 391 2037 insunt.

181 2097 332 2149 ncxcrr.
354 2074 436 2149 Alii
448 2100 535 2149 vero
551 2076 724 2150 humores
740 2075 893 2148 diversae
904 2099 1050 2173 prorsus
1066 2086 1205 2151 naturae

131 2196 229 2274 sunt,
254 2210 376 2286 neque
392 2188 463 2286 ipsi
480 2189 661 2288 sanguini,
687 2212 755 2262 nee
780 2188 863 2261 ullis
880 2213 965 2286 quae
988 2189 1027 2261 in
1046 2214 1091 2264 eo
1107 2215 1205 2290 repe·

130 2299 278 2373 riuntur
293 2301 457 2399 partibus
475 2302 918 2397 (ccecxe11,ccecxc1x)
937 2300 1092 2388 similes;
1117 2327 1202 2401 qua·

131 2409 184 2484 les
197 2423 295 2501 sunt,
310 2413 432 2512 adeps,
449 2413 621 2502 medulla,
637 2404 777 2500 sebum,
795 2413 853 2499 fel,
866 2436 1037 2486 emuaren
1049 2415 1204 2502 aurium,

131 2546 274 2611 mueus
303 2536 342 2599 et
370 2527 531 2625 denique
556 2550 678 2600 semen
706 2527 838 2624 ipsum,
864 2526 1037 2600 mirabilis
1064 2527 1205 2615 humor,

131 2637 387 2712 minutissimis
403 2638 620 2713 animalibus
637 2647 786 2712 scatens.

159 2803 165 2813 .
182 2770 347 2822 nexem.
374 2750 455 2823 Alii
472 2751 633 2848 denique
649 2760 817 2823 oonstant
833 2751 966 2847 partim
984 2773 1031 2823 ex
1049 2751 1204 2826 elemen-

130 2857 178 2929 tis
208 2857 329 2953 qualia
353 2860 392 2930 in
420 2863 597 2957 sanguine
625 2861 868 2957 reperiuntur,
893 2863 1026 2959 partim
1044 2888 1134 2938 vero
1159 2886 1206 2938 ex

128 2967 219 3052 aliis,
245 2992 330 3064 quae
345 2994 441 3066 aegre
462 2973 500 3042 in
518 2973 696 3067 sanguine
712 2973 980 3060 ostenduntur3
1006 2975 1125 3050 veluti
1143 2962 1219 3064 lae‚'

130 3078 235 3174 eujus
262 3103 343 3175 pars
369 3080 564 3178 glutinosa,
591 3106 677 3178 quae
703 3083 860 3157 admisto
884 3085 1037 3184 eoagulo
1063 3089 1206 3187 cogitur

129 3200 169 3264 et
184 3213 329 3263 caseum
351 3191 499 3289 praebet,
524 3192 644 3265 multa
661 3193 771 3267 habet
788 3199 999 3269 eommunia
1024 3222 1109 3272 euru
1129 3225 1205 3276 sero

131 3304 389 3397 (ceeexevm)
416 3304 603 3402 sanguinis
620 3307 651 3378 si
675 3305 745 3380 hoe
770 3307 888 3381 multa
916 3333 1012 3406 aqua
1040 3310 1203 3386 dilutum

128 3413 262 3501 fuerit3
288 3417 380 3490 nihil
396 3440 483 3489 vero
500 3417 538 3488 in
556 3419 735 3517 sanguine
751 3421 957 3494 ostenditur
974 3422 1093 3496 simile
1111 3425 1204 3523 parti

127 3524 266 3613 oleosae‚
296 3541 335 3602 et
367 3528 532 3603 saccharo
565 3529 677 3618 lactis,
703 3556 788 3629 quae
812 3534 990 3631 butyrum
1017 3547 1056 3608 et
1081 3560 1203 3610 serum

127 3638 300 3733 praebent.

175 3772 335 3825 nexem.
362 3751 494 3829 Omnis
511 3780 599 3829 vero
622 3755 755 3829 humor
765 3755 843 3852 jam
862 3768 1030 3844 secretus,
1056 3758 1119 3831 vel
1143 3783 1204 3833 na-

126 3871 218 3949 tura,
237 3864 306 3937 wvel
337 3867 474 3954 morbo,
500 3867 583 3966 plus
613 3870 734 3941 minus
751 3869 923 3942 resorberi
940 3880 1074 3966 potest,
1099 3871 1203 3945 etin

125 3976 342 4072 sanguinem
361 3979 488 4065 redire,
514 3979 750 4076 eundemque
767 3979 933 4053 nonnihil
959 4005 1204 4081 eorrumpere,

123 4096 161 4158 et
178 4095 260 4161 tum
279 4078 427 4161 forsitan
444 4114 510 4188 per
526 4114 661 4189 organa
671 4112 745 4163 non
764 4115 828 4164 sua
845 4116 968 4166 rursus
982 4096 1130 4183 secerni,
1144 4094 1202 4170 rel

122 4195 248 4271 saltem
268 4202 431 4274 transire.
