<?xml version="1.0" encoding="UTF-8"?>
<!DOCTYPE html PUBLIC "-//W3C//DTD XHTML 1.0 Transitional//EN"
    "http://www.w3.org/TR/xhtml1/DTD/xhtml1-transitional.dtd">
<html xmlns="http://www.w3.org/1999/xhtml" xml:lang="en" lang="en">
 <head>
  <title>
</title>
<meta http-equiv="Content-Type" content="text/html;charset=utf-8" />
  <meta name='ocr-system' content='tesseract 3.04.00' />
  <meta name='ocr-capabilities' content='ocr_page ocr_carea ocr_par ocr_line ocrx_word'/>
</head>
<body>
  <div class='ocr_page' id='page_1' title='image "./conspectusmedic01greggoog_0211.png"; bbox 0 0 2678 4794; ppageno 0'>
   <div class='ocr_carea' id='block_1_1' title="bbox 164 282 1240 361">
    <p class='ocr_par' dir='ltr' id='par_1_1' title="bbox 164 282 1240 361">
     <span class='ocr_line' id='line_1_1' title="bbox 164 282 1240 361; baseline 0.002 -2"><span class='ocrx_word' id='word_1_1' title='bbox 164 282 236 361; x_wconf 80' lang='lat'>160</span> <span class='ocrx_word' id='word_1_2' title='bbox 545 296 792 360; x_wconf 78' lang='lat' dir='ltr'>cousrncrus</span> <span class='ocrx_word' id='word_1_3' title='bbox 1048 303 1135 361; x_wconf 73' lang='lat' dir='ltr'>car.</span> <span class='ocrx_word' id='word_1_4' title='bbox 1157 306 1240 361; x_wconf 85' lang='lat' dir='ltr'>xvr.</span> 
     </span>
    </p>
   </div>
   <div class='ocr_carea' id='block_1_2' title="bbox 161 476 1238 581">
    <p class='ocr_par' dir='ltr' id='par_1_2' title="bbox 161 476 1238 581">
     <span class='ocr_line' id='line_1_2' title="bbox 161 476 1238 581; baseline 0 -24"><span class='ocrx_word' id='word_1_5' title='bbox 161 480 278 559; x_wconf 85' lang='lat' dir='ltr'>causis</span> <span class='ocrx_word' id='word_1_6' title='bbox 303 480 411 581; x_wconf 88' lang='lat' dir='ltr'>plane</span> <span class='ocrx_word' id='word_1_7' title='bbox 442 503 537 578; x_wconf 85' lang='lat' dir='ltr'>srepe</span> <span class='ocrx_word' id='word_1_8' title='bbox 568 478 755 577; x_wconf 79' lang='lat' dir='ltr'>putrescit,</span> <span class='ocrx_word' id='word_1_9' title='bbox 782 476 900 552; x_wconf 81' lang='lat' dir='ltr'>veluti</span> <span class='ocrx_word' id='word_1_10' title='bbox 931 478 1238 570; x_wconf 84' lang='lat' dir='ltr'>inflammatione,</span> 
     </span>
    </p>
   </div>
   <div class='ocr_carea' id='block_1_3' title="bbox 31 591 1239 693">
    <p class='ocr_par' dir='ltr' id='par_1_3' title="bbox 31 591 1239 693">
     <span class='ocr_line' id='line_1_3' title="bbox 31 591 1239 693; baseline -0.007 -17"><span class='ocrx_word' id='word_1_11' title='bbox 31 617 35 623; x_wconf 84' lang='grc'><strong>’</strong></span> <span class='ocrx_word' id='word_1_12' title='bbox 160 617 367 693; x_wconf 73' lang='lat' dir='ltr'>gangrena,</span> <span class='ocrx_word' id='word_1_13' title='bbox 383 591 525 688; x_wconf 84' lang='lat' dir='ltr'>algore;</span> <span class='ocrx_word' id='word_1_14' title='bbox 549 602 588 664; x_wconf 86' lang='lat' dir='ltr'>et</span> <span class='ocrx_word' id='word_1_15' title='bbox 604 596 725 664; x_wconf 86' lang='lat' dir='ltr'>totum</span> <span class='ocrx_word' id='word_1_16' title='bbox 743 613 875 687; x_wconf 86' lang='lat' dir='ltr'>corpus</span> <span class='ocrx_word' id='word_1_17' title='bbox 891 613 1163 689; x_wconf 82' lang='lat' dir='ltr'>nonnunquam</span> <span class='ocrx_word' id='word_1_18' title='bbox 1180 595 1239 667; x_wconf 88' lang='lat' dir='ltr'>in·</span> 
     </span>
    </p>
   </div>
   <div class='ocr_carea' id='block_1_4' title="bbox 157 699 1238 1252">
    <p class='ocr_par' dir='ltr' id='par_1_4' title="bbox 157 699 1238 1252">
     <span class='ocr_line' id='line_1_4' title="bbox 160 699 1238 805; baseline -0.002 -24"><span class='ocrx_word' id='word_1_19' title='bbox 160 704 262 783; x_wconf 85' lang='lat' dir='ltr'>ficit:</span> <span class='ocrx_word' id='word_1_20' title='bbox 288 703 455 805; x_wconf 87' lang='lat' dir='ltr'>quamvis</span> <span class='ocrx_word' id='word_1_21' title='bbox 470 701 688 801; x_wconf 89' lang='lat' dir='ltr'>plerumque</span> <span class='ocrx_word' id='word_1_22' title='bbox 703 699 846 774; x_wconf 85' lang='lat' dir='ltr'>lethalis</span> <span class='ocrx_word' id='word_1_23' title='bbox 862 701 994 776; x_wconf 86' lang='lat' dir='ltr'>evadat</span> <span class='ocrx_word' id='word_1_24' title='bbox 1018 702 1238 800; x_wconf 81' lang='lat' dir='ltr'>hujusmodi</span> 
     </span>
     <span class='ocr_line' id='line_1_5' title="bbox 159 815 1236 914; baseline -0.004 -20"><span class='ocrx_word' id='word_1_25' title='bbox 159 819 321 904; x_wconf 83' lang='lat' dir='ltr'><strong>morbus,</strong></span> <span class='ocrx_word' id='word_1_26' title='bbox 354 815 570 914; x_wconf 83' lang='lat' dir='ltr'><strong>priusquam</strong></span> <span class='ocrx_word' id='word_1_27' title='bbox 602 824 727 889; x_wconf 90' lang='lat' dir='ltr'>totum</span> <span class='ocrx_word' id='word_1_28' title='bbox 760 838 890 914; x_wconf 87' lang='lat' dir='ltr'>corpus</span> <span class='ocrx_word' id='word_1_29' title='bbox 923 815 961 887; x_wconf 92' lang='lat' dir='ltr'>in</span> <span class='ocrx_word' id='word_1_30' title='bbox 996 817 1236 913; x_wconf 81' lang='lat' dir='ltr'>putredinem</span> 
     </span>
     <span class='ocr_line' id='line_1_6' title="bbox 160 938 1236 1140; baseline -0.001 -25"><span class='ocrx_word' id='word_1_31' title='bbox 160 938 302 1116; x_wconf 59' lang='lat' dir='ltr'>militi.</span> <span class='ocrx_word' id='word_1_32' title='bbox 327 1038 484 1113; x_wconf 85' lang='lat' dir='ltr'>Medicis</span> <span class='ocrx_word' id='word_1_33' title='bbox 512 1039 588 1114; x_wconf 86' lang='lat' dir='ltr'>fere</span> <span class='ocrx_word' id='word_1_34' title='bbox 616 1040 789 1116; x_wconf 88' lang='lat' dir='ltr'>omnibus</span> <span class='ocrx_word' id='word_1_35' title='bbox 814 1039 878 1114; x_wconf 90' lang='lat' dir='ltr'>diu</span> <span class='ocrx_word' id='word_1_36' title='bbox 907 1041 1130 1114; x_wconf 80' lang='lat' dir='ltr'>sanctissime</span> <span class='ocrx_word' id='word_1_37' title='bbox 1154 1065 1236 1140; x_wconf 90' lang='lat' dir='ltr'>per-</span> 
     </span>
     <span class='ocr_line' id='line_1_7' title="bbox 157 1151 1237 1252; baseline -0.002 -26"><span class='ocrx_word' id='word_1_38' title='bbox 157 1175 305 1234; x_wconf 85' lang='lat' dir='ltr'>suasum</span> <span class='ocrx_word' id='word_1_39' title='bbox 324 1151 398 1226; x_wconf 83' lang='lat' dir='ltr'>fuit</span> <span class='ocrx_word' id='word_1_40' title='bbox 416 1175 568 1226; x_wconf 87' lang='lat' dir='ltr'><strong>massam</strong></span> <span class='ocrx_word' id='word_1_41' title='bbox 586 1153 784 1252; x_wconf 82' lang='lat' dir='ltr'>sanguinis,</span> <span class='ocrx_word' id='word_1_42' title='bbox 814 1152 1111 1251; x_wconf 86' lang='lat' dir='ltr'>quandocunque</span> <span class='ocrx_word' id='word_1_43' title='bbox 1141 1151 1237 1225; x_wconf 90' lang='lat' dir='ltr'>mul-</span> 
     </span>
    </p>
   </div>
   <div class='ocr_carea' id='block_1_5' title="bbox 32 1259 1237 1364">
    <p class='ocr_par' dir='ltr' id='par_1_5' title="bbox 32 1259 1237 1364">
     <span class='ocr_line' id='line_1_8' title="bbox 32 1259 1237 1364; baseline -0.002 -23"><span class='ocrx_word' id='word_1_44' title='bbox 32 1259 34 1263; x_wconf 65' lang='grc'><strong>’</strong></span> <span class='ocrx_word' id='word_1_45' title='bbox 157 1276 241 1341; x_wconf 89' lang='lat' dir='ltr'>tum</span> <span class='ocrx_word' id='word_1_46' title='bbox 267 1272 503 1364; x_wconf 85' lang='lat' dir='ltr'>putresceret,</span> <span class='ocrx_word' id='word_1_47' title='bbox 537 1288 614 1338; x_wconf 89' lang='lat' dir='ltr'>non</span> <span class='ocrx_word' id='word_1_48' title='bbox 643 1265 755 1338; x_wconf 89' lang='lat' dir='ltr'>modo</span> <span class='ocrx_word' id='word_1_49' title='bbox 783 1288 902 1338; x_wconf 88' lang='lat' dir='ltr'>acrem</span> <span class='ocrx_word' id='word_1_50' title='bbox 931 1263 1021 1351; x_wconf 84' lang='lat' dir='ltr'>fieri,</span> <span class='ocrx_word' id='word_1_51' title='bbox 1051 1264 1114 1337; x_wconf 91' lang='lat' dir='ltr'>sed</span> <span class='ocrx_word' id='word_1_52' title='bbox 1143 1263 1237 1338; x_wconf 87' lang='lat' dir='ltr'>solvi</span> 
     </span>
    </p>
   </div>
   <div class='ocr_carea' id='block_1_6' title="bbox 60 1377 1254 4253">
    <p class='ocr_par' dir='ltr' id='par_1_6' title="bbox 152 1377 1254 3040">
     <span class='ocr_line' id='line_1_9' title="bbox 155 1377 1236 1475; baseline -0.003 -23"><span class='ocrx_word' id='word_1_53' title='bbox 155 1391 318 1475; x_wconf 86' lang='lat' dir='ltr'>quoque,</span> <span class='ocrx_word' id='word_1_54' title='bbox 343 1400 439 1474; x_wconf 83' lang='lat' dir='ltr'>aegre</span> <span class='ocrx_word' id='word_1_55' title='bbox 455 1377 551 1475; x_wconf 85' lang='lat' dir='ltr'>oogi,</span> <span class='ocrx_word' id='word_1_56' title='bbox 567 1386 606 1450; x_wconf 91' lang='lat' dir='ltr'>et</span> <span class='ocrx_word' id='word_1_57' title='bbox 623 1385 735 1450; x_wconf 88' lang='lat' dir='ltr'>tenue</span> <span class='ocrx_word' id='word_1_58' title='bbox 756 1386 794 1450; x_wconf 89' lang='lat' dir='ltr'>et</span> <span class='ocrx_word' id='word_1_59' title='bbox 810 1401 933 1451; x_wconf 89' lang='lat' dir='ltr'>rarum</span> <span class='ocrx_word' id='word_1_60' title='bbox 950 1385 1236 1450; x_wconf 72' lang='lat' dir='ltr'>cressementum</span> 
     </span>
     <span class='ocr_line' id='line_1_10' title="bbox 154 1485 1237 1588; baseline -0.004 -23"><span class='ocrx_word' id='word_1_61' title='bbox 154 1485 358 1574; x_wconf 85' lang='lat' dir='ltr'>ostendere,</span> <span class='ocrx_word' id='word_1_62' title='bbox 383 1497 422 1562; x_wconf 91' lang='lat' dir='ltr'>et</span> <span class='ocrx_word' id='word_1_63' title='bbox 437 1489 532 1586; x_wconf 91' lang='lat' dir='ltr'>ipsas</span> <span class='ocrx_word' id='word_1_64' title='bbox 549 1488 743 1587; x_wconf 86' lang='lat' dir='ltr'>particulas</span> <span class='ocrx_word' id='word_1_65' title='bbox 769 1488 896 1563; x_wconf 89' lang='lat' dir='ltr'>rubras</span> <span class='ocrx_word' id='word_1_66' title='bbox 911 1487 1024 1561; x_wconf 84' lang='lat' dir='ltr'>dilabi</span> <span class='ocrx_word' id='word_1_67' title='bbox 1040 1500 1079 1562; x_wconf 86' lang='lat' dir='ltr'>et</span> <span class='ocrx_word' id='word_1_68' title='bbox 1094 1488 1214 1588; x_wconf 84' lang='lat' dir='ltr'>frangi</span> <span class='ocrx_word' id='word_1_69' title='bbox 1227 1517 1237 1574; x_wconf 92' lang='grc'><strong>;</strong></span> 
     </span>
     <span class='ocr_line' id='line_1_11' title="bbox 153 1600 1237 1700; baseline -0.003 -24"><span class='ocrx_word' id='word_1_70' title='bbox 153 1601 374 1700; x_wconf 83' lang='lat' dir='ltr'>sanguinem</span> <span class='ocrx_word' id='word_1_71' title='bbox 391 1601 547 1675; x_wconf 84' lang='lat' dir='ltr'>verusio</span> <span class='ocrx_word' id='word_1_72' title='bbox 576 1600 740 1675; x_wconf 89' lang='lat' dir='ltr'>solutum</span> <span class='ocrx_word' id='word_1_73' title='bbox 768 1609 807 1674; x_wconf 90' lang='lat' dir='ltr'>et</span> <span class='ocrx_word' id='word_1_74' title='bbox 822 1624 954 1686; x_wconf 86' lang='lat' dir='ltr'>acrem,</span> <span class='ocrx_word' id='word_1_75' title='bbox 979 1610 1063 1674; x_wconf 91' lang='lat' dir='ltr'>tum</span> <span class='ocrx_word' id='word_1_76' title='bbox 1088 1611 1237 1698; x_wconf 86' lang='lat' dir='ltr'>propter</span> 
     </span>
     <span class='ocr_line' id='line_1_12' title="bbox 154 1710 1236 1812; baseline -0.002 -25"><span class='ocrx_word' id='word_1_77' title='bbox 154 1711 269 1789; x_wconf 84' lang='lat' dir='ltr'>salem</span> <span class='ocrx_word' id='word_1_78' title='bbox 286 1713 401 1811; x_wconf 86' lang='lat' dir='ltr'>ipsius</span> <span class='ocrx_word' id='word_1_79' title='bbox 418 1711 626 1801; x_wconf 88' lang='lat' dir='ltr'>evolutum,</span> <span class='ocrx_word' id='word_1_80' title='bbox 652 1725 735 1786; x_wconf 89' lang='lat' dir='ltr'>turn</span> <span class='ocrx_word' id='word_1_81' title='bbox 761 1725 912 1810; x_wconf 88' lang='lat' dir='ltr'>propter</span> <span class='ocrx_word' id='word_1_82' title='bbox 922 1710 1107 1812; x_wconf 67' lang='lat' dir='ltr'>fibrinum</span> <span class='ocrx_word' id='word_1_83' title='bbox 1133 1736 1236 1786; x_wconf 89' lang='lat' dir='ltr'>suam</span> 
     </span>
     <span class='ocr_line' id='line_1_13' title="bbox 155 1823 1236 1923; baseline -0.001 -24"><span class='ocrx_word' id='word_1_84' title='bbox 155 1825 345 1901; x_wconf 85' lang='lat' dir='ltr'>rancidam</span> <span class='ocrx_word' id='word_1_85' title='bbox 361 1837 400 1900; x_wconf 86' lang='lat' dir='ltr'>et</span> <span class='ocrx_word' id='word_1_86' title='bbox 415 1824 615 1923; x_wconf 84' lang='lat' dir='ltr'>putridam,</span> <span class='ocrx_word' id='word_1_87' title='bbox 640 1849 726 1898; x_wconf 90' lang='lat' dir='ltr'>vasa</span> <span class='ocrx_word' id='word_1_88' title='bbox 751 1827 875 1899; x_wconf 89' lang='lat' dir='ltr'>omnia</span> <span class='ocrx_word' id='word_1_89' title='bbox 900 1823 1089 1898; x_wconf 87' lang='lat' dir='ltr'>stimulare</span> <span class='ocrx_word' id='word_1_90' title='bbox 1106 1834 1145 1898; x_wconf 87' lang='lat' dir='ltr'>et</span> <span class='ocrx_word' id='word_1_91' title='bbox 1160 1849 1236 1898; x_wconf 81' lang='lat' dir='ltr'>ero</span> 
     </span>
     <span class='ocr_line' id='line_1_14' title="bbox 155 1935 1237 2036; baseline 0.002 -28"><span class='ocrx_word' id='word_1_92' title='bbox 155 1935 253 2023; x_wconf 88' lang='lat' dir='ltr'>dere,</span> <span class='ocrx_word' id='word_1_93' title='bbox 280 1947 318 2010; x_wconf 89' lang='lat' dir='ltr'>et</span> <span class='ocrx_word' id='word_1_94' title='bbox 334 1961 384 2010; x_wconf 86' lang='lat' dir='ltr'>ex</span> <span class='ocrx_word' id='word_1_95' title='bbox 400 1936 445 2010; x_wconf 90' lang='lat' dir='ltr'>iis</span> <span class='ocrx_word' id='word_1_96' title='bbox 462 1936 566 2023; x_wconf 86' lang='lat' dir='ltr'>elabi,</span> <span class='ocrx_word' id='word_1_97' title='bbox 587 1946 626 2010; x_wconf 90' lang='lat' dir='ltr'>et</span> <span class='ocrx_word' id='word_1_98' title='bbox 642 1936 801 2011; x_wconf 88' lang='lat' dir='ltr'>maculas</span> <span class='ocrx_word' id='word_1_99' title='bbox 817 1939 939 2036; x_wconf 89' lang='lat' dir='ltr'>primo</span> <span class='ocrx_word' id='word_1_100' title='bbox 955 1938 1092 2024; x_wconf 87' lang='lat' dir='ltr'>rubras,</span> <span class='ocrx_word' id='word_1_101' title='bbox 1109 1947 1237 2035; x_wconf 85' lang='lat' dir='ltr'>postea</span> 
     </span>
     <span class='ocr_line' id='line_1_15' title="bbox 153 2046 1233 2148; baseline 0.002 -26"><span class='ocrx_word' id='word_1_102' title='bbox 153 2046 378 2135; x_wconf 85' lang='lat' dir='ltr'>livescentes,</span> <span class='ocrx_word' id='word_1_103' title='bbox 399 2048 459 2123; x_wconf 90' lang='lat' dir='ltr'>vel</span> <span class='ocrx_word' id='word_1_104' title='bbox 471 2049 727 2148; x_wconf 87' lang='lat' dir='ltr'>nigrescentes,</span> <span class='ocrx_word' id='word_1_105' title='bbox 752 2059 927 2136; x_wconf 90' lang='lat' dir='ltr'>tumores,</span> <span class='ocrx_word' id='word_1_106' title='bbox 952 2047 1074 2122; x_wconf 84' lang='lat' dir='ltr'>ulcera</span> <span class='ocrx_word' id='word_1_107' title='bbox 1089 2050 1156 2122; x_wconf 85' lang='lat' dir='ltr'>vix</span> <span class='ocrx_word' id='word_1_108' title='bbox 1182 2073 1233 2124; x_wconf 90' lang='lat' dir='ltr'>sa·</span> 
     </span>
     <span class='ocr_line' id='line_1_16' title="bbox 154 2159 1254 2260; baseline 0.002 -27"><span class='ocrx_word' id='word_1_109' title='bbox 154 2159 290 2237; x_wconf 78' lang='lat' dir='ltr'>nobilia</span> <span class='ocrx_word' id='word_1_110' title='bbox 317 2161 390 2236; x_wconf 87' lang='lat' dir='ltr'>nisi</span> <span class='ocrx_word' id='word_1_111' title='bbox 417 2161 640 2260; x_wconf 86' lang='lat' dir='ltr'>tempestive</span> <span class='ocrx_word' id='word_1_112' title='bbox 667 2161 855 2259; x_wconf 84' lang='lat' dir='ltr'>putredini</span> <span class='ocrx_word' id='word_1_113' title='bbox 872 2172 1133 2247; x_wconf 85' lang='lat' dir='ltr'>occurreretur,</span> <span class='ocrx_word' id='word_1_114' title='bbox 1157 2185 1254 2251; x_wconf 55' lang='lat' dir='ltr'>sau„</span> 
     </span>
     <span class='ocr_line' id='line_1_17' title="bbox 152 2272 1234 2372; baseline -0.002 -25"><span class='ocrx_word' id='word_1_115' title='bbox 152 2273 279 2372; x_wconf 82' lang='lat' dir='ltr'>guinis</span> <span class='ocrx_word' id='word_1_116' title='bbox 296 2272 480 2372; x_wconf 86' lang='lat' dir='ltr'>profluvia</span> <span class='ocrx_word' id='word_1_117' title='bbox 503 2273 550 2350; x_wconf 90' lang='lat' dir='ltr'>ab</span> <span class='ocrx_word' id='word_1_118' title='bbox 566 2276 670 2349; x_wconf 91' lang='lat' dir='ltr'>omni</span> <span class='ocrx_word' id='word_1_119' title='bbox 695 2274 853 2372; x_wconf 87' lang='lat' dir='ltr'>corporis</span> <span class='ocrx_word' id='word_1_120' title='bbox 870 2285 973 2371; x_wconf 87' lang='lat' dir='ltr'>parte</span> <span class='ocrx_word' id='word_1_121' title='bbox 989 2274 1055 2346; x_wconf 86' lang='lat' dir='ltr'>vix</span> <span class='ocrx_word' id='word_1_122' title='bbox 1072 2296 1234 2372; x_wconf 86' lang='lat' dir='ltr'>compes·</span> 
     </span>
     <span class='ocr_line' id='line_1_18' title="bbox 155 2383 1235 2486; baseline -0.001 -25"><span class='ocrx_word' id='word_1_123' title='bbox 155 2385 281 2474; x_wconf 88' lang='lat' dir='ltr'>cenda,</span> <span class='ocrx_word' id='word_1_124' title='bbox 307 2397 346 2460; x_wconf 90' lang='lat' dir='ltr'>et</span> <span class='ocrx_word' id='word_1_125' title='bbox 362 2386 533 2461; x_wconf 85' lang='lat' dir='ltr'>foetorem</span> <span class='ocrx_word' id='word_1_126' title='bbox 550 2388 734 2486; x_wconf 78' lang='lat' dir='ltr'>insignem</span> <span class='ocrx_word' id='word_1_127' title='bbox 751 2396 790 2461; x_wconf 90' lang='lat' dir='ltr'>et</span> <span class='ocrx_word' id='word_1_128' title='bbox 805 2385 1072 2460; x_wconf 83' lang='lat' dir='ltr'>intolerabilem</span> <span class='ocrx_word' id='word_1_129' title='bbox 1090 2383 1235 2472; x_wconf 85' lang='lat' dir='ltr'>halitus,</span> 
     </span>
     <span class='ocr_line' id='line_1_19' title="bbox 156 2496 1235 2598; baseline -0.002 -26"><span class='ocrx_word' id='word_1_130' title='bbox 156 2509 195 2572; x_wconf 88' lang='lat' dir='ltr'>et</span> <span class='ocrx_word' id='word_1_131' title='bbox 210 2500 382 2574; x_wconf 91' lang='lat' dir='ltr'>omnium</span> <span class='ocrx_word' id='word_1_132' title='bbox 400 2499 666 2587; x_wconf 88' lang='lat' dir='ltr'>excretionum,</span> <span class='ocrx_word' id='word_1_133' title='bbox 691 2497 814 2598; x_wconf 90' lang='lat' dir='ltr'>qualia</span> <span class='ocrx_word' id='word_1_134' title='bbox 835 2498 875 2572; x_wconf 90' lang='lat' dir='ltr'>in</span> <span class='ocrx_word' id='word_1_135' title='bbox 903 2497 1084 2584; x_wconf 75' lang='lat' dir='ltr'>scordalo,</span> <span class='ocrx_word' id='word_1_136' title='bbox 1110 2496 1171 2570; x_wconf 89' lang='lat' dir='ltr'>vel</span> <span class='ocrx_word' id='word_1_137' title='bbox 1196 2497 1235 2571; x_wconf 94' lang='lat' dir='ltr'>in</span> 
     </span>
     <span class='ocr_line' id='line_1_20' title="bbox 156 2608 1235 2711; baseline -0.002 -27"><span class='ocrx_word' id='word_1_138' title='bbox 156 2613 322 2708; x_wconf 89' lang='lat' dir='ltr'>pessimis</span> <span class='ocrx_word' id='word_1_139' title='bbox 339 2612 559 2711; x_wconf 89' lang='lat' dir='ltr'>quibusdam</span> <span class='ocrx_word' id='word_1_140' title='bbox 590 2613 751 2686; x_wconf 86' lang='lat' dir='ltr'>febribus</span> <span class='ocrx_word' id='word_1_141' title='bbox 768 2635 864 2711; x_wconf 84' lang='lat' dir='ltr'>saepe</span> <span class='ocrx_word' id='word_1_142' title='bbox 881 2612 1132 2697; x_wconf 82' lang='lat' dir='ltr'>observantur,</span> <span class='ocrx_word' id='word_1_143' title='bbox 1158 2608 1235 2683; x_wconf 84' lang='lat' dir='ltr'>effi·</span> 
     </span>
     <span class='ocr_line' id='line_1_21' title="bbox 155 2722 1237 2821; baseline 0.001 -27"><span class='ocrx_word' id='word_1_144' title='bbox 155 2745 258 2806; x_wconf 87' lang='lat' dir='ltr'>cere;</span> <span class='ocrx_word' id='word_1_145' title='bbox 298 2735 336 2796; x_wconf 84' lang='lat' dir='ltr'>et</span> <span class='ocrx_word' id='word_1_146' title='bbox 352 2723 543 2797; x_wconf 85' lang='lat' dir='ltr'>laxitatem</span> <span class='ocrx_word' id='word_1_147' title='bbox 561 2722 758 2799; x_wconf 86' lang='lat' dir='ltr'>solidarum</span> <span class='ocrx_word' id='word_1_148' title='bbox 775 2725 948 2821; x_wconf 87' lang='lat' dir='ltr'>partium,</span> <span class='ocrx_word' id='word_1_149' title='bbox 979 2745 1237 2820; x_wconf 91' lang='lat' dir='ltr'>summamque</span> 
     </span>
     <span class='ocr_line' id='line_1_22' title="bbox 155 2830 1238 2934; baseline 0.003 -29"><span class='ocrx_word' id='word_1_150' title='bbox 155 2830 384 2906; x_wconf 89' lang='lat' dir='ltr'>debilitatem</span> <span class='ocrx_word' id='word_1_151' title='bbox 403 2833 500 2923; x_wconf 84' lang='lat' dir='ltr'>(laesa</span> <span class='ocrx_word' id='word_1_152' title='bbox 512 2835 648 2909; x_wconf 89' lang='lat' dir='ltr'>scilicet</span> <span class='ocrx_word' id='word_1_153' title='bbox 658 2836 735 2932; x_wconf 88' lang='lat' dir='ltr'>ipsa</span> <span class='ocrx_word' id='word_1_154' title='bbox 748 2836 787 2907; x_wconf 84' lang='lat' dir='ltr'>vi</span> <span class='ocrx_word' id='word_1_155' title='bbox 800 2859 953 2910; x_wconf 86' lang='lat' dir='ltr'>nervosa</span> <span class='ocrx_word' id='word_1_156' title='bbox 962 2835 1026 2910; x_wconf 88' lang='lat' dir='ltr'>tali</span> <span class='ocrx_word' id='word_1_157' title='bbox 1039 2834 1238 2934; x_wconf 88' lang='lat' dir='ltr'>putredine</span> 
     </span>
     <span class='ocr_line' id='line_1_23' title="bbox 155 2946 1131 3040; baseline 0.007 -27"><span class='ocrx_word' id='word_1_158' title='bbox 155 2950 334 3039; x_wconf 86' lang='lat' dir='ltr'>tanquam</span> <span class='ocrx_word' id='word_1_159' title='bbox 352 2953 511 3040; x_wconf 86' lang='lat' dir='ltr'>veneno)</span> <span class='ocrx_word' id='word_1_160' title='bbox 529 2958 567 3018; x_wconf 90' lang='lat' dir='ltr'>et</span> <span class='ocrx_word' id='word_1_161' title='bbox 584 2955 741 3017; x_wconf 88' lang='lat' dir='ltr'>mortem</span> <span class='ocrx_word' id='word_1_162' title='bbox 759 2946 920 3033; x_wconf 88' lang='lat' dir='ltr'>tandem,</span> <span class='ocrx_word' id='word_1_163' title='bbox 948 2947 1131 3020; x_wconf 89' lang='lat' dir='ltr'>inducere.</span> 
     </span>
    </p>

    <p class='ocr_par' dir='ltr' id='par_1_7' title="bbox 154 3053 1238 3491">
     <span class='ocr_line' id='line_1_24' title="bbox 192 3053 1238 3158; baseline 0.006 -31"><span class='ocrx_word' id='word_1_164' title='bbox 192 3075 319 3127; x_wconf 80' lang='lat' dir='ltr'>uxm.</span> <span class='ocrx_word' id='word_1_165' title='bbox 345 3053 561 3129; x_wconf 89' lang='lat' dir='ltr'>Acrimonia</span> <span class='ocrx_word' id='word_1_166' title='bbox 578 3056 679 3129; x_wconf 87' lang='lat' dir='ltr'>acida</span> <span class='ocrx_word' id='word_1_167' title='bbox 695 3057 761 3130; x_wconf 82' lang='lat' dir='ltr'>vix</span> <span class='ocrx_word' id='word_1_168' title='bbox 787 3081 953 3156; x_wconf 87' lang='lat' dir='ltr'>unquam</span> <span class='ocrx_word' id='word_1_169' title='bbox 972 3060 1142 3158; x_wconf 84' lang='lat' dir='ltr'>sanguini</span> <span class='ocrx_word' id='word_1_170' title='bbox 1169 3059 1238 3133; x_wconf 69' lang='lat' dir='ltr'>hu·</span> 
     </span>
     <span class='ocr_line' id='line_1_25' title="bbox 154 3166 1236 3269; baseline 0.004 -30"><span class='ocrx_word' id='word_1_171' title='bbox 154 3188 266 3239; x_wconf 90' lang='lat' dir='ltr'>mano</span> <span class='ocrx_word' id='word_1_172' title='bbox 282 3166 496 3264; x_wconf 84' lang='lat' dir='ltr'>contingere</span> <span class='ocrx_word' id='word_1_173' title='bbox 506 3166 664 3254; x_wconf 90' lang='lat' dir='ltr'>videtur,</span> <span class='ocrx_word' id='word_1_174' title='bbox 681 3190 804 3266; x_wconf 89' lang='lat' dir='ltr'>neque</span> <span class='ocrx_word' id='word_1_175' title='bbox 816 3169 1019 3260; x_wconf 86' lang='lat' dir='ltr'>humorum</span> <span class='ocrx_word' id='word_1_176' title='bbox 1032 3171 1098 3245; x_wconf 90' lang='lat' dir='ltr'>ulli</span> <span class='ocrx_word' id='word_1_177' title='bbox 1116 3195 1236 3269; x_wconf 90' lang='lat' dir='ltr'>quum</span> 
     </span>
     <span class='ocr_line' id='line_1_26' title="bbox 154 3278 1238 3380; baseline 0.005 -29"><span class='ocrx_word' id='word_1_178' title='bbox 154 3278 319 3377; x_wconf 85' lang='lat' dir='ltr'>primum</span> <span class='ocrx_word' id='word_1_179' title='bbox 336 3303 384 3353; x_wconf 90' lang='lat' dir='ltr'>ex</span> <span class='ocrx_word' id='word_1_180' title='bbox 401 3303 445 3352; x_wconf 89' lang='lat' dir='ltr'>eo</span> <span class='ocrx_word' id='word_1_181' title='bbox 463 3279 672 3366; x_wconf 88' lang='lat' dir='ltr'>secernitur,</span> <span class='ocrx_word' id='word_1_182' title='bbox 699 3282 868 3379; x_wconf 90' lang='lat' dir='ltr'>quamvis</span> <span class='ocrx_word' id='word_1_183' title='bbox 892 3282 1056 3380; x_wconf 86' lang='lat' dir='ltr'>profecto</span> <span class='ocrx_word' id='word_1_184' title='bbox 1072 3306 1172 3358; x_wconf 93' lang='lat' dir='ltr'>unus</span> <span class='ocrx_word' id='word_1_185' title='bbox 1190 3307 1238 3358; x_wconf 84' lang='lat' dir='ltr'>ex</span> 
     </span>
     <span class='ocr_line' id='line_1_27' title="bbox 155 3389 1200 3491; baseline 0.008 -30"><span class='ocrx_word' id='word_1_186' title='bbox 155 3389 199 3462; x_wconf 91' lang='lat' dir='ltr'>iis</span> <span class='ocrx_word' id='word_1_187' title='bbox 209 3390 290 3486; x_wconf 88' lang='lat' dir='ltr'>jam</span> <span class='ocrx_word' id='word_1_188' title='bbox 308 3400 477 3478; x_wconf 89' lang='lat' dir='ltr'>secretus,</span> <span class='ocrx_word' id='word_1_189' title='bbox 494 3391 549 3465; x_wconf 87' lang='lat' dir='ltr'>lac</span> <span class='ocrx_word' id='word_1_190' title='bbox 566 3390 714 3479; x_wconf 87' lang='lat' dir='ltr'>scilicet,</span> <span class='ocrx_word' id='word_1_191' title='bbox 731 3402 861 3491; x_wconf 90' lang='lat' dir='ltr'>sponte</span> <span class='ocrx_word' id='word_1_192' title='bbox 879 3405 917 3467; x_wconf 90' lang='lat' dir='ltr'>et</span> <span class='ocrx_word' id='word_1_193' title='bbox 934 3394 1037 3467; x_wconf 90' lang='lat' dir='ltr'>brevi</span> <span class='ocrx_word' id='word_1_194' title='bbox 1049 3406 1200 3469; x_wconf 87' lang='lat' dir='ltr'>acescat.</span> 
     </span>
    </p>

    <p class='ocr_par' dir='ltr' id='par_1_8' title="bbox 60 3503 1240 4253">
     <span class='ocr_line' id='line_1_28' title="bbox 204 3503 1239 3604; baseline 0.008 -30"><span class='ocrx_word' id='word_1_195' title='bbox 204 3523 335 3578; x_wconf 73' lang='lat' dir='ltr'>oxma</span> <span class='ocrx_word' id='word_1_196' title='bbox 362 3503 499 3603; x_wconf 88' lang='lat' dir='ltr'>Neque</span> <span class='ocrx_word' id='word_1_197' title='bbox 514 3504 631 3603; x_wconf 84' lang='lat' dir='ltr'>magis</span> <span class='ocrx_word' id='word_1_198' title='bbox 641 3505 947 3604; x_wconf 87' lang='lat' dir='ltr'>videtursanguis</span> <span class='ocrx_word' id='word_1_199' title='bbox 964 3505 1130 3582; x_wconf 80' lang='lat' dir='ltr'>alcolino</span> <span class='ocrx_word' id='word_1_200' title='bbox 1147 3509 1239 3582; x_wconf 87' lang='lat' dir='ltr'>acri·</span> 
     </span>
     <span class='ocr_line' id='line_1_29' title="bbox 154 3613 1238 3719; baseline 0.006 -33"><span class='ocrx_word' id='word_1_201' title='bbox 154 3613 279 3687; x_wconf 89' lang='lat' dir='ltr'>monia</span> <span class='ocrx_word' id='word_1_202' title='bbox 296 3615 405 3690; x_wconf 86' lang='lat' dir='ltr'>infici.</span> <span class='ocrx_word' id='word_1_203' title='bbox 456 3616 624 3691; x_wconf 84' lang='lat' dir='ltr'>Putredo</span> <span class='ocrx_word' id='word_1_204' title='bbox 641 3641 765 3692; x_wconf 88' lang='lat' dir='ltr'>revera</span> <span class='ocrx_word' id='word_1_205' title='bbox 791 3619 838 3692; x_wconf 93' lang='lat' dir='ltr'>ad</span> <span class='ocrx_word' id='word_1_206' title='bbox 863 3617 957 3691; x_wconf 87' lang='lat' dir='ltr'>banc</span> <span class='ocrx_word' id='word_1_207' title='bbox 973 3620 1105 3719; x_wconf 85' lang='lat' dir='ltr'>vergit,</span> <span class='ocrx_word' id='word_1_208' title='bbox 1133 3630 1172 3692; x_wconf 90' lang='lat' dir='ltr'>et</span> <span class='ocrx_word' id='word_1_209' title='bbox 1198 3620 1238 3693; x_wconf 93' lang='lat' dir='ltr'>in</span> 
     </span>
     <span class='ocr_line' id='line_1_30' title="bbox 155 3722 1240 3818; baseline 0.006 -20"><span class='ocrx_word' id='word_1_210' title='bbox 155 3722 249 3799; x_wconf 86' lang='lat' dir='ltr'>hanc</span> <span class='ocrx_word' id='word_1_211' title='bbox 265 3728 415 3802; x_wconf 89' lang='lat' dir='ltr'>tandem</span> <span class='ocrx_word' id='word_1_212' title='bbox 433 3728 578 3818; x_wconf 91' lang='lat' dir='ltr'>desiuit,</span> <span class='ocrx_word' id='word_1_213' title='bbox 589 3731 655 3805; x_wconf 88' lang='lat' dir='ltr'>vix</span> <span class='ocrx_word' id='word_1_214' title='bbox 668 3742 794 3806; x_wconf 88' lang='lat' dir='ltr'>autem</span> <span class='ocrx_word' id='word_1_215' title='bbox 811 3730 967 3812; x_wconf 84' lang='lat' dir='ltr'>durante</span> <span class='ocrx_word' id='word_1_216' title='bbox 978 3732 1074 3805; x_wconf 89' lang='lat' dir='ltr'>vita:</span> <span class='ocrx_word' id='word_1_217' title='bbox 1101 3732 1240 3805; x_wconf 89' lang='lat' dir='ltr'>humor</span> 
     </span>
     <span class='ocr_line' id='line_1_31' title="bbox 60 3840 1238 3942; baseline 0.005 -30"><span class='ocrx_word' id='word_1_218' title='bbox 60 3848 64 3854; x_wconf 86' lang='lat'>&#39;</span> <span class='ocrx_word' id='word_1_219' title='bbox 155 3848 279 3913; x_wconf 86' lang='lat' dir='ltr'>autem</span> <span class='ocrx_word' id='word_1_220' title='bbox 309 3840 461 3937; x_wconf 88' lang='lat' dir='ltr'>quidam</span> <span class='ocrx_word' id='word_1_221' title='bbox 489 3867 511 3915; x_wconf 90' lang='lat' dir='ltr'>a</span> <span class='ocrx_word' id='word_1_222' title='bbox 537 3844 717 3942; x_wconf 85' lang='lat' dir='ltr'>sanguine</span> <span class='ocrx_word' id='word_1_223' title='bbox 749 3853 917 3929; x_wconf 72' lang='lat' dir='ltr'>secretus</span> <span class='ocrx_word' id='word_1_224' title='bbox 951 3845 1058 3917; x_wconf 87' lang='lat' dir='ltr'>urina</span> <span class='ocrx_word' id='word_1_225' title='bbox 1086 3843 1238 3930; x_wconf 87' lang='lat' dir='ltr'>scilicet,</span> 
     </span>
     <span class='ocr_line' id='line_1_32' title="bbox 155 3952 1238 4050; baseline 0.002 -23"><span class='ocrx_word' id='word_1_226' title='bbox 155 3975 251 4050; x_wconf 74' lang='lat' dir='ltr'>saepe</span> <span class='ocrx_word' id='word_1_227' title='bbox 267 3976 398 4050; x_wconf 90' lang='lat' dir='ltr'>parum</span> <span class='ocrx_word' id='word_1_228' title='bbox 416 3952 537 4041; x_wconf 90' lang='lat' dir='ltr'>distat,</span> <span class='ocrx_word' id='word_1_229' title='bbox 556 3956 667 4030; x_wconf 88' lang='lat' dir='ltr'>etiam</span> <span class='ocrx_word' id='word_1_230' title='bbox 685 3977 820 4040; x_wconf 89' lang='lat' dir='ltr'>recens,</span> <span class='ocrx_word' id='word_1_231' title='bbox 837 3955 883 4027; x_wconf 86' lang='lat' dir='ltr'>ab</span> <span class='ocrx_word' id='word_1_232' title='bbox 899 3952 1062 4029; x_wconf 66' lang='lat' dir='ltr'>abalim</span> <span class='ocrx_word' id='word_1_233' title='bbox 1080 3964 1238 4041; x_wconf 88' lang='lat' dir='ltr'>natura;</span> 
     </span>
     <span class='ocr_line' id='line_1_33' title="bbox 154 4065 1239 4166; baseline 0.006 -29"><span class='ocrx_word' id='word_1_234' title='bbox 154 4071 195 4138; x_wconf 92' lang='lat' dir='ltr'>et</span> <span class='ocrx_word' id='word_1_235' title='bbox 226 4087 508 4162; x_wconf 84' lang='lat' dir='ltr'>nonnunquam,</span> <span class='ocrx_word' id='word_1_236' title='bbox 542 4077 587 4142; x_wconf 83' lang='lat' dir='ltr'>ut</span> <span class='ocrx_word' id='word_1_237' title='bbox 610 4067 736 4156; x_wconf 86' lang='lat' dir='ltr'>fertur,</span> <span class='ocrx_word' id='word_1_238' title='bbox 763 4065 871 4166; x_wconf 87' lang='lat' dir='ltr'>plane</span> <span class='ocrx_word' id='word_1_239' title='bbox 899 4065 1064 4144; x_wconf 79' lang='lat' dir='ltr'>alcolina</span> <span class='ocrx_word' id='word_1_240' title='bbox 1090 4067 1239 4144; x_wconf 86' lang='lat' dir='ltr'>reddita</span> 
     </span>
     <span class='ocr_line' id='line_1_34' title="bbox 91 4180 967 4253; baseline -0.003 0"><span class='ocrx_word' id='word_1_241' title='bbox 91 4207 99 4218; x_wconf 89' lang='lat'><strong>·</strong></span> <span class='ocrx_word' id='word_1_242' title='bbox 154 4184 220 4253; x_wconf 81' lang='lat' dir='ltr'>est.</span> <span class='ocrx_word' id='word_1_243' title='bbox 963 4180 967 4188; x_wconf 80' lang='grc'><strong>’</strong></span> 
     </span>
    </p>
   </div>
   <div class='ocr_carea' id='block_1_7' title="bbox 410 4342 419 4393">
    <p class='ocr_par' dir='ltr' id='par_1_9' title="bbox 410 4342 419 4393">
     <span class='ocr_line' id='line_1_35' title="bbox 410 4342 419 4393; baseline 0 0"><span class='ocrx_word' id='word_1_244' title='bbox 410 4342 419 4393; x_wconf 86' lang='lat' dir='ltr'>l</span> 
     </span>
    </p>
   </div>
   <div class='ocr_carea' id='block_1_8' title="bbox 0 0 1344 4794">
    <p class='ocr_par' dir='ltr' id='par_1_10' title="bbox 0 0 1344 4794">
     <span class='ocr_line' id='line_1_36' title="bbox 0 0 1344 4794; baseline 0 1"><span class='ocrx_word' id='word_1_245' title='bbox 0 0 1344 4794; x_wconf 95' lang='lat' dir='ltr'> </span> 
     </span>
    </p>
   </div>
  </div>
 </body>
</html>
