2678 4794
136 358 224 411 CAP.
241 355 296 409 lx.
424 352 642 408 MEDICINAE
661 352 945 411 THEOBETICAE.
1162 349 1209 416 83

131 557 258 608 earum
284 524 438 632 puncta,
461 540 585 607 centra
608 531 754 619 scilicet,
779 542 818 606 et
841 530 1135 630 similiter-quod
1156 537 1205 611 ad

130 660 249 720 centra
277 647 409 744 posita,
434 668 507 718 non
537 646 791 719 consentiunt:
823 643 1005 722 contorsio
1029 644 1130 718 enim
1153 647 1205 721 ibi

126 760 205 848 erit,
221 783 272 832 ne
289 760 391 833 vistis
408 758 547 855 duplex
564 757 638 832 fiat.
691 757 949 854 Haecquoque
965 755 1205 832 videturesse

125 873 217 945 ratio
243 871 349 969 quod
371 870 500 943 eadem
527 870 751 949 horrendum
776 870 816 942 in
833 867 988 943 modum
1016 860 1204 967 augeatur,

126 1006 210 1057 cum
228 983 353 1056 strabo
375 1006 453 1055 rem
475 1005 589 1079 prope
611 979 761 1055 oculum
777 980 959 1067 admovet,
984 988 1028 1053 ut
1044 988 1204 1054 contem·

127 1094 258 1192 pletur.
317 1094 386 1167 Vel
400 1095 430 1167 si
446 1103 615 1167 centrum
628 1093 854 1165 alteriusaut
870 1093 1063 1189 utriusque
1078 1095 1205 1167 retinae
1259 1173 1263 1181 .

129 1229 260 1303 parum
288 1206 348 1280 vel
374 1205 467 1278 nibil
492 1205 654 1292 sentiret,
679 1214 723 1277 ut
748 1204 889 1278 videret
913 1203 1035 1291 homo,
1060 1229 1205 1280 necesse

130 1315 225 1389 foret
248 1327 292 1390 ut
323 1317 447 1391 oculos
481 1325 759 1414 contorqueret:
798 1317 862 1403 sic,
893 1315 994 1389 verbi
1020 1319 1147 1415 gratia,
1172 1319 1203 1392 si

134 1449 269 1501 nervus
283 1429 422 1528 opticus
437 1454 512 1504 non
530 1428 680 1528 oblique
695 1426 846 1503 oculum
863 1427 1023 1515 adiisset,
1042 1430 1106 1503 sed
1122 1453 1204 1504 cen·

134 1549 231 1612 trum
255 1541 379 1614 retinae
394 1551 615 1639 occupasset,
640 1564 767 1616 omnes
782 1540 843 1614 vel
869 1540 1054 1615 strabones
1078 1539 1203 1617 fuisse·

129 1674 221 1739 mus,
239 1652 298 1727 vel
314 1653 502 1752 duplicem
519 1654 770 1728 habuissemus
786 1653 919 1726 visum.

172 1786 350 1840 ccaxvn.
378 1766 535 1840 Sensum
551 1766 739 1865 quendam
759 1764 1067 1855 molestissimum,
1091 1790 1204 1865 quem

128 1877 346 1975 vertiginem
371 1901 555 1966 vocamus,
590 1877 741 1952 medicis
766 1876 907 1976 placuit
931 1881 982 1954 ad
1003 1880 1126 1954 visum
1150 1904 1203 1954 re·
1311 1963 1314 1969 ,

128 1985 225 2077 ferre,
249 1991 422 2089 quamvis
446 2015 571 2067 revera
585 1990 632 2063 ad
649 1999 800 2078 tactum
830 1990 889 2066 vel
906 1992 1030 2091 potius
1054 1993 1102 2066 ad
1117 2015 1201 2067 con-

129 2101 326 2188 scientiam,
350 2127 458 2201 aeque
473 2103 675 2203 pertineam
704 2122 826 2202 neque
850 2105 951 2178 enim
968 2106 1007 2178 in
1032 2105 1201 2194 tenebris,

129 2235 248 2311 neque
264 2213 396 2290 clausis
412 2215 603 2315 palpebris,
619 2214 760 2288 malum
776 2216 937 2315 sugatur.

173 2347 371 2402 cccxvm.
398 2326 555 2426 Vertigo
571 2335 726 2403 vocatur
743 2329 893 2416 malum,
918 2330 1099 2428 siquando
1113 2352 1203 2417 ,nos-

130 2438 299 2534 metipsos
335 2448 374 2512 et
398 2463 454 2512 res
477 2427 626 2525 vicinas,
659 2440 830 2569 quamvis
867 2463 992 2513 revera
1020 2442 1202 2527 immotas,

131 2547 295 2637 titubare,
314 2552 548 2639 circumferri,
566 2562 732 2637 tremere,
759 2550 819 2624 vel
836 2548 912 2626 ullo
929 2550 1039 2635 modo
1056 2551 1204 2638 moveri,

133 2659 255 2735 videre
269 2677 335 2738 aut
351 2666 485 2738 sentire
501 2663 694 2738 credimus.
745 2661 786 2737 si
809 2663 955 2762 gravior
970 2674 1026 2737 est
1050 2663 1205 2762 vertigo,

127 2794 247 2871 neque
265 2774 389 2849 videre
405 2786 525 2875 potest
550 2799 657 2874 aeger,
682 2798 758 2873 prae
781 2775 936 2875 caligine
960 2775 1065 2851 velut
1088 2774 1202 2850 oculis

125 2885 293 2974 obducta,
330 2911 453 2986 neque
477 2887 631 2962 firmiter
659 2887 826 2963 incedere
849 2898 917 2964 aut
932 2896 1037 2976 stare,
1062 2888 1202 2987 quippe
1234 2952 1238 2961 .

124 2998 181 3072 cui
197 2999 295 3072 vires
311 3023 398 3098 quae
426 3008 525 3074 artus
554 3008 700 3099 regunt,
728 3000 911 3076 deficiant.
965 2999 1201 3099 Vertiginem

126 3129 256 3185 nausea
273 3111 366 3186 solet
383 3113 559 3200 comitari,
574 3100 761 3210 alteraque
776 3113 927 3188 alteram
943 3112 1126 3187 inducere.
1162 3195 1168 3203 ,

173 3243 338 3299 ccnxrx.
365 3224 576 3299 Multorum
601 3234 640 3298 et
663 3225 835 3324 gravium
856 3225 1090 3323 quorundam
1106 3246 1199 3296 mor·

127 3329 255 3410 borum
280 3360 413 3424 comes,
437 3347 475 3410 et
501 3337 661 3435 signum,
687 3348 726 3411 et
749 3337 960 3436 praenuncia
987 3334 1200 3410 observatur

126 3445 290 3546 vertigo;
326 3446 546 3548 apoplecioe,
575 3446 770 3548 epilepsioe,
799 3446 984 3547 bystcrioe,
1013 3446 1200 3544 sanguinis

126 3556 298 3653 profluvii
323 3559 507 3635 enaribus
523 3558 585 3633 vel
609 3558 688 3633 aliis
705 3560 880 3658 partibus,
907 3559 1089 3632 mensium
1114 3582 1199 3657 sup·

123 3669 339 3765 pressorum,
371 3695 518 3769 magnae
550 3671 709 3770 corporis
742 3670 997 3770 plenitudinis,
1030 3669 1199 3758 febrium,

124 3788 200 3855 nrm
228 3808 322 3880 quas
350 3783 527 3870 debilitas,
555 3794 640 3858 turn
669 3806 761 3881 quas
787 3790 917 3857 auctus
945 3793 1057 3880 caput
1073 3805 1200 3856 versus

127 3896 310 3992 anguinis
326 3895 498 3994 impetus,
514 3896 721 3970 comitatur.
772 3892 842 3968 Vis
858 3918 1009 3993 quoque
1024 3894 1135 3992 capiti
1157 3892 1199 3965 il·

126 3997 203 4092 lam,
232 4031 315 4081 raro
330 4032 416 4106 quae
431 4009 519 4107 ipsis
535 4007 650 4083 oculis
666 4006 822 4081 infertur
838 4006 906 4094 vis,
930 4005 1000 4079 nisi
1016 4015 1199 4103 quatenus

128 4118 245 4192 totum
262 4129 376 4218 caput
392 4120 536 4207 afficiat,
552 4120 775 4219 vertiginem
791 4116 946 4191 inducit.
996 4116 1133 4214 Ingens
1162 4118 1201 4182 et
1248 4156 1255 4163 -

127 4224 244 4305 subita
259 4231 449 4331 sanguinis
465 4229 696 4329 aliorumque
713 4231 914 4307 humorum
925 4226 1082 4339 jactura,
1101 4220 1200 4297 debi-

629 4362 653 4415 Ρ
672 4351 695 4416 2
