2678 4794
218 353 265 425 82
503 335 507 343 ’
628 368 881 426 cousrscrus
1128 373 1215 428 car.
1231 371 1287 428 rx.

270 568 386 625 ceux.
412 545 522 618 Visus
546 544 749 635 distinctus,
787 547 850 622 sed
873 547 994 632 falsus,
1019 571 1140 621 rerum
1166 548 1287 623 visibi-

219 659 313 736 lium
340 658 514 734 nimirum
532 680 616 754 quae
630 682 705 730 non
723 672 820 746 sunt,
849 659 952 758 quod
970 682 1087 756 genus
1104 660 1200 745 vitii,
1231 669 1289 732 ut·

219 793 366 870 cunque
392 767 529 842 mirum
558 780 597 841 et
624 769 823 869 explanatu
839 768 986 844 difficile
1002 769 1180 853 videatur,
1211 792 1289 843 non

219 883 325 957 valde
347 903 468 954 rarum
499 892 564 967 est,
590 882 675 955 laceo
691 882 846 968 cerebro,
873 881 1030 966 insanire,
1055 880 1193 967 delirio,
1210 904 1291 953 nou

217 991 323 1067 oculo
340 991 416 1065 ullo
431 991 544 1065 modo
560 992 746 1078 laboranti,
763 994 938 1093 imputari
955 993 1073 1066 debet.

265 1125 399 1178 cccxl.
418 1103 609 1202 Frequens
625 1107 725 1180 visus
737 1107 870 1180 vitium
884 1117 940 1180 est
955 1105 1145 1180 oculorum
1157 1102 1290 1176 distor-

215 1215 279 1308 tio,
303 1239 388 1314 quae
411 1214 630 1292 strabumus
654 1219 751 1316 apud
770 1219 929 1292 medicos
944 1227 1104 1291 vocatur.
1157 1215 1289 1288 Strabo

214 1336 280 1414 est,
297 1328 364 1426 qui
376 1348 462 1402 axes
473 1328 664 1403 oculorum
676 1340 808 1428 praeter
824 1330 974 1404 solitum
985 1327 1153 1426 obliquos
1166 1326 1289 1413 habet,

215 1456 336 1538 neque
351 1440 398 1513 ad
414 1441 513 1514 idem
543 1453 725 1536 punctum
754 1442 920 1517 directos.
971 1441 1075 1514 Hinc
1092 1440 1190 1529 visus
1220 1439 1288 1511 irn-

212 1551 406 1650 perfectus,
435 1553 604 1638 incertus,
633 1551 830 1650 aliquando
845 1550 996 1652 duplex,
1021 1551 1180 1648 ideoque
1203 1572 1289 1622 con·

212 1662 327 1751 susus,
344 1675 383 1738 et
398 1688 493 1763 saepe
509 1665 638 1762 ingens
647 1663 866 1738 deformitas.
908 1662 1056 1737 Malum
1068 1661 1290 1761 plerumque

129 1809 134 1816 ·
215 1779 465 1876 congenitum,
479 1776 576 1850 haud
587 1800 667 1849 raro
676 1776 877 1862 conatibus,
888 1799 980 1873 quos
990 1774 1109 1847 infans
1120 1774 1290 1847 nondum

214 1890 378 1962 conscius
395 1888 451 1961 sui
469 1888 561 1968 vitii.
587 1889 674 1962 facit
699 1887 745 1959 ad
763 1887 884 1960 visum
902 1886 1160 1984 jucundiorem
1177 1897 1217 1958 et
1233 1907 1289 1958 ac-

212 2001 426 2074 curatiorem
436 1999 678 2086 reddendum,
694 2000 897 2097 corrigitur.
937 1998 1054 2084 Idem,
1070 1996 1289 2082 imitatione,

211 2133 296 2208 quae
307 2134 434 2185 omnes
450 2110 627 2197 homines,
643 2105 825 2210 imprimis
835 2109 1001 2195 infantes,
1020 2109 1132 2182 etiarn
1145 2107 1288 2192 inscios,

212 2222 373 2296 multum
399 2224 507 2321 regit,
529 2222 701 2298 facillime
724 2221 885 2296 discitur.
953 2220 1070 2294 Haud
1093 2221 1146 2294 ita
1182 2217 1287 2293 facile

213 2333 422 2409 dediscitur.

263 2470 414 2528 ccuxn.
441 2449 600 2535 Causam
637 2454 733 2530 tanti
767 2449 849 2528 vitii
884 2449 1058 2527 musculis
1094 2445 1286 2522 oculorum

212 2563 408 2661 saepissime
424 2565 542 2640 inesse
556 2565 753 2641 vensimile
768 2574 834 2650 est,
862 2564 928 2662 qui
947 2562 1038 2636 male
1060 2557 1288 2641 conformati,

210 2672 272 2745 vel
287 2675 453 2770 paralysi,
470 2678 666 2773 rigiditate,
683 2676 938 2757 contractione,
964 2671 1136 2765 corrupti,
1162 2667 1289 2743 oeulos

212 2783 378 2856 ordinate
394 2797 433 2856 et
451 2787 640 2880 aequaliter
655 2806 780 2879 regere
796 2789 991 2878 nequeant.

261 2913 429 2966 ccnxrrr.
459 2893 657 2966 Inducitur
674 2892 944 2987 nonuunquam
964 2887 1034 2961 hoc
1049 2887 1184 2961 vitium
1212 2889 1290 2991 epi·

210 2999 337 3100 lapara,
355 3002 394 3073 in
407 3025 482 3099 qua
493 3001 821 3075 vehementissimae
837 3002 1005 3074 omnium
1019 2999 1287 3090 musculorum,

209 3122 248 3185 et
259 3112 449 3187 oculorum
467 3114 656 3211 imprimis,
673 3110 926 3187 convulsiones
938 3111 1045 3186 liunt.
1090 3112 1205 3185 Unde
1216 3112 1286 3186 for·

208 3233 303 3300 tasse
318 3248 447 3300 eorum
459 3225 693 3300 distortiones
710 3234 748 3298 et
765 3222 1007 3313 lacerationes,
1023 3234 1088 3298 aut
1105 3222 1174 3300 alia
1189 3223 1289 3299 mala

208 3337 498 3412 immedicabilia
775 3341 779 3347 ⁴

257 3471 416 3524 ccuxrv.
441 3449 596 3524 Morbos
612 3450 792 3549 quosdam
809 3451 947 3550 eapitis,
971 3450 1177 3547 hydropem
1195 3473 1286 3544 prae·

208 3562 346 3646 sertim,
370 3583 639 3660 nonnunquam
656 3564 860 3638 comitatur.
910 3562 952 3635 A
970 3584 1100 3658 magna
1116 3559 1156 3631 vi
1172 3559 1288 3657 capiti

207 3669 307 3745 illata
322 3671 521 3769 aliquando
545 3674 697 3748 inducta
720 3685 776 3748 est
801 3672 990 3746 oculorum
1008 3671 1197 3755 distortio;
1221 3669 1287 3745 ali·

206 3781 367 3881 quando,
384 3784 447 3856 sed
463 3786 652 3872 rarissime,
678 3787 756 3858 sine
771 3793 859 3858 nota
874 3807 981 3857 causa
997 3783 1119 3857 subito
1135 3781 1290 3861 media

243 3915 385 3968 cccxv.
397 3895 468 3968 Est
477 3896 537 3969 vel
548 3897 696 3972 alterius
707 3896 765 3969 vel
776 3895 970 3991 utriusque
979 3894 1090 3969 oculi:
1108 3918 1287 3991 quorum,

205 4003 384 4094 distortio,
400 4007 526 4105 major,
542 4010 673 4095 minor,
691 4029 984 4105 quaquaversum
1003 4030 1079 4080 esse
1096 4014 1230 4105 potest.

256 4151 413 4205 cccxvr.
442 4132 538 4206 Sunt
563 4132 630 4229 qui
654 4124 727 4205 sibi
749 4142 1005 4229 persuaserunt
1028 4130 1170 4206 malum
1196 4153 1288 4205 non·

207 4265 399 4345 nunquam
423 4244 508 4320 oriri
534 4269 553 4317 a
578 4244 672 4349 sitio
695 4242 935 4328 retinerem
972 4241 1090 4319 veluti
1115 4244 1146 4318 si
1183 4241 1289 4319 solita
