2678 4794
151 381 223 459 156
523 446 526 452 ,
554 400 808 456 consascrus
1041 403 1128 459 raa.
1146 403 1230 462 xva

199 603 343 656 oxx1v.
369 577 499 676 Inopia
515 578 703 681 sanguinis
721 600 856 676 magua
866 585 933 652 aut
949 578 1127 653 diuturna
1140 603 1229 678 qua·

28 721 36 738 ·
149 691 269 768 litates
282 692 359 789 ejus
373 690 532 763 humoris
546 690 610 762 vix
625 697 746 786 potest
758 713 834 762 non
846 690 986 764 vitiare.
1025 691 1229 777 Nimirum,

147 829 228 904 pars
245 804 391 878 tenuior
405 801 509 875 facile
526 812 564 874 et
580 802 655 875 cito
671 813 876 900 reparatur;
904 826 985 899 pars
998 826 1085 874 vero
1098 826 1227 887 crassa,

132 915 294 1017 fibrina,
318 923 357 987 et
373 915 562 1013 particulae
579 912 709 1000 rubrae,
735 912 834 987 haud
858 915 911 987 ita
935 914 1067 987 suiito.
1119 914 1228 991 Hinc

145 1027 303 1126 sanguis,
332 1027 465 1114 tenuis,
498 1025 670 1126 pallidus,
695 1026 761 1099 vix
794 1026 940 1110 rubens,
973 1050 1095 1122 neque
1130 1027 1225 1098 bene

143 1161 384 1225 concrescens,
412 1161 533 1236 neque
550 1163 681 1237 corpus
698 1139 792 1212 bene
808 1139 984 1212 nutriens.

190 1271 315 1325 cxxv,
334 1251 398 1325 Fit
416 1277 524 1351 porro
541 1252 653 1324 nimis
670 1252 792 1324 tenuis
805 1252 964 1349 sanguis,
981 1249 1101 1323 multo
1118 1259 1223 1347 potu,

139 1365 337 1462 prasertim
365 1389 513 1463 aquoso,
539 1364 621 1438 cibo
651 1363 767 1449 tenui,
796 1373 834 1436 et
864 1386 990 1460 parum
1023 1364 1223 1448 nutriente,

138 1496 251 1572 prava
267 1464 502 1550 concoctione
526 1477 564 1550 in
583 1475 798 1560 ventriculo,
825 1475 885 1547 vel
910 1473 1058 1546 forsitan
1080 1475 1122 1546 in
1140 1472 1222 1571 pul·

119 1587 500 1687 ·monibus;ipsisque
510 1587 867 1686 organisquaepartes
878 1589 1062 1660 crassiores
1071 1587 1222 1684 fingunt

138 1698 290 1773 maleae
316 1700 553 1784 habentibus;
583 1700 786 1796 suppressis.
809 1701 1080 1773 excretionibus
1106 1698 1220 1772 solitis

138 1813 324 1900 tenuibus,
348 1813 481 1888 sudore
498 1812 634 1886 scilicet
650 1821 689 1884 et
705 1811 822 1897 urina
848 1811 966 1885 veluti
983 1811 1127 1910 frigore,
1153 1814 1219 1884 aut

137 1925 231 1997 vitio
248 1949 490 2023 organorum
516 1924 576 1998 vel
599 1923 760 2008 demum,
786 1932 831 1997 ut
846 1948 975 1996 omues
992 1922 1067 1995 fere
1085 1920 1220 1995 medici

136 2047 329 2134 putarunt,
358 2038 507 2136 putrida
540 2036 702 2110 universi
736 2037 905 2133 corporis,
944 2051 982 2109 et
1016 2036 1216 2109 humorum

135 2149 350 2245 praesertim,
375 2149 633 2248 corruptione:
659 2147 721 2221 sed
748 2147 795 2220 de
821 2148 887 2221 hac
917 2173 955 2221 re
972 2148 1219 2221 controversia

135 2271 210 2334 est:
236 2272 275 2334 et
292 2262 321 2334 si
338 2262 390 2334 ita
408 2264 456 2335 sit
472 2271 516 2335 ut
532 2260 620 2334 olim
639 2261 765 2359 opinio
781 2260 863 2347 fuit,
890 2272 971 2333 tum
990 2270 1125 2358 praeter
1141 2282 1216 2332 mc·

134 2397 210 2446 ram
230 2374 462 2461 tenuitatem,
487 2373 723 2473 perspicuum
741 2384 796 2447 est
813 2374 881 2448 alia
898 2372 1120 2472 plerumque
1137 2395 1215 2446 san·

133 2485 257 2584 guinis
275 2487 365 2562 vitia
382 2511 606 2561 concurrere.

180 2605 326 2674 nxisvn
364 2603 521 2699 Sanguis
551 2601 661 2674 nimis
695 2599 817 2673 tenuis
845 2596 904 2670 vel
937 2620 1096 2694 aquosus
1128 2593 1217 2673 facit

130 2710 277 2783 vultum
309 2712 499 2809 pallidum,
533 2736 665 2810 corpus
690 2712 820 2796 debile,
846 2710 1075 2808 languidum,
1101 2709 1215 2808 torpi-

129 2821 234 2908 dum,
259 2833 381 2918 partes
398 2823 529 2897 solidas
545 2824 656 2908 laxus,
673 2821 848 2906 flaccidas,
875 2823 924 2894 ob
940 2821 1127 2895 defectum
1145 2837 1213 2895 nu·

103 2926 307 3017 tumenti,
332 2943 371 3006 et
403 2934 558 3005 nimiam
589 2932 753 3005 hunudae
777 2935 939 3006 materiae
967 2935 1005 3006 in
1035 2932 1216 3032 compage

128 3043 377 3140 quantitatem
397 3044 820 3138 (Lxxx11,nxxxv11r);
846 3045 1042 3118 effusiones
1058 3067 1215 3143 aquosas

129 3153 348 3253 hydropicos
364 3156 403 3228 in
420 3156 523 3229 omni
540 3156 699 3252 corporis
725 3172 829 3256 parte
845 3158 1001 3245 inducit,
1025 3169 1134 3232 aucta
1158 3156 1215 3235 ni·

126 3268 263 3342 mirum
282 3267 514 3342 exhalatione
540 3267 705 3343 humoris
730 3268 851 3342 tenuis
877 3271 943 3366 qui
970 3270 1095 3343 omnia
1120 3292 1214 3344 aava

124 3382 284 3478 corporis
300 3405 437 3481 organa
454 3381 593 3467 irrorat,
618 3381 753 3477 partim
774 3383 823 3455 ob
840 3381 1057 3480 sanguinem
1084 3383 1213 3481 ipsum

124 3492 236 3565 nimis
253 3493 428 3579 solutum,
454 3503 493 3566 et
509 3491 651 3566 facilius
667 3503 705 3565 et
729 3494 910 3590 copiosius
932 3493 1038 3590 justo
1064 3492 1212 3568 elaben-

125 3612 213 3689 tem,
238 3607 370 3703 partim
397 3607 446 3678 ob
463 3630 548 3679 vasa
563 3617 695 3704 praeter
713 3605 860 3678 solitum
887 3605 1058 3693 relaxata,
1085 3628 1213 3704 neque

124 3726 168 3789 ut
185 3717 290 3790 decet
317 3719 534 3792 renitentia:
561 3719 655 3816 quin
684 3728 722 3790 et
747 3728 894 3791 tantum
920 3717 1023 3791 abest
1041 3728 1085 3792 ut
1103 3742 1214 3793 venor

123 3828 348 3904 resorbentes
364 3832 402 3903 in
422 3831 491 3905 hoc
507 3841 604 3905 statu
624 3829 831 3928 plusquam
843 3828 960 3904 solent
978 3830 1078 3904 illius
1095 3830 1211 3904 exha-

122 3940 187 4015 lati
204 3940 370 4016 humoris
387 3943 567 4029 hauriant,
590 3953 634 4016 ut
651 3943 708 4015 hae
725 3967 885 4040 quoque,
910 3943 1090 4041 generalis
1107 3942 1211 4017 debi-

121 4054 236 4129 litatis
253 4056 457 4153 participes,
475 4058 541 4129 vix
557 4055 603 4129 ad
623 4053 728 4128 solita
744 4080 810 4128 sua
827 4077 981 4128 munera
997 4053 1157 4129 valeant.

174 4191 333 4244 Dxxvn.
360 4170 502 4243 Verum
521 4170 720 4255 enimvero,
747 4168 890 4241 Natura
919 4168 996 4263 ipsa
1013 4180 1038 4238 a¹
1051 4176 1110 4240 tot
1128 4178 1210 4241 tan-

124 4283 247 4380 risque
263 4282 370 4358 malis
393 4281 661 4381 simplicissimo
685 4279 905 4379 plerumque
934 4278 1047 4355 modo
1075 4302 1214 4377 praeca·
