2678 4794
203 323 259 399 ⁴74
603 338 857 396 consracrus
1128 343 1212 396 cnr.
1231 345 1286 397 rx„
1329 353 1331 359 ·

261 538 397 594 ccxut.
423 514 522 589 Mira
537 515 756 613 conspiratio
771 516 832 592 vel
849 540 1044 591 consensus
1069 518 1166 592 inter
1182 518 1287 593 binos

210 629 346 716 oculos,
364 630 533 723 interque
548 626 663 700 varias
679 626 777 701 oculi
793 636 923 726 partes,
940 629 1166 703 observatur.
1218 629 1288 703 Al·

148 756 152 767 ’
211 752 269 815 ter
284 736 410 814 oculus
441 746 582 812 motum
599 736 747 812 alterius
765 763 830 812 sue
858 751 989 837 sponte
1016 740 1194 836 sequitur,
1220 739 1289 814 hac

210 853 359 937 ratione,
385 859 431 922 ut
455 873 543 923 axes
557 848 753 948 utriusque
783 874 924 948 semper
945 850 1104 949 paralleli
1122 852 1218 936 sint;
1248 859 1290 923 et

210 986 283 1037 non
302 962 370 1035 nisi
388 960 544 1035 hominis
560 971 706 1049 conatu,
731 961 805 1034 levi
821 961 974 1060 quidem
990 961 1065 1048 illo,
1095 970 1134 1034 et
1149 985 1215 1060 per
1231 962 1289 1034 in·

208 1074 386 1147 stinctum
402 1083 441 1148 et
457 1076 561 1173 quasi
578 1073 831 1172 montesacro,
847 1075 887 1146 in
904 1072 1004 1146 idern
1017 1085 1199 1170 punctum
1211 1096 1288 1146 cor-

208 1185 316 1283 poris,
340 1185 441 1283 quod
466 1185 747 1285 contemplatur,
784 1185 1014 1284 dirigantur3
1053 1209 1129 1282 quo
1153 1182 1207 1270 lit,
1243 1192 1288 1258 ut

207 1298 332 1394 imago
358 1298 437 1396 ejus
466 1322 580 1397 prope
597 1308 766 1372 centrum
796 1296 991 1395 utriusque
1019 1295 1151 1370 reeioae
1167 1295 1287 1394 expri-

207 1420 353 1494 matur;
390 1432 477 1484 nam
493 1410 546 1484 ibi
575 1410 645 1484 loci
670 1409 745 1483 fere
761 1432 905 1506 semper
926 1406 1208 1506 perfectissimus
1232 1415 1287 1482 est

208 1545 318 1594 vrsus.

258 1656 406 1711 ecxmr.
444 1634 593 1735 Pupilla
626 1635 663 1708 in
692 1634 848 1709 tenebris
873 1631 1010 1732 patula,
1046 1632 1203 1707 admissa
1228 1629 1288 1705 vel

208 1747 388 1822 vividiore
405 1749 502 1824 sacta
517 1748 609 1834 luce,
637 1747 761 1822 statim
778 1746 1026 1820 contrahitur:
1053 1753 1092 1819 ct
1109 1745 1178 1818 hoc
1202 1767 1287 1818 con·

208 1861 330 1934 sensui
345 1860 442 1935 inter
457 1860 616 1935 retinam
633 1870 672 1934 et
683 1857 894 1933 musculum
909 1857 976 1956 qui
989 1855 1168 1956 pupillam
1179 1856 1286 1954 regit,

207 1995 365 2069 eamque
381 1971 440 2044 vel
457 1981 571 2045 arctat
588 1969 648 2045 vel
676 1968 886 2068 amplificat,
911 1969 1020 2068 plane
1044 1967 1286 2042 tribuendum

206 2090 273 2167 est,
298 2105 420 2181 neque
436 2085 589 2157 omnino
616 2074 811 2156 irritationi
836 2082 951 2180 ipsius
968 2080 1136 2155 musculi.
1186 2079 1286 2153 Nam

208 2217 295 2267 sano
311 2218 457 2293 prorsus
473 2195 642 2271 musculo
669 2195 751 2282 isto,
776 2193 805 2268 si
835 2195 959 2270 nullus
975 2195 1076 2268 visus
1093 2203 1158 2277 est,
1185 2189 1286 2266 nulla

207 2305 251 2379 fit
267 2304 418 2406 pupillae
433 2310 643 2383 contractio.
693 2308 798 2395 Quin
826 2317 865 2381 et
882 2305 1038 2381 musculi
1064 2302 1286 2403 pupillarum

207 2419 402 2518 utriusque
428 2418 525 2494 oculi
553 2420 783 2519 conopia-anm
809 2420 862 2493 ita
888 2428 943 2505 ut,
967 2417 1122 2491 admissa
1137 2414 1184 2489 ad
1201 2414 1287 2489 alte·

207 2555 292 2605 rum
317 2532 469 2608 oculum
493 2532 587 2620 luce,
616 2534 812 2632 utriusque
836 2530 947 2606 simul
972 2527 1121 2629 pupillae
1147 2535 1287 2600 contra-

208 2642 353 2719 hantur.
1160 2688 1167 2695 -

256 2778 423 2831 ccxmn.
449 2756 691 2832 conuahitur
706 2778 856 2853 quoque
873 2750 1023 2849 pupilla,
1040 2750 1164 2847 siquid
1180 2752 1289 2826 oculo

206 2865 358 2964 propius
374 2889 489 2963 quam
520 2868 617 2939 soliti
646 2865 782 2939 limites
806 2862 971 2935 distincti
995 2861 1096 2934 visus
1120 2872 1289 2938 accurate

206 2975 418 3061 intuemur;
444 2975 524 3062 hoc,
549 2987 593 3050 ut
610 2974 769 3062 videtur,
793 2972 954 3058 oonsilio,
976 2981 1022 3046 ut
1045 2971 1137 3045 radii
1162 2997 1287 3071 super·

205 3084 273 3159 flui
297 3095 337 3161 et
361 3088 525 3162 maxime
549 3085 701 3185 obliqui.
735 3097 774 3160 et
799 3108 892 3185 quos
916 3082 1011 3158 vires
1036 3083 1133 3158 oculi
1159 3086 1286 3158 refrin-

205 3205 335 3293 gentes
351 3199 389 3272 in
400 3198 549 3297 justum
553 3197 685 3300 socom
701 3199 768 3273 vix
784 3197 991 3297 potuissent
1017 3195 1199 3296 colligere,
1225 3221 1286 3270 ex·

206 3308 412 3387 (ludantur.
463 3311 538 3386 Par
553 3310 703 3386 videtur
719 3333 796 3385 esse
820 3310 923 3397 ratio,
948 3308 1050 3408 quod
1065 3307 1207 3407 pupilla
1231 3310 1285 3382 in·

205 3421 367 3497 lantibus
385 3432 422 3498 et
435 3423 646 3521 junioribus
661 3422 865 3496 admodum
882 3420 1018 3520 patula,
1048 3420 1196 3494 senibus
1212 3420 1286 3494 fere

204 3536 422 3609 contractior
446 3535 505 3622 sit,
530 3535 667 3634 quibus
701 3534 800 3610 oculi
834 3534 1014 3632 planiores
1038 3531 1118 3606 fieri
1156 3531 1284 3607 solent.

205 3646 387 3721 Nondum
403 3671 471 3745 pro
486 3658 586 3723 certo
602 3657 758 3737 constat,
783 3670 876 3721 num
893 3645 972 3720 aliis
989 3668 1139 3744 quoque
1157 3644 1285 3733 modis,

203 3756 331 3832 oculus
347 3757 396 3831 ad
412 3760 528 3833 varias
544 3783 667 3835 rerum
685 3784 778 3857 quas
792 3755 1064 3856 contemplatur
1082 3756 1285 3844 distantias,

202 3879 321 3945 semet
356 3871 628 3946 accommodet:
663 3871 764 3945 hunc
788 3895 876 3943 vero
901 3866 1071 3945 nonnulli
1104 3875 1285 3964 putarunt

203 4006 280 4057 esse
297 4006 405 4057 usum
417 4007 662 4084 processuum
677 3981 889 4063 clitorium·
913 4003 1049 4077 nempe
1062 3988 1105 4053 ut
1117 3976 1250 4053 lentem
1265 4003 1288 4052 o

203 4094 309 4173 solita
340 4095 426 4170 sede
454 4096 679 4183 dimoveant,
703 4106 742 4168 et
771 4093 919 4190 longius
935 4117 957 4164 a
973 4091 1098 4166 retina
1127 4091 1285 4177 trahant,

201 4232 280 4311 quo
297 4208 415 4309 magis
428 4205 679 4309 refringantur
694 4205 797 4295 radii,
813 4204 1027 4304 priusquam
1046 4204 1085 4279 in
1102 4226 1182 4279 eam
1200 4202 1287 4279 inci·
