2678 4794
154 354 383 434 'canum
426 364 669 427 ‘maurorum
688 373 977 434 rauonurrcm.
1176 372 1248 449 279

163 562 208 630 et
233 557 357 652 seqq.).
407 549 589 625 Nonnihil
617 575 768 651 quoque
796 554 844 626 ad
870 556 987 629 varios
1004 556 1243 656 singularum

146 673 317 742 autum
334 662 481 737 morbos
497 663 659 738 conferre
675 665 825 740 videtur
841 666 1004 743 conditio
1031 667 1242 761 humonrm,

157 778 227 878 qui
255 775 424 852 multum
453 776 595 850 variant
623 777 737 875 copia,
765 776 1013 868 crassitudine,
1046 782 1244 883 acrimonia

140 888 271 982 (nxn,
289 900 329 965 et
345 898 463 990 seqq).

199 1026 424 1080 uccccvur.
453 1004 513 1078 Sic
529 1003 696 1093 infantes,
723 1006 858 1104 quibus
874 1029 1004 1081 omnes
1019 1007 1145 1084 solidae
1159 1033 1239 1107 par·

141 1124 203 1191 tes
228 1114 452 1190 mollissimae
478 1124 518 1189 et
542 1115 679 1191 debiles
705 1129 806 1208 sunt,
832 1129 871 1192 et
889 1143 1017 1219 genas
1040 1143 1237 1200 nervom

146 1226 256 1302 valde
270 1227 458 1315 irritabile,
484 1236 523 1301 et
538 1227 723 1303 liberrima
739 1231 928 1329 sanguinis
946 1231 1167 1320 distributio,
1196 1242 1236 1306 et

147 1339 364 1413 sacrationes
379 1349 418 1412 et
448 1341 676 1415 excretiones
706 1341 972 1441 copiosissimae,
997 1368 1093 1443 saepe
1117 1344 1235 1423 defor-

147 1472 230 1524 mes
246 1448 351 1538 liunt,
378 1475 475 1551 saepe
492 1450 618 1526 hernia
633 1454 725 1528 varii
742 1454 896 1553 generis,
913 1464 979 1529 aut
995 1455 1177 1555 prolapsu,
1194 1468 1234 1532 et
1299 1553 1302 1562 Ι

142 1562 309 1650 strumis,
325 1573 364 1637 et
379 1562 571 1651 ractitidc,
588 1564 814 1663 plectuntur,
829 1575 869 1643 et
879 1589 974 1665 saepe
983 1568 1228 1644 convulsioni-

142 1672 728 1763 bus,autfebriculisalevissirnis
737 1679 854 1754 causis
863 1679 1085 1755 afficiuntur.
1110 1682 1229 1755 Iidem

142 1810 243 1876 vero,
260 1788 366 1888 gravi
382 1788 491 1877 febre,
519 1799 586 1865 aut
600 1790 724 1865 valida
738 1790 1038 1880 inflammatione,
1067 1801 1134 1867 aut
1149 1817 1229 1867 san·

142 1900 268 2001 guinis
284 1899 486 2000 profluviis,
511 1913 579 1976 aut
593 1901 744 2002 phthisi,
761 1913 828 1979 aut
844 1903 1011 2004 paralysi,
1036 1913 1101 1979 aut
1117 1904 1229 2004 poda

141 2035 220 2111 gra,
243 2021 308 2088 aut
323 2013 600 2102 rheumatismo,
625 2025 692 2090 aut
707 2015 885 2115 hydrope,
913 2016 985 2097 nisi
1002 2017 1227 2117 capitisqui

140 2125 306 2225 saepevel
321 2152 344 2200 a
358 2137 539 2202 strumosa
550 2129 709 2227 corporis
726 2129 990 2208 constitutione
1000 2129 1061 2204 vel
1073 2154 1095 2203 a
1106 2130 1225 2205 nimio

137 2238 331 2339 sanguinis
347 2247 461 2338 caput
477 2264 603 2314 versus
627 2238 737 2316 fluxu
753 2239 901 2339 pendet,
918 2265 999 2317 raro
1015 2241 1189 2323 laborant.

186 2373 377 2428 nccccrx.
397 2352 559 2428 Infantes
573 2376 723 2451 quoque
733 2351 922 2451 sanguinis
932 2350 1115 2450 jacturam
1125 2351 1222 2428 male

136 2461 272 2553 ferunt,
297 2466 510 2540 tenuiorum
527 2465 729 2539 humorum
753 2464 869 2549 bene;
895 2460 991 2536 male
1015 2463 1128 2537 etiam
1145 2463 1221 2536 ine-

134 2575 233 2651 diam
252 2576 430 2664 tolerant3
454 2585 683 2653 marcescunt
700 2575 824 2655 subito
840 2574 931 2649 dum
947 2581 1139 2673 aegrotant,
1156 2573 1220 2648 sed

133 2690 209 2765 aito
223 2688 496 2778 convalescunt,
521 2699 560 2763 et
584 2689 834 2788 pinguescunt
857 2687 1004 2762 itemm.
1055 2685 1220 2760 Medica·

135 2802 269 2879 martis
285 2802 479 2903 plerisque,
496 2800 556 2877 vel
571 2800 776 2889 levissimis,
792 2799 896 2875 facile
921 2798 1147 2887 afficiuntur,
1163 2821 1219 2873 so·

135 2915 306 3013 piantur,
322 2917 540 3003 excitantur,
565 2924 781 3014 purgantur.
834 2912 956 2987 Mirus
973 2919 1098 2985 autem
1116 2920 1216 2986 tene-

134 3026 180 3102 ris
204 3051 336 3103 eorum
364 3027 574 3126 corporibus
598 3037 725 3102 contra
742 3025 886 3102 morbos
902 3024 1063 3111 renixus,
1093 3023 1147 3097 ita
1170 3033 1218 3098 ut

135 3161 232 3237 saepe
255 3150 386 3239 praeter
416 3164 563 3215 omnem
589 3163 693 3240 spenr
709 3138 973 3225 convalescant,
998 3136 1087 3210 vitae
1102 3160 1215 3233 quarn

134 3249 255 3324 adulti
271 3252 436 3328 homines
453 3252 573 3327 multo
590 3252 798 3328 tenaciores

183 3384 352 3440 nccch.
379 3364 654 3451 Adolescentes,
678 3376 745 3438 aut
763 3363 932 3462 juvenes,
957 3376 1023 3434 aut
1047 3358 1127 3444 viri,
1155 3357 1213 3432 fir·

132 3476 265 3550 miores
293 3488 331 3551 et
348 3477 540 3551 validiores
556 3499 670 3574 quam
695 3474 863 3562 infantes,
888 3485 928 3551 et
951 3472 1072 3545 minus
1097 3471 1214 3545 irrita·

131 3585 229 3677 biles,
246 3614 268 3662 a
286 3589 422 3663 morbis
439 3587 669 3663 infantilibus
681 3586 902 3687 plerumque
918 3585 1105 3661 immunes
1114 3583 1212 3671 facti,

129 3698 204 3796 aliis
231 3726 329 3800 saepe
354 3700 554 3800 opportuni
570 3699 677 3774 fiunt.
727 3696 875 3773 Scilicet
891 3721 1010 3794 quum
1036 3695 1212 3771 desinunt

129 3835 295 3901 crescere,
320 3815 500 3913 sanguine
517 3812 628 3886 nimis
644 3809 745 3908 pleni
761 3808 870 3897 fiunt,
887 3809 954 3907 qui
970 3808 1046 3883 fere
1062 3808 1102 3882 iu
1118 3817 1210 3882 arte·

129 3925 184 4001 riis
202 3928 430 4019 (ccccxurv,
448 3930 649 4022 ccccxcv)
666 3929 827 4021 prorata
843 3929 947 4019 parte
964 3919 1080 4018 magis
1097 3942 1212 4019 quam

128 4034 163 4111 in
179 4041 287 4114 venis
304 4039 525 4139 congeritur,
551 4047 590 4113 et
607 4059 702 4134 saepe
729 4032 932 4133 apartibus
948 4055 1035 4130 quae
1051 4030 1210 4129 amplius

127 4146 286 4225 distendi
303 4160 470 4225 recusant
486 4151 690 4245 (ucccuxr)
708 4154 838 4246 sponte
851 4143 1024 4242 erumpit,
1041 4152 1080 4215 et
1090 4142 1210 4239 primo

124 4262 322 4353 enaribus,
347 4275 473 4362 postea
489 4285 510 4334 e
527 4260 716 4361 pulmone,
744 4283 820 4343 non
846 4257 926 4338 siue
951 4275 1089 4352 magno
1111 4273 1209 4365 saepe
