2678 4794
140 313 214 388 398
536 322 786 379 conspectus
1018 322 1110 376 cae.
1128 324 1224 377 m

141 501 357 574 cadaverum
396 499 466 571 boo
498 497 612 570 modo
644 498 906 581 extincturum,
949 496 1094 571 nullam
1133 524 1223 598 saepe

139 634 245 709 posse
260 611 383 708 detegi
400 609 582 683 laesionem
595 608 824 682 manifestam
838 606 957 704 qualis
967 611 1104 683 mortis
1120 634 1223 687 musa

140 723 264 797 haberi
293 723 479 820 potuisset.
543 721 693 794 Parcius
720 743 808 792 vero
835 730 874 790 et
903 721 1050 794 cautius
1075 722 1219 797 admon

140 835 294 907 minime
310 833 509 931 periculosa
525 844 590 919 est,
620 842 658 905 et
674 831 735 904 vel
752 840 875 906 totum
892 855 1035 929 eorpus,
1065 832 1125 909 vel
1141 858 1217 932 par-

140 956 195 1019 tes
212 945 347 1044 quibus
364 944 595 1043 potissimum
613 943 819 1029 adhibetur,
844 943 1068 1017 validissime
1092 946 1217 1021 stimu-

137 1056 207 1142 lat;
233 1068 270 1131 et
286 1058 337 1129 sie
353 1058 393 1129 in
410 1056 574 1153 paralysi,
603 1057 642 1129 in
669 1055 869 1141 amaturosi,
894 1056 932 1127 in
964 1058 1216 1155 suppressione

137 1169 330 1254 mensium,
355 1167 562 1241 felicissimo
579 1191 666 1241 eum
696 1191 861 1241 successu
878 1191 973 1265 saepe
997 1180 1213 1267 usurpatur;

136 1280 295 1352 minutas
311 1281 408 1353 enim
426 1280 534 1353 fibras
551 1282 775 1366 arteriarum,
792 1302 866 1353 non
884 1302 987 1353 secus
1004 1304 1047 1354 ao
1064 1281 1213 1379 majores

134 1392 292 1487 eorporis
309 1403 346 1464 et
364 1403 512 1465 artuum
531 1393 726 1478 musculos,
755 1392 802 1465 ad
820 1401 963 1464 motum
991 1394 1076 1480 ciet,
1106 1405 1146 1469 et
1166 1395 1212 1469 sic

134 1501 318 1600 impetum
336 1504 523 1603 sanguinis
540 1504 692 1602 expedit
709 1519 820 1601 atque
836 1504 1009 1577 intendit.

184 1637 295 1691 rucei.
322 1617 486 1716 Duplioe
522 1616 597 1689 fere
622 1616 733 1689 modo
758 1616 898 1714 corpori
922 1615 1089 1690 adhiberi
1121 1616 1212 1691 solet

134 1730 472 1824 praestantissimum
490 1727 559 1801 boe
574 1728 778 1801 remedium
793 1757 802 1812 ;
823 1740 887 1825 per
903 1726 1086 1815 scintillas,
1102 1730 1212 1801 nimi·

134 1863 229 1926 rum,
255 1841 314 1913 vel
331 1866 396 1938 per
411 1843 528 1923 ictus3
554 1864 646 1936 quos
672 1839 768 1910 inter
784 1863 915 1936 parum
932 1840 1083 1913 omnino
1099 1840 1211 1915 inter-

133 1961 199 2035 est,
224 1964 465 2048 praeterquam
485 1952 587 2047 quod
613 1950 685 2024 illae
713 1950 876 2024 mitiores
901 1962 939 2024 et
956 1950 1221 2025 tolerabiliores·

132 2061 215 2147 sint,
233 2062 272 2134 bi
291 2087 376 2135 vero
394 2067 588 2162 graviores,
605 2064 764 2161 ideoque
780 2062 942 2137 delicatis
958 2075 997 2137 et
1022 2063 1209 2139 imbecillis

131 2173 255 2247 minus
280 2177 557 2262 accommodati,
583 2200 715 2274 neque,
744 2187 894 2274 propter
922 2175 1088 2251 dolorem
1114 2201 1208 2252 sum·

131 2308 305 2383 mamque
321 2286 525 2362 molestiam
544 2313 655 2385 quam
673 2297 806 2375 creant,
836 2288 1004 2386 quotidie
1021 2287 1207 2387 repetendi

132 2399 307 2494 quamdiu
324 2425 418 2498 opus
434 2401 546 2476 fuerit
562 2402 608 2474 ad
625 2399 771 2474 morbos
781 2400 957 2498 quosdam
977 2402 1156 2475 sanandos
1171 2400 1207 2473 in

130 2510 266 2606 quibus
289 2512 458 2611 prodesse
474 2514 678 2588 videantur.
729 2512 1012 2587 Observandum
1027 2515 1127 2589 enim
1145 2523 1206 2599 est,

130 2620 200 2696 boc
216 2625 431 2712 remedium,
456 2636 648 2724 utcunque
664 2625 838 2713 validum,
862 2648 994 2722 parum
1011 2651 1107 2724 saepe
1130 2650 1205 2725 pro

129 2733 242 2820 desse,
272 2738 342 2810 nisi
368 2737 466 2837 large
482 2739 691 2812 adhibitum
708 2737 830 2824 fuerit,
860 2738 1003 2835 diuque
1018 2739 1204 2813 continua·

128 2854 234 2929 tum;
265 2856 303 2919 et
332 2849 427 2922 male
456 2850 572 2948 igitur
600 2848 747 2922 elinioos
772 2849 950 2947 quosdam
980 2851 1026 2924 de
1050 2874 1093 2923 eo
1120 2872 1201 2921 oon-

128 2958 230 3052 queri
244 2967 420 3056 tanquam
438 2986 567 3059 parum
586 2960 740 3047 effieaee,
767 2984 853 3034 curn
871 2962 958 3035 satis
983 2962 1107 3035 leviter
1122 2981 1199 3057 per·

125 3092 201 3163 que
218 3093 351 3165 paucos
369 3082 512 3146 tanturn
531 3072 608 3147 dies
624 3073 664 3144 id
690 3082 899 3147 tentassent.
954 3075 1038 3148 Non
1055 3071 1201 3146 defuere

126 3181 224 3253 enim
244 3184 413 3281 exempla
429 3185 688 3283 aegrotautium
702 3186 768 3282 qui
786 3184 855 3257 lroc
872 3185 949 3258 solo
967 3185 1129 3260 remedio
1144 3208 1201 3282 pe-

126 3293 228 3367 nitus
245 3293 507 3383 convaluerint,
534 3297 702 3395 quamvis
729 3305 812 3393 post
840 3297 983 3394 aliquot
1001 3322 1144 3372 menses
1168 3308 1202 3370 et

126 3403 352 3480 liberrimum
371 3410 523 3483 remedii
540 3433 651 3483 usum
668 3433 798 3508 parum
816 3408 904 3482 boni
920 3410 966 3483 ab
992 3436 1037 3484 eo
1054 3410 1201 3509 accepis·

124 3527 215 3588 sent.
266 3519 552 3595 Administratio
569 3521 651 3595 talis
679 3520 831 3593 remedii
854 3545 919 3617 per
936 3545 1136 3597 numerum
1152 3531 1200 3594 at-

123 3650 198 3722 que
224 3651 432 3704 mensuram
452 3634 517 3705 vix
534 3632 678 3705 definiri
707 3641 773 3706 aut
801 3633 878 3730 regi
909 3643 1054 3729 potest3
1081 3645 1199 3708 tamen

122 3739 210 3811 scire
221 3739 342 3836 juvat,
371 3744 467 3816 ictus
484 3745 568 3818 satis
585 3742 695 3817 fortes
711 3745 758 3816 ad
775 3756 956 3817 trecentos
982 3757 1021 3818 et
1046 3744 1199 3844 amplius

121 3851 158 3921 iu
177 3850 275 3924 horae
292 3854 505 3948 quadrante,
534 3855 592 3927 vel
611 3853 782 3928 scintillas
799 3853 984 3954 plurimas,
1003 3857 1080 3930 fere
1097 3859 1198 3930 innu·

119 3983 246 4049 meras,
264 3987 338 4035 non
355 3965 467 4036 modo
483 3967 561 4038 sine
578 3967 722 4052 damno,
746 3967 810 4039 sed
827 3991 908 4039 eum
927 3967 1066 4066 insigni
1097 3969 1197 4040 bene·

116 4069 210 4156 ficio,
238 4097 303 4168 per
331 4073 485 4170 longum
514 4086 663 4174 tempus
692 4079 860 4174 quotidie
889 4076 1001 4151 fuisse
1028 4080 1195 4152 adhibita.

116 4179 204 4254 Hoc
221 4206 307 4257 vero
323 4206 397 4256 non
415 4183 467 4255 ita
483 4185 768 4286 intelligendum
796 4199 851 4263 est
868 4190 974 4287 quasi
992 4191 1193 4268 remedium
