2678 4794
66 326 158 389 cae.
175 322 287 384 xxm.
350 318 571 382 nummum
590 322 879 384 rnacnmscsr.
1078 315 1152 386 333

69 508 239 584 maxima
253 503 496 605 prudentiaet
511 503 846 602 circumspectione.
885 501 1043 580 Ferrum
1054 529 1153 598 vero,

69 632 113 696 et
128 621 231 719 copia
247 616 345 692 haud
361 618 508 717 exigua,
533 627 571 693 et
587 639 675 691 cum
690 616 828 716 insigni
845 615 1032 705 beneficio,
1058 642 1155 720 saepe

69 728 235 808 devorari
261 737 393 829 potest,
431 729 491 803 vel
518 729 558 803 in
583 727 778 828 particulas
802 729 965 803 minutas
989 729 1155 806 limando

67 846 212 930 tritum,
246 840 308 916 vel
332 841 379 914 ad
403 839 558 914 fonnam
585 838 799 917 carbonara
823 837 932 914 variis
956 843 1075 916 modis
1100 868 1154 917 re·

66 957 230 1031 «lactum.
304 951 416 1026 Ziaza'
450 951 602 1028 acidum
644 960 798 1052 quoque
834 951 1034 1051 aliquando
1068 957 1153 1030 satis

68 1069 168 1168 large
192 1074 426 1162 assumptum
451 1077 532 1155 est3
571 1064 677 1162 cujus
702 1065 797 1140 vires
822 1075 861 1139 et
885 1088 983 1153 usus,
1019 1075 1152 1142 utcun-

68 1203 144 1281 que
180 1177 375 1253 laudatum
411 1176 537 1267 fuerit,
573 1174 695 1250 adhuc
732 1199 863 1274 parum
897 1178 988 1251 certi
1025 1178 1152 1254 viden·

67 1302 140 1366 tur.

119 1424 262 1477 MXLIX.
297 1399 361 1475 Ex
395 1398 530 1475 salibus
545 1400 724 1486 demum,
749 1398 919 1475 nonnulli
945 1423 1080 1501 magna
1113 1405 1152 1479 vi

66 1514 293 1614 astringente
316 1511 467 1614 pollent.
519 1511 618 1588 Sales
643 1513 826 1611 imprimis
850 1513 958 1600 acidi,
984 1517 1079 1613 puri,
1104 1516 1153 1592 ad

65 1648 189 1702 unum
212 1649 339 1701 omnes
363 1625 475 1701 talem
492 1627 567 1700 vim
586 1625 734 1713 habent,
759 1636 803 1700 ut
820 1648 869 1700 ex
885 1624 1076 1703 effectibus
1092 1652 1154 1702 co-

60 1738 147 1814 rum
175 1738 486 1825 manifestissimis,
512 1762 599 1814 cum
616 1739 656 1813 in
674 1738 762 1813 vivo
778 1762 937 1838 corpore,
959 1748 1042 1813 tum
1058 1765 1151 1839 quo-

64 1851 195 1952 quein
211 1849 311 1926 corio
327 1851 574 1950 praeparando,
604 1851 690 1926 satis
714 1860 866 1926 constat
917 1851 1005 1924 Non
1022 1875 1151 1926 omnes

63 1944 260 2039 verosales
276 1963 371 2037 acidi
386 1965 465 2038 vim
481 1964 577 2038 hanc
593 1986 701 2063 aeque
716 1963 850 2038 fortem
863 1962 1010 2039 habeut.
1060 1963 1151 2039 Aci-

61 2073 155 2150 dum
169 2073 427 2176 sulphuriccm
448 2078 617 2151 omnium
634 2077 875 2151 fortissimum
891 2085 957 2165 est,
983 2077 1086 2175 quod
1102 2077 1151 2152 ad

64 2190 141 2263 'vim
159 2188 435 2286 astringentem,
464 2210 551 2264 cum
569 2189 608 2261 in
625 2187 820 2274 medicina,
840 2197 923 2262 tum
941 2214 1094 2288 quoque
1109 2192 1149 2264 in

64 2299 142 2374 allis
166 2299 317 2373 artibus.
367 2298 588 2373 Proximum
615 2298 764 2373 fortasse
787 2299 875 2373 huic
898 2299 1023 2373 locum
1046 2310 1150 2376 tenet

62 2408 214 2488 otidum
237 2410 499 2497 muriaticam·
525 2412 660 2485 deinde
683 2410 893 2495 nitrosum:
918 2435 1004 2508 quae
1027 2413 1149 2501 ambo,

63 2546 161 2622 pura
174 2523 314 2611 saltem,
330 2548 411 2598 raro
426 2532 662 2621 usurpantur.
714 2524 876 2599 Acetum
895 2523 1058 2610 demum,
1082 2534 1150 2598 aut

64 2635 166 2710 succi
182 2634 331 2736 furgum
348 2637 453 2724 acidi,
471 2645 537 2711 aut
553 2637 641 2710 vina
656 2635 828 2712 subacids
845 2636 1027 2733 (namn),
1050 2635 1150 2709 simi·

63 2746 138 2822 lem
163 2746 252 2836 vim,
276 2749 340 2824 ssd
364 2749 579 2824 debiliorem
595 2747 727 2836 adbuc,
751 2747 898 2824 habent.
949 2746 1045 2821 Haec
1061 2769 1150 2822 vero

63 2858 186 2935 multo
203 2861 322 2960 magis
350 2871 390 2935 et
405 2861 527 2936 multo
555 2860 694 2937 facilius
718 2861 758 2935 in
782 2862 915 2935 nostris
938 2860 1150 2959 corporibus

63 2972 292 3074 subiguntur
306 2984 345 3048 et
361 2984 622 3074 permutantur
638 2998 751 3073 quam
774 2973 857 3060 illa;
886 2972 1040 3072 pristina
1055 2972 1148 3048 dum

61 3083 332 3160 fermentantur
348 3088 504 3178 (nexus,
522 3086 826 3188 ncxxvu1),fere
844 3086 1020 3186 deposita,
1037 3108 1148 3159 nova-

62 3216 139 3294 que
153 3196 287 3272 induta
301 3208 456 3285 notum
481 3201 533 3274 ita
548 3208 594 3276 ut
610 3200 713 3275 brevi
729 3223 852 3298 neque
867 3198 977 3277 uuila
989 3197 1149 3296 amplius

63 3328 187 3407 neque
202 3309 353 3385 forsitan
371 3313 610 3412 astringentis
627 3313 798 3387 existant.
848 3309 1002 3384 Fossllia
1019 3319 1145 3382 autem

60 3417 185 3509 oeldo,
201 3423 387 3522 propriam
404 3433 585 3511 naturam,
596 3433 642 3499 ut
656 3426 816 3511 videtur,
832 3422 974 3497 diutius
991 3431 1147 3507 servant,

60 3539 101 3605 et
124 3534 269 3632 corpori
293 3531 411 3632 igitur
433 3559 501 3635 pro
525 3536 813 3636 astringentibus
836 3533 1008 3609 remediis
1032 3526 1148 3632 magis

61 3652 100 3733 et
115 3645 253 3720 certius
270 3657 435 3745 prosunt.

111 3777 185 3832 Mn.
224 3757 288 3831 Ex
314 3757 449 3834 salibus
473 3760 609 3848 terreis,
634 3748 812 3836 olomiaoe
842 3759 1000 3860 salphae
1035 3756 1147 3857 longe

57 3869 250 3966 opumm
267 3871 473 3946 remedium
489 3874 694 3972 astringens
710 3872 870 3961 videtur,
887 3887 925 3949 et
941 3874 1017 3947 fere
1027 3872 1146 3946 solum

57 3992 163 4055 nunc
187 3981 228 4055 in
254 4008 325 4058 usu
349 3993 428 4069 est;
453 3984 720 4060 validissimum
742 3984 907 4085 profecto
930 3985 1147 4069 remedium,

58 4101 100 4166 et
115 4093 228 4170 simul
244 4096 399 4170 minime
413 4095 661 4196 periculosum
678 4108 745 4173 aut
758 4120 904 4186 nocens,
934 4098 1019 4171 satis
1034 4095 1148 4168 libere

58 4203 225 4280 adbiberi
243 4217 375 4305 potest,
402 4209 463 4285 vel
479 4209 597 4286 forma
613 4210 705 4285 sicca
720 4221 759 4286 et
783 4210 907 4298 solida,
936 4207 996 4282 vel
1011 4210 1051 4284 in
1069 4205 1145 4277 ido-
1200 4206 1204 4218 ’
