2678 4794
123 399 218 457 car.
236 398 348 463 xxvi.
411 394 633 454 nunicma
658 398 947 473 nnaouumca.
1092 480 1098 490 ι
1130 388 1204 465 329

218 1271 313 1347 Car.
331 1272 604 1350 xxvi-De
619 1273 792 1352 renaediis
808 1275 1115 1376 astringentibus.

124 2164 323 2219 mxxxvn.
360 2103 603 2242 Quoumn,
629 2158 674 2223 ut
690 2172 759 2221 suo
783 2146 864 2220 loeo
882 2144 1125 2242 jamdictum
1154 2160 1209 2223 est

125 2259 261 2347 (Lxxx,
274 2265 313 2330 et
330 2267 457 2356 seqq.)‚
482 2272 602 2360 partes
627 2259 753 2335 solidae
777 2258 932 2332 humani
957 2261 1125 2356 eorporis,
1150 2261 1210 2333 vel

124 2392 190 2468 per
207 2378 326 2460 tutam
343 2374 601 2471 compaginem
613 2372 675 2447 vel
691 2372 731 2446 in
744 2380 848 2470 parte
864 2377 1013 2443 tantum
1024 2369 1210 2468 singulari,

127 2480 207 2554 sive
230 2490 371 2570 natura,
397 2484 474 2558 sive
503 2511 614 2584 prava
642 2481 910 2560 eonsuetudine
935 2491 974 2554 et
990 2481 1140 2554 vivendi
1158 2505 1211 2554 ra-

128 2592 241 2678 tione,
266 2594 342 2668 sive
368 2598 475 2670 variis
511 2599 627 2672 aausis
656 2596 845 2682 morbosis,
880 2593 958 2668 sive
992 2592 1145 2666 demum
1172 2595 1210 2667 vi

127 2705 339 2781 morborum
358 2710 606 2806 quorundam,
623 2708 922 2808 praecedentium,
940 2730 1037 2805 saepe
1048 2704 1211 2780 relaxan-

127 2825 191 2891 tur
207 2816 304 2893 ultra
319 2823 487 2910 modum,
505 2835 544 2897 et
560 2823 697 2898 debiles
714 2833 753 2896 et
769 2819 929 2894 flacddae
938 2818 1048 2907 fiunt,
1064 2820 1111 2893 ad
1123 2820 1212 2893 vitae

125 2952 282 3005 munera
306 2956 436 3031 parum
455 2936 637 3023 valentes3
663 2934 834 3010 remediis
851 2932 1072 3031 quibusdam
1103 2930 1211 3029 plane

126 3065 219 3140 opus
239 3053 305 3131 est,
331 3071 416 3147 quae
432 3048 542 3122 talem
573 3049 800 3125 debilitatem
828 3054 868 3120 et
896 3044 1086 3119 laxitatem
1104 3043 1212 3118 corri-

128 3169 228 3251 gant,
245 3166 441 3258 partesque
454 3173 593 3237 nostras
610 3161 741 3236 solidas
757 3159 805 3233 ad
821 3157 1010 3258 pristinam
1031 3167 1069 3230 et
1086 3179 1211 3237 sanam

131 3266 338 3342 firmitatem
366 3272 553 3349 reducant.
609 3271 844 3373 Hujusmodi
867 3267 1039 3356 remedia,
1064 3267 1211 3342 Astrin-

125 3380 252 3477 gentia
268 3381 370 3479 apud
386 3384 755 3460 medicos'vocantur.

175 3513 390 3570 mxxxvm.
421 3496 551 3571 Talem
581 3497 659 3571 vim
689 3507 810 3597 partes
841 3495 973 3570 solidas
997 3489 1211 3567 animalium

125 3625 320 3705 eor-porum
348 3608 538 3697 densandi,
563 3618 602 3683 et
630 3608 814 3696 firmandi,
848 3617 887 3682 et
921 3604 1127 3693 roborandi,
1156 3628 1213 3678 res

127 3717 302 3812 quasdam
332 3721 517 3818 possidere
533 3719 653 3795 multa
681 3720 827 3808 docent,
857 3729 896 3794 et
924 3719 1128 3819 prasertim
1160 3741 1218 3790 ars

129 3825 186 3901 illa
202 3834 414 3908 communis
431 3843 469 3906 et
485 3832 580 3908 bene
595 3843 684 3909 nota
701 3832 789 3907 corii
806 3832 940 3906 cortice
956 3854 1099 3930 querno
1119 3827 1213 3903 aliis-

128 3961 198 4036 que
214 3942 399 4020 similibus
429 3945 538 4021 rebus
566 3943 749 4046 depsendi
772 3953 810 4018 et
827 3943 1067 4043 praeparandi,
1096 3941 1215 4015 donee

130 4048 312 4153 insignem
331 4057 506 4133 duritiem
525 4069 563 4135 et
579 4058 796 4134 firmitatem
813 4058 989 4155 acquirat.

174 4187 358 4244 nxxxrx.
371 4170 557 4247 Plurimus
573 4191 725 4271 quoque
738 4193 795 4245 res
812 4167 926 4245 simili
937 4161 1214 4267 quodammodo

132 4274 167 4351 vi
182 4279 222 4357 in
250 4306 401 4384 corpore
417 4285 506 4372 vivo
520 4284 668 4388 pollere,
692 4292 732 4362 et
758 4282 853 4387 ratio
882 4280 1022 4380 docuit,
1048 4285 1086 4351 et
1103 4298 1215 4378 supea
