<?xml version="1.0" encoding="UTF-8"?>
<!DOCTYPE html PUBLIC "-//W3C//DTD XHTML 1.0 Transitional//EN"
    "http://www.w3.org/TR/xhtml1/DTD/xhtml1-transitional.dtd">
<html xmlns="http://www.w3.org/1999/xhtml" xml:lang="en" lang="en">
 <head>
  <title>
</title>
<meta http-equiv="Content-Type" content="text/html;charset=utf-8" />
  <meta name='ocr-system' content='tesseract 3.04.00' />
  <meta name='ocr-capabilities' content='ocr_page ocr_carea ocr_par ocr_line ocrx_word'/>
</head>
<body>
  <div class='ocr_page' id='page_1' title='image "./conspectusmedic01greggoog_0433.png"; bbox 0 0 2678 4794; ppageno 0'>
   <div class='ocr_carea' id='block_1_1' title="bbox 228 249 1311 322">
    <p class='ocr_par' dir='ltr' id='par_1_1' title="bbox 228 249 1311 322">
     <span class='ocr_line' id='line_1_1' title="bbox 228 249 1311 322; baseline -0.014 -2"><span class='ocrx_word' id='word_1_1' title='bbox 228 252 304 322; x_wconf 70' lang='lat'>³82</span> <span class='ocrx_word' id='word_1_2' title='bbox 641 250 893 313; x_wconf 80' lang='lat' dir='ltr'>cousrncrus</span> <span class='ocrx_word' id='word_1_3' title='bbox 1105 249 1311 306; x_wconf 48' lang='lat' dir='ltr'>caenare</span> 
     </span>
    </p>
   </div>
   <div class='ocr_carea' id='block_1_2' title="bbox 220 425 1310 1208">
    <p class='ocr_par' dir='ltr' id='par_1_2' title="bbox 227 425 1310 850">
     <span class='ocr_line' id='line_1_2' title="bbox 227 425 1310 537; baseline -0.013 -22"><span class='ocrx_word' id='word_1_4' title='bbox 227 439 378 514; x_wconf 73' lang='lat' dir='ltr'>fortasse</span> <span class='ocrx_word' id='word_1_5' title='bbox 393 437 553 537; x_wconf 90' lang='lat' dir='ltr'>quodam</span> <span class='ocrx_word' id='word_1_6' title='bbox 572 456 680 508; x_wconf 89' lang='lat' dir='ltr'>sensu</span> <span class='ocrx_word' id='word_1_7' title='bbox 695 456 783 506; x_wconf 85' lang='lat' dir='ltr'>vera</span> <span class='ocrx_word' id='word_1_8' title='bbox 798 439 838 504; x_wconf 86' lang='lat' dir='ltr'>et</span> <span class='ocrx_word' id='word_1_9' title='bbox 853 425 970 513; x_wconf 88' lang='lat' dir='ltr'>utilia,</span> <span class='ocrx_word' id='word_1_10' title='bbox 1000 425 1065 500; x_wconf 86' lang='lat' dir='ltr'>sed</span> <span class='ocrx_word' id='word_1_11' title='bbox 1082 448 1212 526; x_wconf 89' lang='lat' dir='ltr'>neque</span> <span class='ocrx_word' id='word_1_12' title='bbox 1227 430 1310 513; x_wconf 85' lang='lat' dir='ltr'>adeo</span> 
     </span>
     <span class='ocr_line' id='line_1_3' title="bbox 227 538 1307 652; baseline -0.008 -27"><span class='ocrx_word' id='word_1_13' title='bbox 227 550 412 652; x_wconf 87' lang='lat' dir='ltr'>generalia</span> <span class='ocrx_word' id='word_1_14' title='bbox 439 573 481 623; x_wconf 89' lang='lat' dir='ltr'>ac</span> <span class='ocrx_word' id='word_1_15' title='bbox 497 636 499 641; x_wconf 17' lang='grc' dir='ltr'>ι</span> <span class='ocrx_word' id='word_1_16' title='bbox 513 545 663 645; x_wconf 88' lang='lat' dir='ltr'>quidam</span> <span class='ocrx_word' id='word_1_17' title='bbox 698 544 766 618; x_wconf 92' lang='lat' dir='ltr'>sibi</span> <span class='ocrx_word' id='word_1_18' title='bbox 799 538 1031 642; x_wconf 82' lang='lat' dir='ltr'>persuadent,</span> <span class='ocrx_word' id='word_1_19' title='bbox 1063 561 1194 638; x_wconf 88' lang='lat' dir='ltr'>neque</span> <span class='ocrx_word' id='word_1_20' title='bbox 1226 543 1307 616; x_wconf 84' lang='lat' dir='ltr'>adeo</span> 
     </span>
     <span class='ocr_line' id='line_1_4' title="bbox 228 653 1306 754; baseline -0.009 -15"><span class='ocrx_word' id='word_1_21' title='bbox 228 677 329 738; x_wconf 83' lang='lat' dir='ltr'>certa</span> <span class='ocrx_word' id='word_1_22' title='bbox 355 672 392 736; x_wconf 88' lang='lat' dir='ltr'>et</span> <span class='ocrx_word' id='word_1_23' title='bbox 419 660 494 734; x_wconf 89' lang='lat' dir='ltr'>fixa</span> <span class='ocrx_word' id='word_1_24' title='bbox 519 670 563 733; x_wconf 90' lang='lat' dir='ltr'>ut</span> <span class='ocrx_word' id='word_1_25' title='bbox 591 658 819 732; x_wconf 63' lang='lat' dir='ltr'>aduersante⁴</span> <span class='ocrx_word' id='word_1_26' title='bbox 835 653 947 728; x_wconf 88' lang='lat' dir='ltr'>etiam</span> <span class='ocrx_word' id='word_1_27' title='bbox 981 653 1219 751; x_wconf 75' lang='lat' dir='ltr'>experientia</span> <span class='ocrx_word' id='word_1_28' title='bbox 1248 679 1306 754; x_wconf 90' lang='lat' dir='ltr'>pro</span> 
     </span>
     <span class='ocr_line' id='line_1_5' title="bbox 229 772 1037 850; baseline -0.017 1"><span class='ocrx_word' id='word_1_29' title='bbox 229 777 324 850; x_wconf 90' lang='lat' dir='ltr'>veris</span> <span class='ocrx_word' id='word_1_30' title='bbox 342 773 518 850; x_wconf 88' lang='lat' dir='ltr'>sumenda</span> <span class='ocrx_word' id='word_1_31' title='bbox 535 772 620 845; x_wconf 86' lang='lat' dir='ltr'>sint.</span> <span class='ocrx_word' id='word_1_32' title='bbox 1035 797 1037 800; x_wconf 46' lang='lat'><strong>&gt;</strong></span> 
     </span>
    </p>

    <p class='ocr_par' dir='ltr' id='par_1_3' title="bbox 220 877 1303 1208">
     <span class='ocr_line' id='line_1_6' title="bbox 270 877 1303 979; baseline -0.012 -17"><span class='ocrx_word' id='word_1_33' title='bbox 270 910 416 962; x_wconf 59' lang='lat' dir='ltr'>&#39;ucuxn</span> <span class='ocrx_word' id='word_1_34' title='bbox 444 885 607 959; x_wconf 88' lang='lat' dir='ltr'>Minime</span> <span class='ocrx_word' id='word_1_35' title='bbox 635 882 735 956; x_wconf 88' lang='lat' dir='ltr'>enim</span> <span class='ocrx_word' id='word_1_36' title='bbox 753 880 839 954; x_wconf 86' lang='lat' dir='ltr'>lieet</span> <span class='ocrx_word' id='word_1_37' title='bbox 856 878 1010 964; x_wconf 87' lang='lat' dir='ltr'>medico,</span> <span class='ocrx_word' id='word_1_38' title='bbox 1027 877 1154 953; x_wconf 90' lang='lat' dir='ltr'>autin</span> <span class='ocrx_word' id='word_1_39' title='bbox 1170 880 1303 979; x_wconf 82' lang='lat' dir='ltr'>experi-</span> 
     </span>
     <span class='ocr_line' id='line_1_7' title="bbox 226 990 1301 1080; baseline -0.005 -8"><span class='ocrx_word' id='word_1_40' title='bbox 226 1000 365 1072; x_wconf 82' lang='lat' dir='ltr'>entiam</span> <span class='ocrx_word' id='word_1_41' title='bbox 394 1007 461 1071; x_wconf 85' lang='lat' dir='ltr'>aut</span> <span class='ocrx_word' id='word_1_42' title='bbox 478 1019 603 1071; x_wconf 66' lang='lat' dir='ltr'>mam</span> <span class='ocrx_word' id='word_1_43' title='bbox 632 991 947 1068; x_wconf 80' lang='lat' dir='ltr'>ratiocinationem</span> <span class='ocrx_word' id='word_1_44' title='bbox 971 990 1219 1080; x_wconf 81' lang='lat' dir='ltr'>incumbenti,</span> <span class='ocrx_word' id='word_1_45' title='bbox 1244 992 1301 1068; x_wconf 91' lang='lat' dir='ltr'>bu·</span> 
     </span>
     <span class='ocr_line' id='line_1_8' title="bbox 220 1102 1300 1208; baseline -0.006 -23"><span class='ocrx_word' id='word_1_46' title='bbox 220 1109 386 1208; x_wconf 86' lang='lat' dir='ltr'>jusmodi</span> <span class='ocrx_word' id='word_1_47' title='bbox 403 1107 532 1195; x_wconf 86' lang='lat' dir='ltr'>effatis,</span> <span class='ocrx_word' id='word_1_48' title='bbox 549 1132 634 1206; x_wconf 88' lang='lat' dir='ltr'>quae</span> <span class='ocrx_word' id='word_1_49' title='bbox 651 1105 779 1179; x_wconf 91' lang='lat' dir='ltr'>multis</span> <span class='ocrx_word' id='word_1_50' title='bbox 796 1127 939 1201; x_wconf 84' lang='lat' dir='ltr'>semper</span> <span class='ocrx_word' id='word_1_51' title='bbox 956 1102 994 1176; x_wconf 93' lang='lat' dir='ltr'>in</span> <span class='ocrx_word' id='word_1_52' title='bbox 1012 1126 1076 1176; x_wconf 92' lang='lat' dir='ltr'>ore</span> <span class='ocrx_word' id='word_1_53' title='bbox 1093 1113 1197 1194; x_wconf 88' lang='lat' dir='ltr'>sunt,</span> <span class='ocrx_word' id='word_1_54' title='bbox 1212 1113 1249 1178; x_wconf 86' lang='lat' dir='ltr'>et</span> <span class='ocrx_word' id='word_1_55' title='bbox 1262 1103 1300 1178; x_wconf 88' lang='lat' dir='ltr'>ab</span> 
     </span>
    </p>
   </div>
   <div class='ocr_carea' id='block_1_3' title="bbox 156 1213 1298 2325">
    <p class='ocr_par' dir='ltr' id='par_1_4' title="bbox 156 1213 1298 2325">
     <span class='ocr_line' id='line_1_9' title="bbox 224 1213 1298 1320; baseline -0.003 -26"><span class='ocrx_word' id='word_1_56' title='bbox 224 1223 269 1295; x_wconf 90' lang='lat' dir='ltr'>iis</span> <span class='ocrx_word' id='word_1_57' title='bbox 286 1246 352 1320; x_wconf 86' lang='lat' dir='ltr'>pm</span> <span class='ocrx_word' id='word_1_58' title='bbox 367 1221 463 1296; x_wconf 86' lang='lat' dir='ltr'>veris</span> <span class='ocrx_word' id='word_1_59' title='bbox 480 1219 566 1293; x_wconf 84' lang='lat' dir='ltr'>fixis</span> <span class='ocrx_word' id='word_1_60' title='bbox 596 1231 634 1293; x_wconf 86' lang='lat' dir='ltr'>et</span> <span class='ocrx_word' id='word_1_61' title='bbox 650 1214 944 1291; x_wconf 87' lang='lat' dir='ltr'>immutabilibus</span> <span class='ocrx_word' id='word_1_62' title='bbox 968 1213 1167 1302; x_wconf 87' lang='lat' dir='ltr'>habentur,</span> <span class='ocrx_word' id='word_1_63' title='bbox 1195 1225 1298 1291; x_wconf 84' lang='lat' dir='ltr'>semet</span> 
     </span>
     <span class='ocr_line' id='line_1_10' title="bbox 156 1327 1296 1432; baseline -0.005 -25"><span class='ocrx_word' id='word_1_64' title='bbox 156 1357 172 1367; x_wconf 93' lang='grc'>··</span> <span class='ocrx_word' id='word_1_65' title='bbox 222 1333 427 1432; x_wconf 83' lang='lat' dir='ltr'>impedire:</span> <span class='ocrx_word' id='word_1_66' title='bbox 453 1331 664 1407; x_wconf 90' lang='lat' dir='ltr'>“Eandem</span> <span class='ocrx_word' id='word_1_67' title='bbox 691 1353 839 1404; x_wconf 83' lang='lat' dir='ltr'>eausam</span> <span class='ocrx_word' id='word_1_68' title='bbox 855 1327 1015 1403; x_wconf 88' lang='lat' dir='ltr'>eundem</span> <span class='ocrx_word' id='word_1_69' title='bbox 1042 1350 1194 1427; x_wconf 80' lang='lat' dir='ltr'>semper</span> <span class='ocrx_word' id='word_1_70' title='bbox 1218 1353 1296 1429; x_wconf 68' lang='lat' dir='ltr'>pm</span> 
     </span>
     <span class='ocr_line' id='line_1_11' title="bbox 223 1437 1296 1531; baseline -0.004 -13"><span class='ocrx_word' id='word_1_71' title='bbox 223 1454 247 1488; x_wconf 72' lang='lat'>‘⁶</span> <span class='ocrx_word' id='word_1_72' title='bbox 264 1456 360 1520; x_wconf 87' lang='lat' dir='ltr'>stare</span> <span class='ocrx_word' id='word_1_73' title='bbox 386 1444 561 1520; x_wconf 83' lang='lat' dir='ltr'>effectum</span> <span class='ocrx_word' id='word_1_74' title='bbox 575 1451 607 1531; x_wconf 85' lang='lat'>;¹’</span> <span class='ocrx_word' id='word_1_75' title='bbox 640 1441 827 1517; x_wconf 87' lang='lat' dir='ltr'>“eosdem</span> <span class='ocrx_word' id='word_1_76' title='bbox 844 1439 904 1514; x_wconf 89' lang='lat' dir='ltr'>vel</span> <span class='ocrx_word' id='word_1_77' title='bbox 921 1437 1058 1515; x_wconf 87' lang='lat' dir='ltr'>similes</span> <span class='ocrx_word' id='word_1_78' title='bbox 1073 1439 1240 1530; x_wconf 77' lang='lat' dir='ltr'>effeetus,</span> <span class='ocrx_word' id='word_1_79' title='bbox 1258 1441 1296 1514; x_wconf 87' lang='lat' dir='ltr'>ab</span> 
     </span>
     <span class='ocr_line' id='line_1_12' title="bbox 223 1553 1294 1654; baseline -0.005 -24"><span class='ocrx_word' id='word_1_80' title='bbox 223 1556 395 1632; x_wconf 89' lang='lat' dir='ltr'>“iisdem</span> <span class='ocrx_word' id='word_1_81' title='bbox 411 1557 471 1631; x_wconf 88' lang='lat' dir='ltr'>vel</span> <span class='ocrx_word' id='word_1_82' title='bbox 500 1556 680 1631; x_wconf 86' lang='lat' dir='ltr'>similibus</span> <span class='ocrx_word' id='word_1_83' title='bbox 705 1555 823 1631; x_wconf 82' lang='lat' dir='ltr'>causis</span> <span class='ocrx_word' id='word_1_84' title='bbox 846 1575 990 1652; x_wconf 86' lang='lat' dir='ltr'>semper</span> <span class='ocrx_word' id='word_1_85' title='bbox 1013 1553 1102 1627; x_wconf 91' lang='lat' dir='ltr'>oriri</span> <span class='ocrx_word' id='word_1_86' title='bbox 1113 1559 1143 1639; x_wconf 88' lang='lat'>;”</span> <span class='ocrx_word' id='word_1_87' title='bbox 1169 1564 1192 1599; x_wconf 89' lang='lat'>“</span> <span class='ocrx_word' id='word_1_88' title='bbox 1210 1577 1294 1654; x_wconf 82' lang='lat' dir='ltr'>mag·</span> 
     </span>
     <span class='ocr_line' id='line_1_13' title="bbox 224 1668 1293 1766; baseline -0.005 -24"><span class='ocrx_word' id='word_1_89' title='bbox 224 1680 245 1711; x_wconf 77' lang='lat'>‘⁶</span> <span class='ocrx_word' id='word_1_90' title='bbox 262 1670 471 1745; x_wconf 88' lang='lat' dir='ltr'>nitudinem</span> <span class='ocrx_word' id='word_1_91' title='bbox 499 1668 652 1744; x_wconf 86' lang='lat' dir='ltr'>effectus</span> <span class='ocrx_word' id='word_1_92' title='bbox 679 1690 824 1764; x_wconf 88' lang='lat' dir='ltr'>semper</span> <span class='ocrx_word' id='word_1_93' title='bbox 849 1689 917 1763; x_wconf 93' lang='lat' dir='ltr'>pro</span> <span class='ocrx_word' id='word_1_94' title='bbox 945 1672 1024 1739; x_wconf 85' lang='lat' dir='ltr'>rata</span> <span class='ocrx_word' id='word_1_95' title='bbox 1038 1676 1147 1763; x_wconf 82' lang='lat' dir='ltr'>parte</span> <span class='ocrx_word' id='word_1_96' title='bbox 1162 1689 1293 1766; x_wconf 86' lang='lat' dir='ltr'>respon·</span> 
     </span>
     <span class='ocr_line' id='line_1_14' title="bbox 222 1775 1294 1879; baseline -0.004 -22"><span class='ocrx_word' id='word_1_97' title='bbox 222 1793 245 1824; x_wconf 91' lang='lat'>“</span> <span class='ocrx_word' id='word_1_98' title='bbox 263 1782 349 1856; x_wconf 88' lang='lat' dir='ltr'>dere</span> <span class='ocrx_word' id='word_1_99' title='bbox 365 1780 614 1879; x_wconf 84' lang='lat' dir='ltr'>magnitudini</span> <span class='ocrx_word' id='word_1_100' title='bbox 631 1783 778 1864; x_wconf 83' lang='lat' dir='ltr'>eausae,”</span> <span class='ocrx_word' id='word_1_101' title='bbox 794 1779 858 1850; x_wconf 75' lang='lat' dir='ltr'>&amp;e</span> <span class='ocrx_word' id='word_1_102' title='bbox 908 1776 973 1850; x_wconf 86' lang='lat' dir='ltr'>Ex</span> <span class='ocrx_word' id='word_1_103' title='bbox 985 1775 1043 1850; x_wconf 91' lang='lat' dir='ltr'>his</span> <span class='ocrx_word' id='word_1_104' title='bbox 1059 1777 1163 1852; x_wconf 90' lang='lat' dir='ltr'>enim</span> <span class='ocrx_word' id='word_1_105' title='bbox 1179 1777 1294 1865; x_wconf 83' lang='lat' dir='ltr'>effatis,</span> 
     </span>
     <span class='ocr_line' id='line_1_15' title="bbox 221 1887 1293 1991; baseline -0.006 -23"><span class='ocrx_word' id='word_1_106' title='bbox 221 1895 421 1991; x_wconf 86' lang='lat' dir='ltr'>posteriora</span> <span class='ocrx_word' id='word_1_107' title='bbox 437 1893 513 1966; x_wconf 90' lang='lat' dir='ltr'>duo</span> <span class='ocrx_word' id='word_1_108' title='bbox 530 1888 823 1964; x_wconf 83' lang='lat' dir='ltr'>manifestissime</span> <span class='ocrx_word' id='word_1_109' title='bbox 838 1887 926 1961; x_wconf 90' lang='lat' dir='ltr'>falsa</span> <span class='ocrx_word' id='word_1_110' title='bbox 941 1896 980 1962; x_wconf 88' lang='lat' dir='ltr'>et</span> <span class='ocrx_word' id='word_1_111' title='bbox 1003 1887 1129 1963; x_wconf 85' lang='lat' dir='ltr'>futilia</span> <span class='ocrx_word' id='word_1_112' title='bbox 1145 1902 1243 1979; x_wconf 85' lang='lat' dir='ltr'>sunt,</span> <span class='ocrx_word' id='word_1_113' title='bbox 1263 1898 1293 1963; x_wconf 85' lang='lat' dir='ltr'>et</span> 
     </span>
     <span class='ocr_line' id='line_1_16' title="bbox 220 2000 1293 2100; baseline 0.004 -24"><span class='ocrx_word' id='word_1_114' title='bbox 220 2005 384 2099; x_wconf 90' lang='lat' dir='ltr'>primum</span> <span class='ocrx_word' id='word_1_115' title='bbox 403 2002 494 2076; x_wconf 91' lang='lat' dir='ltr'>adeo</span> <span class='ocrx_word' id='word_1_116' title='bbox 522 2027 662 2100; x_wconf 83' lang='lat' dir='ltr'>vagum</span> <span class='ocrx_word' id='word_1_117' title='bbox 693 2013 732 2075; x_wconf 88' lang='lat' dir='ltr'>et</span> <span class='ocrx_word' id='word_1_118' title='bbox 747 2000 929 2099; x_wconf 84' lang='lat' dir='ltr'>generale,</span> <span class='ocrx_word' id='word_1_119' title='bbox 957 2009 1003 2076; x_wconf 91' lang='lat' dir='ltr'>ut</span> <span class='ocrx_word' id='word_1_120' title='bbox 1030 2005 1206 2100; x_wconf 83' lang='lat' dir='ltr'>quamvis</span> <span class='ocrx_word' id='word_1_121' title='bbox 1221 2025 1293 2079; x_wconf 86' lang='lat' dir='ltr'>sano</span> 
     </span>
     <span class='ocr_line' id='line_1_17' title="bbox 219 2113 1290 2215; baseline 0.001 -29"><span class='ocrx_word' id='word_1_122' title='bbox 219 2137 327 2188; x_wconf 88' lang='lat' dir='ltr'>sensu</span> <span class='ocrx_word' id='word_1_123' title='bbox 344 2116 577 2189; x_wconf 83' lang='lat' dir='ltr'>verissimum</span> <span class='ocrx_word' id='word_1_124' title='bbox 606 2116 664 2202; x_wconf 88' lang='lat' dir='ltr'>sit,</span> <span class='ocrx_word' id='word_1_125' title='bbox 694 2123 818 2203; x_wconf 79' lang='lat' dir='ltr'>tamen</span> <span class='ocrx_word' id='word_1_126' title='bbox 847 2122 988 2187; x_wconf 82' lang='lat' dir='ltr'>temere</span> <span class='ocrx_word' id='word_1_127' title='bbox 1025 2129 1223 2215; x_wconf 83' lang='lat' dir='ltr'>reoeptum</span> <span class='ocrx_word' id='word_1_128' title='bbox 1254 2113 1290 2189; x_wconf 90' lang='lat' dir='ltr'>ad</span> 
     </span>
     <span class='ocr_line' id='line_1_18' title="bbox 219 2224 1291 2325; baseline 0.001 -27"><span class='ocrx_word' id='word_1_129' title='bbox 219 2227 451 2325; x_wconf 84' lang='lat' dir='ltr'>gravissimos</span> <span class='ocrx_word' id='word_1_130' title='bbox 476 2251 613 2301; x_wconf 90' lang='lat' dir='ltr'>errores</span> <span class='ocrx_word' id='word_1_131' title='bbox 629 2226 816 2325; x_wconf 85' lang='lat' dir='ltr'>perducat.</span> <span class='ocrx_word' id='word_1_132' title='bbox 867 2224 956 2301; x_wconf 89' lang='lat' dir='ltr'>Non</span> <span class='ocrx_word' id='word_1_133' title='bbox 981 2227 1083 2300; x_wconf 89' lang='lat' dir='ltr'>enim</span> <span class='ocrx_word' id='word_1_134' title='bbox 1101 2252 1233 2305; x_wconf 89' lang='lat' dir='ltr'>verum</span> <span class='ocrx_word' id='word_1_135' title='bbox 1247 2235 1291 2302; x_wconf 89' lang='lat' dir='ltr'>est</span> 
     </span>
    </p>
   </div>
   <div class='ocr_carea' id='block_1_4' title="bbox 77 2337 1290 2438">
    <p class='ocr_par' dir='ltr' id='par_1_5' title="bbox 77 2337 1290 2438">
     <span class='ocr_line' id='line_1_19' title="bbox 77 2337 1290 2438; baseline 0.006 -30"><span class='ocrx_word' id='word_1_136' title='bbox 77 2400 81 2408; x_wconf 93' lang='lat'>.</span> <span class='ocrx_word' id='word_1_137' title='bbox 218 2338 375 2413; x_wconf 90' lang='lat' dir='ltr'>eandem</span> <span class='ocrx_word' id='word_1_138' title='bbox 399 2363 544 2413; x_wconf 86' lang='lat' dir='ltr'>causam</span> <span class='ocrx_word' id='word_1_139' title='bbox 574 2338 735 2413; x_wconf 90' lang='lat' dir='ltr'>eundem</span> <span class='ocrx_word' id='word_1_140' title='bbox 769 2361 911 2438; x_wconf 89' lang='lat' dir='ltr'>semper</span> <span class='ocrx_word' id='word_1_141' title='bbox 943 2337 1077 2413; x_wconf 88' lang='lat' dir='ltr'>babere</span> <span class='ocrx_word' id='word_1_142' title='bbox 1111 2340 1290 2423; x_wconf 78' lang='lat' dir='ltr'>effectum:</span> 
     </span>
    </p>
   </div>
   <div class='ocr_carea' id='block_1_5' title="bbox 203 2450 1290 4341">
    <p class='ocr_par' dir='ltr' id='par_1_6' title="bbox 203 2450 1290 4341">
     <span class='ocr_line' id='line_1_20' title="bbox 219 2450 1290 2551; baseline 0.004 -28"><span class='ocrx_word' id='word_1_143' title='bbox 219 2473 303 2525; x_wconf 91' lang='lat' dir='ltr'>nam</span> <span class='ocrx_word' id='word_1_144' title='bbox 322 2452 382 2526; x_wconf 88' lang='lat' dir='ltr'>hic</span> <span class='ocrx_word' id='word_1_145' title='bbox 398 2451 562 2526; x_wconf 88' lang='lat' dir='ltr'>multum</span> <span class='ocrx_word' id='word_1_146' title='bbox 580 2450 718 2551; x_wconf 91' lang='lat' dir='ltr'>pendet</span> <span class='ocrx_word' id='word_1_147' title='bbox 746 2476 769 2524; x_wconf 89' lang='lat' dir='ltr'>a</span> <span class='ocrx_word' id='word_1_148' title='bbox 784 2450 995 2526; x_wconf 84' lang='lat' dir='ltr'>conditione</span> <span class='ocrx_word' id='word_1_149' title='bbox 1010 2451 1064 2526; x_wconf 88' lang='lat' dir='ltr'>rei</span> <span class='ocrx_word' id='word_1_150' title='bbox 1090 2476 1178 2551; x_wconf 85' lang='lat' dir='ltr'>quae</span> <span class='ocrx_word' id='word_1_151' title='bbox 1199 2476 1290 2531; x_wconf 82' lang='lat' dir='ltr'>eausa</span> 
     </span>
     <span class='ocr_line' id='line_1_21' title="bbox 219 2563 1290 2667; baseline 0.002 -29"><span class='ocrx_word' id='word_1_152' title='bbox 219 2565 351 2662; x_wconf 90' lang='lat' dir='ltr'>quavis</span> <span class='ocrx_word' id='word_1_153' title='bbox 362 2564 458 2640; x_wconf 83' lang='lat' dir='ltr'>affici</span> <span class='ocrx_word' id='word_1_154' title='bbox 472 2565 592 2652; x_wconf 86' lang='lat' dir='ltr'>debet,</span> <span class='ocrx_word' id='word_1_155' title='bbox 612 2575 650 2638; x_wconf 89' lang='lat' dir='ltr'>et</span> <span class='ocrx_word' id='word_1_156' title='bbox 662 2564 774 2638; x_wconf 90' lang='lat' dir='ltr'>etiam</span> <span class='ocrx_word' id='word_1_157' title='bbox 787 2563 987 2639; x_wconf 87' lang='lat' dir='ltr'>multarum</span> <span class='ocrx_word' id='word_1_158' title='bbox 1000 2588 1127 2642; x_wconf 89' lang='lat' dir='ltr'>rerum</span> <span class='ocrx_word' id='word_1_159' title='bbox 1141 2567 1290 2667; x_wconf 83' lang='lat' dir='ltr'>quoepri·</span> 
     </span>
     <span class='ocr_line' id='line_1_22' title="bbox 218 2675 1289 2776; baseline 0.004 -28"><span class='ocrx_word' id='word_1_160' title='bbox 218 2699 283 2750; x_wconf 93' lang='lat' dir='ltr'>mo</span> <span class='ocrx_word' id='word_1_161' title='bbox 292 2687 441 2776; x_wconf 87' lang='lat' dir='ltr'>aspectu</span> <span class='ocrx_word' id='word_1_162' title='bbox 455 2675 548 2751; x_wconf 90' lang='lat' dir='ltr'>nihil</span> <span class='ocrx_word' id='word_1_163' title='bbox 561 2675 635 2750; x_wconf 84' lang='lat' dir='ltr'>fere</span> <span class='ocrx_word' id='word_1_164' title='bbox 647 2676 694 2750; x_wconf 88' lang='lat' dir='ltr'>ad</span> <span class='ocrx_word' id='word_1_165' title='bbox 705 2675 1130 2754; x_wconf 84' lang='lat' dir='ltr'>effeetummanisestum</span> <span class='ocrx_word' id='word_1_166' title='bbox 1143 2680 1289 2755; x_wconf 86' lang='lat' dir='ltr'>eonferre</span> 
     </span>
     <span class='ocr_line' id='line_1_23' title="bbox 219 2786 1289 2890; baseline 0.01 -31"><span class='ocrx_word' id='word_1_167' title='bbox 219 2786 306 2860; x_wconf 88' lang='lat' dir='ltr'>visae</span> <span class='ocrx_word' id='word_1_168' title='bbox 343 2799 472 2862; x_wconf 89' lang='lat' dir='ltr'>essent.</span> <span class='ocrx_word' id='word_1_169' title='bbox 548 2788 631 2863; x_wconf 90' lang='lat' dir='ltr'>Has</span> <span class='ocrx_word' id='word_1_170' title='bbox 655 2812 744 2862; x_wconf 89' lang='lat' dir='ltr'>vero</span> <span class='ocrx_word' id='word_1_171' title='bbox 781 2788 897 2864; x_wconf 88' lang='lat' dir='ltr'>varias</span> <span class='ocrx_word' id='word_1_172' title='bbox 933 2789 1172 2880; x_wconf 85' lang='lat' dir='ltr'>conditiones,</span> <span class='ocrx_word' id='word_1_173' title='bbox 1207 2812 1289 2890; x_wconf 78' lang='lat' dir='ltr'>saepe</span> 
     </span>
     <span class='ocr_line' id='line_1_24' title="bbox 217 2899 1288 3003; baseline 0.007 -34"><span class='ocrx_word' id='word_1_174' title='bbox 217 2919 339 2994; x_wconf 89' lang='lat' dir='ltr'>neque</span> <span class='ocrx_word' id='word_1_175' title='bbox 356 2900 571 3000; x_wconf 83' lang='lat' dir='ltr'>mtelligere,</span> <span class='ocrx_word' id='word_1_176' title='bbox 596 2923 718 2998; x_wconf 90' lang='lat' dir='ltr'>neque</span> <span class='ocrx_word' id='word_1_177' title='bbox 733 2899 945 2999; x_wconf 87' lang='lat' dir='ltr'>praevidere,</span> <span class='ocrx_word' id='word_1_178' title='bbox 965 2925 1090 3001; x_wconf 89' lang='lat' dir='ltr'>neque</span> <span class='ocrx_word' id='word_1_179' title='bbox 1104 2913 1288 3003; x_wconf 80' lang='lat' dir='ltr'>praesentes</span> 
     </span>
     <span class='ocr_line' id='line_1_25' title="bbox 216 3008 1285 3114; baseline 0.009 -35"><span class='ocrx_word' id='word_1_180' title='bbox 216 3008 317 3094; x_wconf 87' lang='lat' dir='ltr'>seire,</span> <span class='ocrx_word' id='word_1_181' title='bbox 342 3033 547 3107; x_wconf 87' lang='lat' dir='ltr'>possumus.</span> <span class='ocrx_word' id='word_1_182' title='bbox 613 3010 822 3087; x_wconf 87' lang='lat' dir='ltr'>Verisimile</span> <span class='ocrx_word' id='word_1_183' title='bbox 846 3023 903 3088; x_wconf 90' lang='lat' dir='ltr'>est</span> <span class='ocrx_word' id='word_1_184' title='bbox 927 3014 1128 3114; x_wconf 86' lang='lat' dir='ltr'>(siquidem</span> <span class='ocrx_word' id='word_1_185' title='bbox 1151 3025 1285 3090; x_wconf 84' lang='lat' dir='ltr'>eertum</span> 
     </span>
     <span class='ocr_line' id='line_1_26' title="bbox 216 3119 1284 3229; baseline 0.007 -37"><span class='ocrx_word' id='word_1_186' title='bbox 216 3119 289 3193; x_wconf 86' lang='lat' dir='ltr'>diei</span> <span class='ocrx_word' id='word_1_187' title='bbox 305 3123 463 3218; x_wconf 85' lang='lat' dir='ltr'>nequit),</span> <span class='ocrx_word' id='word_1_188' title='bbox 492 3131 531 3196; x_wconf 90' lang='lat' dir='ltr'>et</span> <span class='ocrx_word' id='word_1_189' title='bbox 547 3123 668 3195; x_wconf 92' lang='lat' dir='ltr'>omnis</span> <span class='ocrx_word' id='word_1_190' title='bbox 684 3123 846 3199; x_wconf 69' lang='lat' dir='ltr'>scientiae</span> <span class='ocrx_word' id='word_1_191' title='bbox 862 3135 1005 3202; x_wconf 84' lang='lat' dir='ltr'>naturae</span> <span class='ocrx_word' id='word_1_192' title='bbox 1020 3128 1241 3229; x_wconf 85' lang='lat' dir='ltr'>principium</span> <span class='ocrx_word' id='word_1_193' title='bbox 1256 3135 1284 3201; x_wconf 88' lang='lat' dir='ltr'>et</span> 
     </span>
     <span class='ocr_line' id='line_1_27' title="bbox 213 3231 1283 3320; baseline 0.009 -13"><span class='ocrx_word' id='word_1_194' title='bbox 213 3231 513 3320; x_wconf 86' lang='lat' dir='ltr'>fundamentum,</span> <span class='ocrx_word' id='word_1_195' title='bbox 538 3234 692 3308; x_wconf 82' lang='lat' dir='ltr'>Naturae</span> <span class='ocrx_word' id='word_1_196' title='bbox 708 3259 857 3313; x_wconf 85' lang='lat' dir='ltr'>cursum</span> <span class='ocrx_word' id='word_1_197' title='bbox 874 3256 914 3312; x_wconf 90' lang='lat' dir='ltr'>et</span> <span class='ocrx_word' id='word_1_198' title='bbox 937 3238 1109 3314; x_wconf 89' lang='lat' dir='ltr'>ordinem</span> <span class='ocrx_word' id='word_1_199' title='bbox 1133 3251 1283 3316; x_wconf 86' lang='lat' dir='ltr'>constan·</span> 
     </span>
     <span class='ocr_line' id='line_1_28' title="bbox 215 3344 1281 3451; baseline 0.008 -32"><span class='ocrx_word' id='word_1_200' title='bbox 215 3357 292 3420; x_wconf 86' lang='lat' dir='ltr'>tem</span> <span class='ocrx_word' id='word_1_201' title='bbox 318 3356 356 3421; x_wconf 89' lang='lat' dir='ltr'>et</span> <span class='ocrx_word' id='word_1_202' title='bbox 380 3344 650 3421; x_wconf 86' lang='lat' dir='ltr'>immutabilem</span> <span class='ocrx_word' id='word_1_203' title='bbox 668 3371 755 3436; x_wconf 88' lang='lat' dir='ltr'>esse,</span> <span class='ocrx_word' id='word_1_204' title='bbox 771 3350 1003 3449; x_wconf 86' lang='lat' dir='ltr'>eandemque</span> <span class='ocrx_word' id='word_1_205' title='bbox 1018 3352 1139 3451; x_wconf 82' lang='lat' dir='ltr'>igitur</span> <span class='ocrx_word' id='word_1_206' title='bbox 1153 3373 1281 3429; x_wconf 85' lang='lat' dir='ltr'>eausam</span> 
     </span>
     <span class='ocr_line' id='line_1_29' title="bbox 213 3460 1281 3563; baseline 0.006 -33"><span class='ocrx_word' id='word_1_207' title='bbox 213 3460 375 3532; x_wconf 89' lang='lat' dir='ltr'>eundem</span> <span class='ocrx_word' id='word_1_208' title='bbox 391 3481 536 3557; x_wconf 88' lang='lat' dir='ltr'>semper</span> <span class='ocrx_word' id='word_1_209' title='bbox 551 3469 721 3556; x_wconf 76' lang='lat' dir='ltr'>praestare</span> <span class='ocrx_word' id='word_1_210' title='bbox 736 3460 923 3549; x_wconf 86' lang='lat' dir='ltr'>effectum,</span> <span class='ocrx_word' id='word_1_211' title='bbox 941 3462 1151 3541; x_wconf 91' lang='lat' dir='ltr'>dummodo</span> <span class='ocrx_word' id='word_1_212' title='bbox 1167 3475 1205 3540; x_wconf 86' lang='lat' dir='ltr'>et</span> <span class='ocrx_word' id='word_1_213' title='bbox 1218 3466 1281 3563; x_wconf 82' lang='lat' dir='ltr'>ipsa</span> 
     </span>
     <span class='ocr_line' id='line_1_30' title="bbox 212 3569 1281 3671; baseline 0.005 -29"><span class='ocrx_word' id='word_1_214' title='bbox 212 3593 357 3665; x_wconf 90' lang='lat' dir='ltr'>prorsus</span> <span class='ocrx_word' id='word_1_215' title='bbox 382 3571 509 3645; x_wconf 87' lang='lat' dir='ltr'>eadem</span> <span class='ocrx_word' id='word_1_216' title='bbox 535 3572 593 3657; x_wconf 88' lang='lat' dir='ltr'>sit,</span> <span class='ocrx_word' id='word_1_217' title='bbox 626 3569 780 3671; x_wconf 80' lang='lat' dir='ltr'>aliaeque</span> <span class='ocrx_word' id='word_1_218' title='bbox 804 3598 860 3648; x_wconf 88' lang='lat' dir='ltr'>res</span> <span class='ocrx_word' id='word_1_219' title='bbox 886 3573 1056 3649; x_wconf 85' lang='lat' dir='ltr'>similiter</span> <span class='ocrx_word' id='word_1_220' title='bbox 1079 3577 1232 3651; x_wconf 90' lang='lat' dir='ltr'>omnino</span> <span class='ocrx_word' id='word_1_221' title='bbox 1254 3593 1281 3647; x_wconf 82' lang='lat' dir='ltr'>se</span> 
     </span>
     <span class='ocr_line' id='line_1_31' title="bbox 211 3678 1281 3786; baseline 0.005 -35"><span class='ocrx_word' id='word_1_222' title='bbox 211 3678 387 3767; x_wconf 88' lang='lat' dir='ltr'>habeant;</span> <span class='ocrx_word' id='word_1_223' title='bbox 418 3683 474 3755; x_wconf 90' lang='lat' dir='ltr'>sin</span> <span class='ocrx_word' id='word_1_224' title='bbox 500 3685 634 3770; x_wconf 85' lang='lat' dir='ltr'>minus,</span> <span class='ocrx_word' id='word_1_225' title='bbox 672 3695 710 3758; x_wconf 91' lang='lat' dir='ltr'>et</span> <span class='ocrx_word' id='word_1_226' title='bbox 747 3686 787 3758; x_wconf 93' lang='lat' dir='ltr'>in</span> <span class='ocrx_word' id='word_1_227' title='bbox 812 3685 995 3761; x_wconf 88' lang='lat' dir='ltr'>medicina</span> <span class='ocrx_word' id='word_1_228' title='bbox 1031 3688 1171 3786; x_wconf 83' lang='lat' dir='ltr'>pariter</span> <span class='ocrx_word' id='word_1_229' title='bbox 1194 3700 1231 3762; x_wconf 90' lang='lat' dir='ltr'>et</span> <span class='ocrx_word' id='word_1_230' title='bbox 1253 3689 1281 3760; x_wconf 91' lang='lat' dir='ltr'>iu</span> 
     </span>
     <span class='ocr_line' id='line_1_32' title="bbox 209 3791 1282 3897; baseline 0.007 -32"><span class='ocrx_word' id='word_1_231' title='bbox 209 3791 380 3865; x_wconf 89' lang='lat' dir='ltr'>omnibus</span> <span class='ocrx_word' id='word_1_232' title='bbox 404 3792 485 3867; x_wconf 89' lang='lat' dir='ltr'>aliis</span> <span class='ocrx_word' id='word_1_233' title='bbox 512 3796 630 3882; x_wconf 87' lang='lat' dir='ltr'>rebus,</span> <span class='ocrx_word' id='word_1_234' title='bbox 655 3796 893 3872; x_wconf 89' lang='lat' dir='ltr'>diversissimi</span> <span class='ocrx_word' id='word_1_235' title='bbox 917 3796 1119 3897; x_wconf 89' lang='lat' dir='ltr'>aliquando</span> <span class='ocrx_word' id='word_1_236' title='bbox 1143 3799 1282 3875; x_wconf 82' lang='lat' dir='ltr'>effectus</span> 
     </span>
     <span class='ocr_line' id='line_1_33' title="bbox 207 3903 1284 4011; baseline 0.006 -33"><span class='ocrx_word' id='word_1_237' title='bbox 207 3906 254 3979; x_wconf 87' lang='lat' dir='ltr'>ab</span> <span class='ocrx_word' id='word_1_238' title='bbox 278 3903 406 3977; x_wconf 88' lang='lat' dir='ltr'>eadem</span> <span class='ocrx_word' id='word_1_239' title='bbox 432 3907 624 3981; x_wconf 87' lang='lat' dir='ltr'>manifesta</span> <span class='ocrx_word' id='word_1_240' title='bbox 647 3931 763 3982; x_wconf 44' lang='lat' dir='ltr'>eausaw</span> <span class='ocrx_word' id='word_1_241' title='bbox 778 3910 1040 3996; x_wconf 79' lang='lat' dir='ltr'>observantur3</span> <span class='ocrx_word' id='word_1_242' title='bbox 1083 3912 1188 4010; x_wconf 91' lang='lat' dir='ltr'>quod</span> <span class='ocrx_word' id='word_1_243' title='bbox 1213 3931 1284 4011; x_wconf 77' lang='lat' dir='ltr'>pro</span> 
     </span>
     <span class='ocr_line' id='line_1_34' title="bbox 205 4011 1287 4121; baseline 0.004 -28"><span class='ocrx_word' id='word_1_244' title='bbox 205 4019 302 4093; x_wconf 88' lang='lat' dir='ltr'>fecto</span> <span class='ocrx_word' id='word_1_245' title='bbox 327 4015 379 4089; x_wconf 92' lang='lat' dir='ltr'>uil</span> <span class='ocrx_word' id='word_1_246' title='bbox 404 4019 555 4106; x_wconf 86' lang='lat' dir='ltr'>mirum,</span> <span class='ocrx_word' id='word_1_247' title='bbox 578 4020 760 4095; x_wconf 83' lang='lat' dir='ltr'>eumlraec</span> <span class='ocrx_word' id='word_1_248' title='bbox 784 4045 857 4094; x_wconf 91' lang='lat' dir='ltr'>non</span> <span class='ocrx_word' id='word_1_249' title='bbox 884 4021 995 4121; x_wconf 92' lang='lat' dir='ltr'>plena</span> <span class='ocrx_word' id='word_1_250' title='bbox 1019 4023 1069 4096; x_wconf 88' lang='lat' dir='ltr'>sit</span> <span class='ocrx_word' id='word_1_251' title='bbox 1085 4047 1205 4111; x_wconf 82' lang='lat' dir='ltr'>eausa,</span> <span class='ocrx_word' id='word_1_252' title='bbox 1228 4011 1287 4097; x_wconf 71' lang='lat' dir='ltr'>sed</span> 
     </span>
     <span class='ocr_line' id='line_1_35' title="bbox 204 4133 1286 4235; baseline -0.002 -31"><span class='ocrx_word' id='word_1_253' title='bbox 204 4154 286 4231; x_wconf 92' lang='lat' dir='ltr'>pars</span> <span class='ocrx_word' id='word_1_254' title='bbox 323 4138 468 4203; x_wconf 91' lang='lat' dir='ltr'>tantum</span> <span class='ocrx_word' id='word_1_255' title='bbox 507 4154 635 4220; x_wconf 86' lang='lat' dir='ltr'>causae,</span> <span class='ocrx_word' id='word_1_256' title='bbox 671 4133 890 4207; x_wconf 88' lang='lat' dir='ltr'>mutationis</span> <span class='ocrx_word' id='word_1_257' title='bbox 925 4158 1013 4232; x_wconf 75' lang='lat' dir='ltr'>quae</span> <span class='ocrx_word' id='word_1_258' title='bbox 1041 4137 1286 4235; x_wconf 84' lang='lat' dir='ltr'>consequitur·</span> 
     </span>
     <span class='ocr_line' id='line_1_36' title="bbox 203 4239 1288 4341; baseline 0.003 -22"><span class='ocrx_word' id='word_1_259' title='bbox 203 4242 456 4319; x_wconf 86' lang='lat' dir='ltr'>Certissimuur</span> <span class='ocrx_word' id='word_1_260' title='bbox 475 4264 628 4341; x_wconf 87' lang='lat' dir='ltr'>quoque</span> <span class='ocrx_word' id='word_1_261' title='bbox 643 4255 709 4335; x_wconf 76' lang='lat' dir='ltr'>est,</span> <span class='ocrx_word' id='word_1_262' title='bbox 734 4246 883 4323; x_wconf 89' lang='lat' dir='ltr'>eosdem</span> <span class='ocrx_word' id='word_1_263' title='bbox 909 4247 969 4322; x_wconf 90' lang='lat' dir='ltr'>vel</span> <span class='ocrx_word' id='word_1_264' title='bbox 994 4247 1205 4325; x_wconf 90' lang='lat' dir='ltr'>simillimos</span> <span class='ocrx_word' id='word_1_265' title='bbox 1224 4239 1288 4322; x_wconf 61' lang='lat' dir='ltr'>sal‘</span> 
     </span>
    </p>
   </div>
   <div class='ocr_carea' id='block_1_6' title="bbox 0 0 1344 4794">
    <p class='ocr_par' dir='ltr' id='par_1_7' title="bbox 0 0 1344 4794">
     <span class='ocr_line' id='line_1_37' title="bbox 0 0 1344 4794; baseline 0 7"><span class='ocrx_word' id='word_1_266' title='bbox 0 0 1344 4794; x_wconf 95' lang='lat' dir='ltr'> </span> 
     </span>
    </p>
   </div>
  </div>
 </body>
</html>
