2678 4794
76 333 162 388 cnr.
180 331 255 385 xx
370 329 590 386 nrnnrerura
609 332 898 389 runonn‘rrca'.
1080 327 1150 395 221

75 511 167 585 tiam
184 510 338 582 istarum
348 508 569 582 varietatum
587 511 705 609 sagaci
722 520 760 584 et
777 510 900 584 solerti
918 512 1072 600 medico,
1089 517 1154 612 qui

77 622 136 695 vel
153 621 309 694 minima
324 643 399 692 non
417 624 604 719 spreverit,
629 621 729 696 haud
755 621 949 697 mediocris
965 624 1155 700 interdum

77 734 244 808 utilitatis
261 732 351 806 fore.
440 766 443 783 ·

119 868 349 921 nccxxxvr.
375 845 579 948 Postremo,
606 847 697 920 ratio
718 847 841 933 suasit,
867 857 906 922 et
930 848 1156 946 experientia

77 960 155 1032 satis
173 957 442 1056 comprobavit,
459 959 626 1057 plurimis
639 960 677 1031 in
692 959 828 1032 morbis
840 983 915 1033 non
932 958 1066 1033 inutile
1079 983 1155 1034 esse

79 1073 217 1145 urinam
235 1080 370 1169 praeter
386 1070 537 1145 solitum
565 1080 642 1144 arte
670 1095 837 1157 movere;
863 1071 968 1169 cujus
986 1072 1038 1145 rei
1062 1073 1156 1146 ratio

78 1208 139 1258 ruo
153 1184 237 1257 loco
253 1182 441 1256 reddenda
459 1192 524 1256 est.

121 1316 364 1370 necxxxvrr.
390 1295 512 1369 Urina
535 1315 630 1393 saepe
646 1294 890 1392 supprimitur
914 1318 1000 1369 cum
1017 1295 1155 1396 insigni

78 1406 287 1504 agrotantis
318 1407 565 1493 incommoda,
604 1416 643 1481 et
676 1430 762 1479 sane
786 1407 947 1480 instante
979 1408 1155 1507 periculo,

79 1518 148 1591 nisi
173 1518 273 1592 brevi
301 1519 470 1592 restituta
494 1519 605 1593 fuerit
635 1519 714 1618 ejus
730 1520 881 1593 secretio
898 1519 954 1593 νε]
969 1524 1154 1597 excretio.

79 1629 224 1704 Malum
241 1631 319 1717 hoc,
337 1630 398 1706 cui
414 1654 551 1704 nomen
564 1630 742 1706 Isclruria
759 1633 879 1720 datur,
897 1633 1062 1707 bifariam
1081 1628 1154 1722 alii,

76 1740 132 1816 alii
149 1742 420 1841 quadrifariam,
445 1742 673 1842 distinguere
701 1743 829 1818 solent.
880 1745 1020 1819 Parum
1043 1745 1154 1820 refert
1245 1830 1246 1833 Ἴ

75 1865 166 1952 quot
193 1855 315 1929 morbi
339 1856 475 1952 species
500 1859 785 1945 numeraverint,
821 1858 1027 1932 dummodo
1060 1857 1153 1932 bene

74 1978 306 2066 perspectum
333 1966 500 2054 habeant,
526 1968 724 2068 multiplex
750 1970 902 2057 malum,
927 1970 1073 2044 averiis
1098 1994 1152 2044 re-

74 2101 182 2168 num,
206 2087 408 2164 cretarum,
437 2080 574 2166 vesicae,
603 2081 781 2167 uretlrroe,
805 2084 1041 2181 partiumque
1065 2083 1152 2157 vici·
1224 2148 1228 2163 .

75 2214 202 2266 narum
221 2200 288 2265 aut
315 2192 603 2288 conspirantium
622 2193 732 2278 vitiis,
757 2193 945 2267 interdum
971 2195 1151 2293 originem

75 2303 216 2378 ducere.
268 2303 328 2376 Sic
345 2303 499 2376 initatio
515 2303 648 2402 aliqua,
674 2304 734 2378 vel
750 2305 964 2393 obstructio,
988 2306 1048 2379 vel
1064 2307 1151 2380 alte-

75 2417 156 2505 rius,
173 2416 236 2490 vel
253 2417 449 2513 utriusque
465 2417 572 2502 renis,
597 2415 658 2488 vel
682 2415 854 2503 arcteris,
879 2441 901 2488 a
924 2416 1073 2503 calculo,
1099 2442 1151 2490 sa-

74 2526 168 2616 bulo,
195 2552 319 2614 muco,
344 2529 532 2624 sanguine,
559 2525 859 2612 inflammatione,
877 2526 1151 2625 suppuratione,

74 2640 226 2727 achimo,
251 2664 407 2740 sparum
433 2640 597 2738 partium
613 2639 816 2712 vicinarum
839 2648 983 2712 tumore
1000 2647 1038 2711 et
1054 2661 1152 2724 com·

73 2754 266 2850 pressione,
291 2752 409 2826 veluti
439 2777 460 2826 a
487 2752 656 2825 distentis
674 2750 871 2825 visceribus
888 2760 926 2824 et
940 2760 1059 2843 utero,
1085 2761 1151 2840 aut

74 2863 150 2962 ipso
177 2864 387 2950 abdomine,
415 2891 435 2937 a
463 2865 570 2951 foetu,
596 2864 652 2937 vel
686 2874 852 2951 stercore,
881 2864 939 2938 vel
969 2871 1060 2951 aiire,
1090 2864 1150 2937 νε]

72 2999 190 3075 aqua3
229 2977 289 3050 vel
318 3002 393 3050 non
423 2978 551 3051 sinunt
580 2980 725 3052 urinam
752 2977 899 3062 secerni,
931 2977 988 3050 vel
1006 2977 1149 3076 parcius

69 3085 180 3184 justo,
206 3099 245 3163 et
269 3113 365 3187 saepe
382 3089 544 3163 multum
562 3100 768 3175 mutatam;
793 3089 854 3163 vel
870 3089 1032 3191 denique
1057 3090 1150 3186 ejus-

75 3199 161 3271 dem
172 3200 248 3297 jam
267 3211 415 3275 secretae
432 3203 502 3275 iter
517 3203 564 3275 ad
581 3205 739 3278 vesicam
756 3202 978 3300 impediunt.

122 3334 379 3387 nccxxxvnr.
406 3314 511 3401 Quin
528 3324 567 3389 et
583 3318 688 3388 urina
709 3317 747 3388 in
766 3315 921 3388 vesicam
935 3313 1014 3408 jam
1032 3312 1151 3385 delata

74 3421 122 3496 ibi
141 3423 240 3498 baud
260 3450 340 3498 raro
356 3426 576 3522 reprimitur,
601 3437 751 3524 propter
766 3426 865 3499 varia
894 3423 1004 3519 hujus
1022 3424 1163 3521 organi

74 3537 172 3624 vitia,
207 3538 449 3611 irritationem
485 3563 589 3637 saepe,
623 3539 684 3613 vel
715 3537 1056 3622 inflammationem,
1090 3534 1150 3607 vel

30 3646 33 3658 ’
74 3639 275 3746 spasmum,
294 3651 416 3724 veluti
433 3675 454 3723 a
469 3649 618 3737 calculo,
645 3659 711 3724 aut
739 3650 881 3724 acribus
897 3649 1058 3747 ingestis,
1084 3658 1150 3720 aut

76 3779 249 3836 consensu
268 3787 354 3836 cum
372 3764 536 3863 partibus
549 3764 698 3846 vicinis;
724 3759 782 3834 vel
797 3771 945 3860 propter
961 3760 1081 3833 laesam
1096 3759 1149 3856 ip·

78 3871 144 3949 sius
157 3876 290 3949 vesicae
305 3875 488 3962 fabricam,
506 3875 623 3949 veluti
640 3874 686 3947 ab
699 3872 825 3945 hemia
840 3883 907 3946 aut
923 3873 1149 3955 laceratione,
1206 3899 1217 3945 ·,

79 3986 129 4058 νε]
145 3999 298 4086 propter
321 3987 550 4061 debilitatem
577 3997 644 4061 aut
668 3984 851 4083 paralysin
869 3985 947 4080 ejus
963 3983 1150 4066 fibrarum,

79 4099 174 4172 utin
203 4098 361 4197 paralysi
386 4099 557 4197 generali,
581 4121 851 4195 nonnunquam
878 4120 965 4170 vero
989 4093 1150 4167 animia
1200 4086 1202 4090 ’

52 4202 305 4300 'intentione
348 4212 439 4288 citra
478 4212 570 4287 alius
612 4211 773 4312 cujusvis
815 4209 928 4306 partis
968 4203 1149 4304 paralysin
