2678 4794
131 387 214 445 aar.
229 384 287 444 rx.
410 384 628 446 nsmcrsa
646 386 934 447 amoenorum.
1161 386 1208 463 77

132 563 310 664 duplicem
336 560 507 661 ejusdem
525 565 587 652 rei,
613 564 718 663 cujus
743 589 853 665 super
874 577 1073 668 utramque
1089 571 1211 671 imago

132 677 270 776 depicta
285 674 415 762 fuerit,
434 675 555 751 visum
573 675 748 754 efficiunt.

172 810 376 864 ocxnvnr.
404 787 610 863 Varietates
635 790 816 888 quadam,
855 815 919 869 seu
948 794 1040 869 vitia
1065 796 1211 885 leviora,

129 899 233 999 hujus
259 923 402 987 sensus,
427 924 513 998 quae
528 901 605 977 vix·
618 903 785 978 morbosa
809 902 1000 993 habentur,
1026 931 1123 1007 saepe
1147 909 1211 982 ob·

129 1023 326 1089 amantur.
377 1010 541 1110 Myopes
556 1012 742 1101 dieunnu,
759 1017 826 1114 qui
843 1017 966 1093 visum
978 1019 1129 1094 brevem
1147 1019 1209 1095 ha·

129 1124 222 1212 bent,
247 1123 398 1209 scilieet,
424 1123 493 1221 qui
516 1122 569 1197 nil
597 1122 691 1199 clare
715 1136 753 1200 et
781 1139 948 1203 accurate
973 1131 1113 1219 vident,
1138 1133 1209 1206 nisi

129 1238 295 1333 proxime
318 1235 366 1311 ad
390 1233 542 1310 oculum
568 1234 819 1315 admoveatur.
882 1241 969 1316 Hoc
991 1243 1036 1317 fit
1059 1253 1209 1344 propter

131 1346 249 1422 radios
260 1346 354 1421 lueis
376 1345 488 1421 nimis
504 1346 686 1435 refractus,
712 1351 751 1423 in
755 1349 887 1450 sotum
903 1353 1013 1428 nimis
1042 1356 1116 1430 cito
1137 1356 1208 1432 ool-

133 1456 256 1545 leetos,
280 1467 319 1534 et
339 1458 474 1536 iterum
498 1482 519 1532 a
530 1457 623 1559 soro
648 1460 888 1550 dimanantes,
918 1465 1133 1564 priusquam
1160 1470 1208 1545 ad

132 1571 288 1646 retinam
311 1573 550 1671 perveniant;
580 1597 657 1671 quo
680 1574 726 1648 fit
751 1585 794 1651 ut
819 1575 1070 1653 indistinctam
1097 1603 1207 1678 super

129 1705 204 1759 eam
229 1685 433 1782 imaginem
459 1684 671 1785 depingant.
736 1687 857 1762 Causa
882 1687 993 1785 hujus
1017 1690 1102 1765 vitii
1137 1691 1206 1763 fre-

128 1796 367 1895 quentissima
382 1807 450 1883 est,
473 1797 589 1873 nimia
605 1799 720 1875 totius
736 1797 834 1874 oculi
858 1797 919 1874 vel
935 1798 1101 1875 humoris
1128 1801 1206 1900 ejus

128 1909 317 2007 eujusdam
335 1910 560 1997 convexitas,
575 1911 694 1986 veluti
709 1934 853 1986 corneoe
868 1911 980 1985 nimis
996 1913 1206 2010 prominen-

127 2021 181 2108 tis,
199 2025 260 2096 &a
286 2045 375 2120 quar
390 2021 510 2096 radios
538 2020 629 2099 lucis
645 2045 711 2120 per
736 2022 886 2096 oculum
903 2033 1133 2099 transeuntes
1150 2026 1205 2100 ni·

126 2133 192 2208 mis
214 2133 399 2233 refringit
467 2134 763 2224 Incommodum,
783 2135 992 2232 junioribus
1016 2137 1204 2228 familiare,

127 2243 215 2322 dum
240 2257 449 2332 senescunt,
483 2246 690 2346 aliquando,
727 2257 773 2322 ut
807 2247 932 2334 fertur,
968 2248 1202 2326 sublevatur:

125 2357 226 2454 quod
248 2368 375 2433 tamen
397 2359 553 2434 minime
567 2369 792 2458 perpetuum
817 2372 884 2434 est.
934 2360 1065 2446 Quum
1082 2362 1204 2458 primo

125 2464 244 2544 levius
266 2469 478 2567 hujusmodi
516 2473 653 2547 vitium
677 2471 900 2556 observatur,
936 2472 1204 2545 eonsuetudine

127 2601 181 2654 res
196 2591 351 2657 remotas
367 2583 655 2683 contemplandi,
672 2581 871 2679 oculosque
887 2606 909 2655 a
926 2580 1034 2654 valde
1048 2581 1204 2657 minutis
1244 2626 1247 2631 <

125 2702 163 2768 et
178 2694 307 2768 vicinis
333 2694 443 2770 rebus
459 2695 666 2781 cohibendi,
695 2692 973 2793 quodammodo
988 2693 1098 2780 vinei,
1127 2716 1203 2768 non

124 2827 221 2882 secus
237 2830 281 2882 ao
308 2808 491 2882 oontrario
520 2832 591 2883 usu
612 2807 713 2886 idem
729 2807 867 2883 vitium
882 2807 1033 2905 acquiri,
1058 2817 1200 2906 potest:

126 2917 314 3006 nimimm,
339 2920 428 3018 quia
451 2920 580 2996 oculus
604 2918 879 3019 quodammodo
894 2921 942 2994 ad
958 2943 1092 3005 rerum,
1109 2943 1204 3018 quas

124 3030 413 3164 oontempiatur,
434 3032 624 3107 distantias
640 3056 717 3108 sese
732 3031 984 3107 accommodat
1001 3033 1200 3130 (ccxmn)

124 3138 274 3218 Vitrum
299 3167 514 3231 concavum,
539 3144 641 3244 quod
671 3145 789 3221 radios
812 3144 895 3245 plus
911 3144 997 3219 facit
1013 3143 1202 3220 dimanare
1314 3244 1316 3249 ⁴

125 3252 337 3354 priusquam
367 3258 407 3331 in
423 3258 576 3332 oculum
604 3257 780 3344 incidant,
805 3256 1116 3356 simplicissimum
1133 3266 1199 3342 eat,

126 3375 162 3438 et
177 3367 422 3444 oerussimum
439 3367 645 3469 Mpopibns
661 3370 852 3445 auxilium.

169 3501 338 3557 ccxurx.
364 3479 598 3582 Presbpopes
613 3492 801 3568 vooantur,
821 3480 888 3580 qui
904 3480 1027 3555 visum
1044 3478 1198 3579 longum

125 3584 266 3679 habent,
283 3595 487 3667 vicinarum
502 3619 624 3669 rerum
636 3595 845 3689 confusum,
862 3594 1099 3668 remotiorum
1114 3595 1201 3668 satia

128 3697 350 3780 inunctum.
401 3705 609 3782 Contrarias
635 3708 705 3783 hoo
721 3709 858 3781 vitium
884 3730 927 3782 ao
954 3706 1111 3783 alterum
1137 3730 1198 3803 ag-

130 3818 235 3892 racis
250 3842 399 3903 eausas;
424 3818 575 3895 oculum
592 3820 774 3920 imprimis
797 3818 909 3893 nimis
933 3817 1099 3917 planum,
1122 3842 1201 3915 quo
1241 3864 1243 3868 ι

130 3931 277 4024 prium
293 3931 538 4031 refringendis
565 3933 675 4008 radiis
692 3956 767 4007 non
783 3932 914 4017 datur3
939 3929 1026 4005 hinc
1041 3930 1199 4013 senibus,

131 4039 229 4116 etiam
244 4044 292 4118 iis
307 4044 376 4143 qui
392 4043 608 4122 florentibus
623 4046 728 4121 annis
744 4045 839 4120 bene
855 4043 1033 4128 viderant,
1059 4039 1197 4116 malum

131 4146 305 4342 ieiinhfflm
323 4156 465 4232 ratione
478 4158 576 4234 haud
589 4159 751 4245 obscura,
768 4181 840 4233 usu
849 4156 936 4232 vitri
947 4153 1101 4234 convexi
1115 4147 1198 4225 suia

218 4267 228 4284 '
247 4266 351 4343 solet.
525 4280 532 4311 ·'
