2694 4792
149 339 223 409 sta
525 335 777 396 consenueris
974 325 1071 388 car.
1090 331 1250 389 xxm

153 516 609 611 ariandon-remedium
628 515 722 589 adeo
737 512 820 586 lene
836 519 875 586 et
889 517 1037 599 tutum,
1065 509 1249 590 delicatis

155 639 256 714 simis
285 637 398 711 etiam
425 630 588 707 soeminis
603 627 708 702 facile
724 622 963 713 tolerabilem,
989 622 1248 723 omnibusque

154 749 277 824 morbi
305 746 445 823 ensibus
472 741 608 843 pariter
636 736 965 825 aoeommodatum,
990 758 1072 810 non
1101 759 1246 836 semper

155 862 234 961 pari
251 885 339 936 cum
354 880 520 935 suooessu
536 851 711 939 adbiberi,
729 861 767 925 et
786 847 939 949 quidem
956 846 998 923 in
1016 847 1148 923 multis
1154 847 1238 947 jam

156 975 263 1073 aegris
280 973 412 1048 frustra
428 969 539 1044 fuisse
555 973 753 1055 tentatum.

207 1104 450 1160 Mnxxxvm.
480 1076 569 1155 Alia
585 1101 673 1152 vero
697 1072 965 1148 meditamenta
980 1071 1089 1171 quod
1104 1071 1232 1146 attinet

155 1196 203 1271 ad
229 1194 478 1295 provocandos
506 1212 650 1265 menses
678 1186 842 1261 adhiberi
871 1184 1000 1271 solita;
1028 1209 1116 1285 quae
1143 1183 1236 1272 alins,

155 1318 194 1381 et
210 1307 328 1406 magis
345 1302 532 1405 generales
548 1313 587 1376 et
603 1300 811 1375 manifestas
823 1298 918 1372 vires
935 1296 1144 1396 possident,
1160 1297 1235 1394 qui·

154 1420 223 1493 bus
252 1419 292 1491 in
323 1414 525 1516 suppressis
541 1413 728 1488 mensibus
757 1433 867 1510 opem
896 1408 992 1483 ferre
1019 1409 1235 1494 videantur;

154 1530 326 1629 quamvis
342 1540 484 1604 naturae
499 1549 574 1600 non
592 1521 704 1599 modo
728 1522 891 1609 diversae,
920 1520 987 1596 sed
1014 1520 1131 1620 plane
1154 1545 1235 1596 oon·

155 1643 274 1717 trariae
291 1643 512 1737 (occcxvu)
530 1638 614 1724 sint,
643 1636 738 1710 aotio
752 1642 792 1708 et
808 1633 1084 1709 administratio
1113 1658 1234 1710 eorum

154 1754 259 1829 facile
274 1753 539 1853 intelligentur,
564 1750 595 1823 si
611 1748 804 1823 nobiseum
832 1743 1104 1845 perpendimus
1128 1771 1228 1846 quam

153 1867 265 1941 variae
291 1867 474 1959 (nccch,
499 1865 685 1956 ncccxv1)
710 1882 829 1932 oausae
844 1880 989 1931 menses
1021 1857 1088 1933 vel
1114 1859 1227 1933 sistere

155 1976 213 2050 vel
230 1999 350 2049 arcere
365 1975 514 2058 soleant,
539 1981 577 2045 et
606 1981 701 2069 quot
725 1993 915 2070 quamque
943 1969 1108 2047 diversae
1132 1969 1228 2045 alteo

153 2087 270 2161 tiones
286 2085 464 2159 morbosae
493 2083 540 2157 ab
565 2081 714 2157 illorum
744 2079 890 2156 defectu
906 2081 948 2155 in
963 2081 1083 2158 variis
1097 2083 1230 2159 ensibus

151 2195 380 2294 provenient
431 2194 623 2294 Quicquid
633 2195 731 2269 eninr
748 2217 895 2269 oenum
908 2193 998 2268 mali
1011 2205 1228 2284 summovet,

150 2307 222 2406 ipsi
247 2306 524 2408 quodammodo
548 2305 712 2381 remedio
739 2306 831 2392 erit;
856 2306 1044 2407 quioquid
1061 2317 1227 2407 praetereo

150 2417 248 2492 mala
279 2445 301 2493 a
328 2418 527 2519 suppressis
560 2417 747 2494 mensibus
779 2418 936 2493 oriunda
969 2418 1147 2495 sublevat
1176 2416 1227 2495 rel

151 2531 258 2620 tollit,
284 2531 344 2608 vel
360 2531 583 2632 quibusdam
601 2541 750 2605 tantum
766 2551 814 2605 ex
830 2530 876 2604 iis
891 2532 1069 2621 ooeurrit,
1094 2555 1228 2607 menses

151 2667 246 2742 saepe
279 2645 402 2719 denuo
435 2641 631 2730 revocabit,
668 2666 817 2741 oorpore
848 2642 1046 2732 nimirum,
1086 2654 1226 2744 propte

149 2753 363 2852 hujusmodi
381 2754 560 2844 levamen,
585 2753 633 2828 ad
659 2752 765 2829 solita
785 2778 851 2830 sua
866 2778 1029 2848 munera
1043 2755 1222 2832 meliusin

148 2876 337 2964 postemm
354 2866 509 2942 valente.
559 2867 647 2942 Non
665 2890 769 2942 secus
788 2867 890 2943 enim
914 2891 957 2942 ao
988 2892 1136 2944 menses
1159 2869 1218 2942 rite

148 2976 306 3054 fluentes
333 2977 381 3054 ad
409 3003 618 3078 prosperam
644 2979 908 3068 valetudinem,
932 3004 1110 3082 prospera
1131 2977 1212 3054 vale

149 3088 242 3163 tudo
257 3090 305 3164 ad
320 3090 435 3164 istum
452 3090 603 3166 fluxum
620 3093 783 3166 maxime
799 3090 988 3168 oouduoit.

196 3221 398 3279 Mnxxx1x.
416 3203 567 3279 Menses
579 3228 666 3280 vero
677 3229 699 3279 a
710 3203 983 3280 duabuscausis
994 3204 1220 3306 generalibus

146 3313 441 3414 frequentissime
464 3316 663 3402 deficiunt3
688 3315 825 3391 scilieet
851 3314 913 3390 vel
940 3340 965 3390 a
994 3317 1148 3395 defectu
1171 3317 1221 3390 vis

146 3449 231 3522 quae
246 3429 463 3526 sanguinem
481 3453 548 3527 per
563 3452 648 3502 vasa
668 3436 783 3526 atque
806 3425 987 3502 foramina
1015 3431 1121 3505 uteri
1146 3452 1223 3529 pro

144 3534 279 3634 pellere
307 3536 505 3625 debuisset,
539 3537 632 3613 nihil
656 3547 789 3637 prater
817 3536 969 3614 solitum
996 3541 1123 3616 exitui
1150 3539 1225 3639 qur

143 3643 334 3733 obstante:
357 3647 420 3724 vel
435 3675 457 3723 a
472 3651 604 3725 renixu
621 3662 688 3725 aut
703 3651 971 3749 impedimento
989 3651 1122 3752 aliquo
1137 3677 1223 3754 pne

142 3767 200 3832 ter
215 3766 395 3848 naturam,
419 3759 529 3860 quale
549 3785 673 3861 neque
696 3762 812 3838 solitae
826 3763 987 3864 eorporis
1002 3765 1119 3855 vires,
1142 3790 1224 3866 que

140 3872 358 3968 sanguinem
374 3873 629 3974 propellerent,
653 3898 775 3974 neque
799 3898 886 3950 sane
913 3874 1041 3952 multo
1056 3877 1224 3977 majores,

139 4001 231 4077 quas
247 3981 308 4057 vel
323 3992 454 4058 natura
469 3985 530 4060 vel
545 4010 602 4063 ars
619 3989 858 4075 suscitaverit,
879 4006 1055 4088 superare
1072 4001 1225 4089 queant.

140 4089 347 4189 Soepissime
362 4118 449 4170 vero
465 4107 669 4199 utrumque
681 4099 818 4174 vitium
834 4099 947 4174 simul
962 4084 1084 4191 abest,
1102 4101 1228 4179 veleb

136 4199 245 4278 initio
259 4224 378 4297 easus,
396 4204 457 4281 rel
472 4208 503 4281 si
519 4206 580 4283 bio
606 4209 654 4285 ab
682 4209 867 4299 alterutra,
891 4220 931 4286 et
960 4215 1178 4313 presertim
1206 4238 1228 4290 a
