<?xml version="1.0" encoding="UTF-8"?>
<!DOCTYPE html PUBLIC "-//W3C//DTD XHTML 1.0 Transitional//EN"
    "http://www.w3.org/TR/xhtml1/DTD/xhtml1-transitional.dtd">
<html xmlns="http://www.w3.org/1999/xhtml" xml:lang="en" lang="en">
 <head>
  <title>
</title>
<meta http-equiv="Content-Type" content="text/html;charset=utf-8" />
  <meta name='ocr-system' content='tesseract 3.04.00' />
  <meta name='ocr-capabilities' content='ocr_page ocr_carea ocr_par ocr_line ocrx_word'/>
</head>
<body>
  <div class='ocr_page' id='page_1' title='image "./conspectusmedic01greggoog_0038.png"; bbox 0 0 2678 4794; ppageno 0'>
   <div class='ocr_carea' id='block_1_1' title="bbox 624 354 719 429">
    <p class='ocr_par' dir='ltr' id='par_1_1' title="bbox 624 354 719 429">
     <span class='ocr_line' id='line_1_1' title="bbox 624 354 719 429; baseline 0.011 -1"><span class='ocrx_word' id='word_1_1' title='bbox 624 354 719 429; x_wconf 82' lang='lat' dir='ltr'><strong>xxix</strong></span> 
     </span>
    </p>
   </div>
   <div class='ocr_carea' id='block_1_2' title="bbox 124 548 1208 4122">
    <p class='ocr_par' dir='ltr' id='par_1_2' title="bbox 130 548 1208 1547">
     <span class='ocr_line' id='line_1_2' title="bbox 132 548 1204 662; baseline 0.009 -33"><span class='ocrx_word' id='word_1_2' title='bbox 132 551 272 636; x_wconf 65' lang='lat' dir='ltr'>vitiam</span> <span class='ocrx_word' id='word_1_3' title='bbox 295 559 334 625; x_wconf 92' lang='lat' dir='ltr'>et</span> <span class='ocrx_word' id='word_1_4' title='bbox 358 548 437 624; x_wconf 90' lang='lat' dir='ltr'>hoc</span> <span class='ocrx_word' id='word_1_5' title='bbox 468 548 606 625; x_wconf 88' lang='lat' dir='ltr'>vitium</span> <span class='ocrx_word' id='word_1_6' title='bbox 632 552 846 653; x_wconf 88' lang='lat' dir='ltr'>ubicunque</span> <span class='ocrx_word' id='word_1_7' title='bbox 874 555 1038 647; x_wconf 78' lang='lat' dir='ltr'>haereret,</span> <span class='ocrx_word' id='word_1_8' title='bbox 1064 583 1204 662; x_wconf 87' lang='lat' dir='ltr'>semper</span> 
     </span>
     <span class='ocr_line' id='line_1_3' title="bbox 132 661 1207 769; baseline 0.01 -30"><span class='ocrx_word' id='word_1_9' title='bbox 132 661 488 750; x_wconf 85' lang='lat' dir='ltr'>essedefiniendum,</span> <span class='ocrx_word' id='word_1_10' title='bbox 513 672 552 736; x_wconf 90' lang='lat' dir='ltr'>et</span> <span class='ocrx_word' id='word_1_11' title='bbox 579 663 712 737; x_wconf 91' lang='lat' dir='ltr'>nostris</span> <span class='ocrx_word' id='word_1_12' title='bbox 741 667 907 741; x_wconf 89' lang='lat' dir='ltr'>sensibus</span> <span class='ocrx_word' id='word_1_13' title='bbox 935 668 1207 769; x_wconf 85' lang='lat' dir='ltr'>attingendum.</span> 
     </span>
     <span class='ocr_line' id='line_1_4' title="bbox 131 775 1208 883; baseline -0.001 -32"><span class='ocrx_word' id='word_1_14' title='bbox 131 776 300 851; x_wconf 86' lang='lat' dir='ltr'>Plurimae</span> <span class='ocrx_word' id='word_1_15' title='bbox 316 799 408 849; x_wconf 89' lang='lat' dir='ltr'>vero</span> <span class='ocrx_word' id='word_1_16' title='bbox 426 784 467 849; x_wconf 90' lang='lat' dir='ltr'>et</span> <span class='ocrx_word' id='word_1_17' title='bbox 484 775 693 850; x_wconf 83' lang='lat' dir='ltr'>certissimae</span> <span class='ocrx_word' id='word_1_18' title='bbox 705 777 974 854; x_wconf 87' lang='lat' dir='ltr'>observationes</span> <span class='ocrx_word' id='word_1_19' title='bbox 987 783 1072 856; x_wconf 88' lang='lat' dir='ltr'>satis</span> <span class='ocrx_word' id='word_1_20' title='bbox 1084 807 1208 883; x_wconf 86' lang='lat' dir='ltr'>super.</span> 
     </span>
     <span class='ocr_line' id='line_1_5' title="bbox 130 887 1208 988; baseline 0.006 -25"><span class='ocrx_word' id='word_1_21' title='bbox 130 914 194 988; x_wconf 88' lang='lat' dir='ltr'>que</span> <span class='ocrx_word' id='word_1_22' title='bbox 210 887 527 975; x_wconf 84' lang='lat' dir='ltr'>demonstrarunt,</span> <span class='ocrx_word' id='word_1_23' title='bbox 553 887 756 964; x_wconf 88' lang='lat' dir='ltr'>multorum</span> <span class='ocrx_word' id='word_1_24' title='bbox 771 891 985 966; x_wconf 84' lang='lat' dir='ltr'><strong>morborum</strong></span> <span class='ocrx_word' id='word_1_25' title='bbox 1003 918 1128 969; x_wconf 83' lang='lat' dir='ltr'>causas</span> <span class='ocrx_word' id='word_1_26' title='bbox 1145 921 1208 970; x_wconf 87' lang='lat' dir='ltr'>ne·</span> 
     </span>
     <span class='ocr_line' id='line_1_6' title="bbox 130 998 1207 1107; baseline 0.006 -33"><span class='ocrx_word' id='word_1_27' title='bbox 130 1002 253 1099; x_wconf 90' lang='lat' dir='ltr'>quein</span> <span class='ocrx_word' id='word_1_28' title='bbox 268 998 491 1074; x_wconf 89' lang='lat' dir='ltr'>humoribus</span> <span class='ocrx_word' id='word_1_29' title='bbox 502 1023 623 1099; x_wconf 90' lang='lat' dir='ltr'>neque</span> <span class='ocrx_word' id='word_1_30' title='bbox 632 1000 671 1074; x_wconf 93' lang='lat' dir='ltr'>in</span> <span class='ocrx_word' id='word_1_31' title='bbox 685 1002 845 1099; x_wconf 88' lang='lat' dir='ltr'>generali</span> <span class='ocrx_word' id='word_1_32' title='bbox 858 1005 1017 1101; x_wconf 90' lang='lat' dir='ltr'>corporis</span> <span class='ocrx_word' id='word_1_33' title='bbox 1029 1003 1207 1107; x_wconf 79' lang='lat' dir='ltr'>comp&#39;a&#39;ge</span> 
     </span>
     <span class='ocr_line' id='line_1_7' title="bbox 130 1111 1206 1212; baseline 0.007 -27"><span class='ocrx_word' id='word_1_34' title='bbox 130 1111 237 1185; x_wconf 82' lang='lat' dir='ltr'>solida</span> <span class='ocrx_word' id='word_1_35' title='bbox 260 1112 347 1186; x_wconf 84' lang='lat' dir='ltr'>sitas</span> <span class='ocrx_word' id='word_1_36' title='bbox 372 1135 462 1198; x_wconf 89' lang='lat' dir='ltr'>esse,</span> <span class='ocrx_word' id='word_1_37' title='bbox 488 1134 609 1209; x_wconf 91' lang='lat' dir='ltr'>neque</span> <span class='ocrx_word' id='word_1_38' title='bbox 636 1112 715 1186; x_wconf 94' lang='lat' dir='ltr'>ullo</span> <span class='ocrx_word' id='word_1_39' title='bbox 743 1123 852 1212; x_wconf 85' lang='lat' dir='ltr'>pacto</span> <span class='ocrx_word' id='word_1_40' title='bbox 880 1116 1044 1193; x_wconf 86' lang='lat' dir='ltr'>sensibus</span> <span class='ocrx_word' id='word_1_41' title='bbox 1073 1122 1206 1193; x_wconf 87' lang='lat' dir='ltr'>nostris</span> 
     </span>
     <span class='ocr_line' id='line_1_8' title="bbox 130 1222 1205 1327; baseline 0.012 -32"><span class='ocrx_word' id='word_1_42' title='bbox 130 1222 248 1322; x_wconf 85' lang='lat' dir='ltr'>detegi</span> <span class='ocrx_word' id='word_1_43' title='bbox 263 1247 389 1322; x_wconf 87' lang='lat' dir='ltr'>posse;</span> <span class='ocrx_word' id='word_1_44' title='bbox 415 1222 595 1298; x_wconf 90' lang='lat' dir='ltr'>nimirum</span> <span class='ocrx_word' id='word_1_45' title='bbox 612 1249 699 1322; x_wconf 88' lang='lat' dir='ltr'>quae</span> <span class='ocrx_word' id='word_1_46' title='bbox 714 1250 809 1324; x_wconf 88' lang='lat' dir='ltr'>saepe</span> <span class='ocrx_word' id='word_1_47' title='bbox 825 1228 863 1300; x_wconf 93' lang='lat' dir='ltr'>in</span> <span class='ocrx_word' id='word_1_48' title='bbox 876 1249 1019 1327; x_wconf 81' lang='lat' dir='ltr'>genere</span> <span class='ocrx_word' id='word_1_49' title='bbox 1049 1254 1205 1308; x_wconf 83' lang='lat' dir='ltr'>nervoso</span> 
     </span>
     <span class='ocr_line' id='line_1_9' title="bbox 131 1333 1203 1421; baseline 0.009 -14"><span class='ocrx_word' id='word_1_50' title='bbox 131 1333 278 1421; x_wconf 83' lang='lat' dir='ltr'>lateant,</span> <span class='ocrx_word' id='word_1_51' title='bbox 302 1346 341 1408; x_wconf 86' lang='lat' dir='ltr'>et</span> <span class='ocrx_word' id='word_1_52' title='bbox 357 1334 545 1408; x_wconf 86' lang='lat' dir='ltr'>oculorum</span> <span class='ocrx_word' id='word_1_53' title='bbox 572 1344 611 1409; x_wconf 90' lang='lat' dir='ltr'>et</span> <span class='ocrx_word' id='word_1_54' title='bbox 635 1338 806 1411; x_wconf 90' lang='lat' dir='ltr'>omnium</span> <span class='ocrx_word' id='word_1_55' title='bbox 822 1361 997 1413; x_wconf 90' lang='lat' dir='ltr'>sensuum</span> <span class='ocrx_word' id='word_1_56' title='bbox 1015 1342 1129 1416; x_wconf 86' lang='lat' dir='ltr'>aciem</span> <span class='ocrx_word' id='word_1_57' title='bbox 1145 1343 1203 1418; x_wconf 84' lang='lat' dir='ltr'>lu-</span> 
     </span>
     <span class='ocr_line' id='line_1_10' title="bbox 132 1443 873 1547; baseline 0.009 -30"><span class='ocrx_word' id='word_1_58' title='bbox 132 1443 280 1545; x_wconf 83' lang='lat' dir='ltr'>gientes,</span> <span class='ocrx_word' id='word_1_59' title='bbox 305 1445 387 1520; x_wconf 92' lang='lat' dir='ltr'>solis</span> <span class='ocrx_word' id='word_1_60' title='bbox 402 1446 597 1521; x_wconf 86' lang='lat' dir='ltr'>effectibus</span> <span class='ocrx_word' id='word_1_61' title='bbox 614 1472 690 1522; x_wconf 86' lang='lat' dir='ltr'>sese</span> <span class='ocrx_word' id='word_1_62' title='bbox 707 1448 873 1547; x_wconf 81' lang='lat' dir='ltr'>prodant.</span> 
     </span>
    </p>

    <p class='ocr_par' dir='ltr' id='par_1_3' title="bbox 127 1556 1205 2443">
     <span class='ocr_line' id='line_1_11' title="bbox 172 1556 1202 1641; baseline 0.01 -10"><span class='ocrx_word' id='word_1_63' title='bbox 172 1557 291 1631; x_wconf 91' lang='lat' dir='ltr'>Hunc</span> <span class='ocrx_word' id='word_1_64' title='bbox 318 1557 360 1630; x_wconf 91' lang='lat' dir='ltr'>in</span> <span class='ocrx_word' id='word_1_65' title='bbox 386 1556 552 1632; x_wconf 88' lang='lat' dir='ltr'>doctrina</span> <span class='ocrx_word' id='word_1_66' title='bbox 568 1560 864 1636; x_wconf 78' lang='lat' dir='ltr'>Boerlrauviana</span> <span class='ocrx_word' id='word_1_67' title='bbox 891 1561 1079 1638; x_wconf 88' lang='lat' dir='ltr'>defectum</span> <span class='ocrx_word' id='word_1_68' title='bbox 1107 1568 1202 1641; x_wconf 85' lang='lat' dir='ltr'>tanti</span> 
     </span>
     <span class='ocr_line' id='line_1_12' title="bbox 128 1670 1203 1771; baseline 0.009 -29"><span class='ocrx_word' id='word_1_69' title='bbox 128 1670 355 1769; x_wconf 75' lang='lat' dir='ltr'>prteceptoris</span> <span class='ocrx_word' id='word_1_70' title='bbox 365 1692 441 1743; x_wconf 92' lang='lat' dir='ltr'>non</span> <span class='ocrx_word' id='word_1_71' title='bbox 453 1671 628 1769; x_wconf 84' lang='lat' dir='ltr'>indignus</span> <span class='ocrx_word' id='word_1_72' title='bbox 639 1671 851 1771; x_wconf 88' lang='lat' dir='ltr'>discipulus,</span> <span class='ocrx_word' id='word_1_73' title='bbox 864 1673 1015 1751; x_wconf 91' lang='lat' dir='ltr'>illustris</span> <span class='ocrx_word' id='word_1_74' title='bbox 1028 1675 1203 1753; x_wconf 81' lang='lat' dir='ltr'>Gaubius</span> 
     </span>
     <span class='ocr_line' id='line_1_13' title="bbox 130 1782 1205 1893; baseline 0.007 -38"><span class='ocrx_word' id='word_1_75' title='bbox 130 1782 261 1893; x_wconf 81' lang='lat' dir='ltr'>(quem</span> <span class='ocrx_word' id='word_1_76' title='bbox 280 1792 545 1881; x_wconf 81' lang='lat' dir='ltr'>praeceptorem</span> <span class='ocrx_word' id='word_1_77' title='bbox 574 1784 613 1856; x_wconf 92' lang='lat' dir='ltr'>in</span> <span class='ocrx_word' id='word_1_78' title='bbox 643 1795 720 1859; x_wconf 89' lang='lat' dir='ltr'>arte</span> <span class='ocrx_word' id='word_1_79' title='bbox 750 1785 890 1860; x_wconf 84' lang='lat' dir='ltr'>medica</span> <span class='ocrx_word' id='word_1_80' title='bbox 918 1784 1005 1859; x_wconf 89' lang='lat' dir='ltr'>olim</span> <span class='ocrx_word' id='word_1_81' title='bbox 1036 1787 1205 1862; x_wconf 87' lang='lat' dir='ltr'>habuisse</span> 
     </span>
     <span class='ocr_line' id='line_1_14' title="bbox 128 1893 1203 1995; baseline 0.007 -29"><span class='ocrx_word' id='word_1_82' title='bbox 128 1894 215 1967; x_wconf 89' lang='lat' dir='ltr'>mibi</span> <span class='ocrx_word' id='word_1_83' title='bbox 229 1893 421 1994; x_wconf 79' lang='lat' dir='ltr'>gratulor),</span> <span class='ocrx_word' id='word_1_84' title='bbox 447 1895 487 1967; x_wconf 91' lang='lat' dir='ltr'>in</span> <span class='ocrx_word' id='word_1_85' title='bbox 513 1894 784 1995; x_wconf 86' lang='lat' dir='ltr'>elegantissimo</span> <span class='ocrx_word' id='word_1_86' title='bbox 812 1922 880 1973; x_wconf 92' lang='lat' dir='ltr'>suo</span> <span class='ocrx_word' id='word_1_87' title='bbox 908 1897 1033 1972; x_wconf 92' lang='lat' dir='ltr'>libello</span> <span class='ocrx_word' id='word_1_88' title='bbox 1061 1898 1109 1972; x_wconf 92' lang='lat' dir='ltr'>de</span> <span class='ocrx_word' id='word_1_89' title='bbox 1124 1899 1203 1973; x_wconf 88' lang='lat' dir='ltr'>Po·</span> 
     </span>
     <span class='ocr_line' id='line_1_15' title="bbox 127 2003 1201 2109; baseline 0.006 -30"><span class='ocrx_word' id='word_1_90' title='bbox 127 2003 288 2107; x_wconf 79' lang='lat' dir='ltr'>tkologio</span> <span class='ocrx_word' id='word_1_91' title='bbox 322 2006 550 2094; x_wconf 85' lang='lat' dir='ltr'>Medicinali,</span> <span class='ocrx_word' id='word_1_92' title='bbox 587 2008 818 2108; x_wconf 87' lang='lat' dir='ltr'>aliquatenus</span> <span class='ocrx_word' id='word_1_93' title='bbox 851 2010 1022 2109; x_wconf 86' lang='lat' dir='ltr'>supplere</span> <span class='ocrx_word' id='word_1_94' title='bbox 1048 2020 1201 2085; x_wconf 87' lang='lat' dir='ltr'>conatus</span> 
     </span>
     <span class='ocr_line' id='line_1_16' title="bbox 127 2118 1199 2221; baseline 0.004 -29"><span class='ocrx_word' id='word_1_95' title='bbox 127 2128 186 2206; x_wconf 83' lang='lat' dir='ltr'>est,</span> <span class='ocrx_word' id='word_1_96' title='bbox 210 2130 249 2193; x_wconf 88' lang='lat' dir='ltr'>et</span> <span class='ocrx_word' id='word_1_97' title='bbox 264 2118 502 2194; x_wconf 79' lang='lat' dir='ltr'>Boerkoavii</span> <span class='ocrx_word' id='word_1_98' title='bbox 518 2119 720 2195; x_wconf 85' lang='lat' dir='ltr'>doctrinam</span> <span class='ocrx_word' id='word_1_99' title='bbox 739 2123 835 2197; x_wconf 88' lang='lat' dir='ltr'>sicut</span> <span class='ocrx_word' id='word_1_100' title='bbox 851 2122 890 2195; x_wconf 93' lang='lat' dir='ltr'>in</span> <span class='ocrx_word' id='word_1_101' title='bbox 908 2122 1017 2197; x_wconf 89' lang='lat' dir='ltr'>variis</span> <span class='ocrx_word' id='word_1_102' title='bbox 1034 2123 1199 2221; x_wconf 85' lang='lat' dir='ltr'>partibus</span> 
     </span>
     <span class='ocr_line' id='line_1_17' title="bbox 127 2230 1200 2333; baseline 0.005 -29"><span class='ocrx_word' id='word_1_103' title='bbox 127 2230 367 2329; x_wconf 85' lang='lat' dir='ltr'>pulcherrime</span> <span class='ocrx_word' id='word_1_104' title='bbox 390 2231 535 2305; x_wconf 87' lang='lat' dir='ltr'>ornavit</span> <span class='ocrx_word' id='word_1_105' title='bbox 550 2241 589 2306; x_wconf 90' lang='lat' dir='ltr'>et</span> <span class='ocrx_word' id='word_1_106' title='bbox 604 2233 794 2332; x_wconf 87' lang='lat' dir='ltr'>explicuit,</span> <span class='ocrx_word' id='word_1_107' title='bbox 821 2233 872 2309; x_wconf 90' lang='lat' dir='ltr'>sic</span> <span class='ocrx_word' id='word_1_108' title='bbox 896 2233 943 2306; x_wconf 90' lang='lat' dir='ltr'>de</span> <span class='ocrx_word' id='word_1_109' title='bbox 968 2231 1037 2309; x_wconf 89' lang='lat' dir='ltr'>hac</span> <span class='ocrx_word' id='word_1_110' title='bbox 1053 2258 1092 2307; x_wconf 93' lang='lat' dir='ltr'>re</span> <span class='ocrx_word' id='word_1_111' title='bbox 1108 2259 1200 2333; x_wconf 77' lang='lat' dir='ltr'>prm·</span> 
     </span>
     <span class='ocr_line' id='line_1_18' title="bbox 129 2342 1116 2443; baseline 0.004 -27"><span class='ocrx_word' id='word_1_112' title='bbox 129 2343 261 2431; x_wconf 89' lang='lat' dir='ltr'>sertim,</span> <span class='ocrx_word' id='word_1_113' title='bbox 284 2342 444 2441; x_wconf 88' lang='lat' dir='ltr'>plurima</span> <span class='ocrx_word' id='word_1_114' title='bbox 460 2367 556 2417; x_wconf 85' lang='lat' dir='ltr'>nova</span> <span class='ocrx_word' id='word_1_115' title='bbox 572 2354 611 2416; x_wconf 92' lang='lat' dir='ltr'>et</span> <span class='ocrx_word' id='word_1_116' title='bbox 626 2345 816 2443; x_wconf 80' lang='lat' dir='ltr'>ingeniosa</span> <span class='ocrx_word' id='word_1_117' title='bbox 832 2346 954 2418; x_wconf 89' lang='lat' dir='ltr'>eidem</span> <span class='ocrx_word' id='word_1_118' title='bbox 972 2345 1116 2442; x_wconf 85' lang='lat' dir='ltr'>adjecit.</span> 
     </span>
    </p>

    <p class='ocr_par' dir='ltr' id='par_1_4' title="bbox 126 2453 1202 3203">
     <span class='ocr_line' id='line_1_19' title="bbox 179 2453 1202 2553; baseline 0.001 -25"><span class='ocrx_word' id='word_1_119' title='bbox 179 2453 314 2552; x_wconf 86' lang='lat' dir='ltr'>Neque</span> <span class='ocrx_word' id='word_1_120' title='bbox 336 2479 424 2530; x_wconf 83' lang='lat' dir='ltr'>vero</span> <span class='ocrx_word' id='word_1_121' title='bbox 440 2457 537 2530; x_wconf 91' lang='lat' dir='ltr'>solus</span> <span class='ocrx_word' id='word_1_122' title='bbox 554 2453 820 2530; x_wconf 78' lang='lat' dir='ltr'>Boerlroovirrs</span> <span class='ocrx_word' id='word_1_123' title='bbox 849 2454 1003 2550; x_wconf 84' lang='lat' dir='ltr'>ejusque</span> <span class='ocrx_word' id='word_1_124' title='bbox 1030 2456 1202 2553; x_wconf 90' lang='lat' dir='ltr'>discipuli</span> 
     </span>
     <span class='ocr_line' id='line_1_20' title="bbox 129 2561 1202 2655; baseline -0.001 -15"><span class='ocrx_word' id='word_1_125' title='bbox 129 2565 312 2640; x_wconf 81' lang='lat' dir='ltr'>scientiam</span> <span class='ocrx_word' id='word_1_126' title='bbox 329 2569 519 2655; x_wconf 86' lang='lat' dir='ltr'>medicam,</span> <span class='ocrx_word' id='word_1_127' title='bbox 545 2566 615 2639; x_wconf 93' lang='lat' dir='ltr'>sub</span> <span class='ocrx_word' id='word_1_128' title='bbox 631 2564 746 2638; x_wconf 90' lang='lat' dir='ltr'>finem</span> <span class='ocrx_word' id='word_1_129' title='bbox 770 2561 881 2638; x_wconf 88' lang='lat' dir='ltr'>seculi</span> <span class='ocrx_word' id='word_1_130' title='bbox 899 2563 1033 2635; x_wconf 90' lang='lat' dir='ltr'>decimi</span> <span class='ocrx_word' id='word_1_131' title='bbox 1051 2566 1146 2637; x_wconf 87' lang='lat' dir='ltr'>sexti</span> <span class='ocrx_word' id='word_1_132' title='bbox 1163 2575 1202 2639; x_wconf 90' lang='lat' dir='ltr'>et</span> 
     </span>
     <span class='ocr_line' id='line_1_21' title="bbox 127 2673 1199 2778; baseline -0.002 -26"><span class='ocrx_word' id='word_1_133' title='bbox 127 2677 272 2753; x_wconf 88' lang='lat' dir='ltr'>initium</span> <span class='ocrx_word' id='word_1_134' title='bbox 304 2679 438 2755; x_wconf 88' lang='lat' dir='ltr'>decimi</span> <span class='ocrx_word' id='word_1_135' title='bbox 473 2679 632 2778; x_wconf 87' lang='lat' dir='ltr'>septimi,</span> <span class='ocrx_word' id='word_1_136' title='bbox 674 2675 853 2751; x_wconf 86' lang='lat' dir='ltr'>ornabant</span> <span class='ocrx_word' id='word_1_137' title='bbox 893 2683 933 2749; x_wconf 90' lang='lat' dir='ltr'>et</span> <span class='ocrx_word' id='word_1_138' title='bbox 974 2673 1199 2750; x_wconf 82' lang='lat' dir='ltr'>excolebant.</span> 
     </span>
     <span class='ocr_line' id='line_1_22' title="bbox 127 2786 1202 2889; baseline -0.002 -25"><span class='ocrx_word' id='word_1_139' title='bbox 127 2786 238 2865; x_wconf 84' lang='lat' dir='ltr'>Multi</span> <span class='ocrx_word' id='word_1_140' title='bbox 254 2800 294 2866; x_wconf 91' lang='lat' dir='ltr'>et</span> <span class='ocrx_word' id='word_1_141' title='bbox 309 2790 540 2867; x_wconf 79' lang='lat' dir='ltr'>aestimabiles</span> <span class='ocrx_word' id='word_1_142' title='bbox 556 2800 732 2878; x_wconf 87' lang='lat' dir='ltr'>auctores,</span> <span class='ocrx_word' id='word_1_143' title='bbox 750 2787 885 2889; x_wconf 82' lang='lat' dir='ltr'>singuli</span> <span class='ocrx_word' id='word_1_144' title='bbox 903 2788 1052 2888; x_wconf 83' lang='lat' dir='ltr'>propn‘o</span> <span class='ocrx_word' id='word_1_145' title='bbox 1064 2787 1202 2878; x_wconf 88' lang='lat' dir='ltr'>Marte,</span> 
     </span>
     <span class='ocr_line' id='line_1_23' title="bbox 126 2902 1200 3002; baseline -0.001 -26"><span class='ocrx_word' id='word_1_146' title='bbox 126 2904 309 3002; x_wconf 76' lang='lat' dir='ltr'>magnoin</span> <span class='ocrx_word' id='word_1_147' title='bbox 325 2913 404 2979; x_wconf 86' lang='lat' dir='ltr'>arte</span> <span class='ocrx_word' id='word_1_148' title='bbox 432 2914 555 2977; x_wconf 87' lang='lat' dir='ltr'>nostra</span> <span class='ocrx_word' id='word_1_149' title='bbox 582 2902 703 2977; x_wconf 88' lang='lat' dir='ltr'>conati</span> <span class='ocrx_word' id='word_1_150' title='bbox 733 2911 831 2989; x_wconf 87' lang='lat' dir='ltr'>sunt,</span> <span class='ocrx_word' id='word_1_151' title='bbox 860 2910 898 2975; x_wconf 89' lang='lat' dir='ltr'>et</span> <span class='ocrx_word' id='word_1_152' title='bbox 927 2925 1012 2975; x_wconf 89' lang='lat' dir='ltr'>suos</span> <span class='ocrx_word' id='word_1_153' title='bbox 1041 2902 1200 3000; x_wconf 87' lang='lat' dir='ltr'>quisque</span> 
     </span>
     <span class='ocr_line' id='line_1_24' title="bbox 126 3012 1199 3114; baseline -0.003 -24"><span class='ocrx_word' id='word_1_154' title='bbox 126 3025 361 3104; x_wconf 77' lang='lat' dir='ltr'>assectatores,</span> <span class='ocrx_word' id='word_1_155' title='bbox 386 3038 544 3114; x_wconf 85' lang='lat' dir='ltr'>suasque</span> <span class='ocrx_word' id='word_1_156' title='bbox 569 3038 645 3089; x_wconf 92' lang='lat' dir='ltr'>non</span> <span class='ocrx_word' id='word_1_157' title='bbox 672 3014 873 3087; x_wconf 85' lang='lat' dir='ltr'>immeritas</span> <span class='ocrx_word' id='word_1_158' title='bbox 890 3012 1027 3101; x_wconf 89' lang='lat' dir='ltr'>laudes,</span> <span class='ocrx_word' id='word_1_159' title='bbox 1052 3014 1199 3088; x_wconf 88' lang='lat' dir='ltr'>sibimet</span> 
     </span>
     <span class='ocr_line' id='line_1_25' title="bbox 127 3125 365 3203; baseline 0.008 -4"><span class='ocrx_word' id='word_1_160' title='bbox 127 3125 365 3203; x_wconf 78' lang='lat' dir='ltr'>vindicarunt.</span> 
     </span>
    </p>

    <p class='ocr_par' dir='ltr' id='par_1_5' title="bbox 124 3222 1199 4122">
     <span class='ocr_line' id='line_1_26' title="bbox 172 3222 1198 3340; baseline -0.002 -28"><span class='ocrx_word' id='word_1_161' title='bbox 172 3238 435 3340; x_wconf 70' lang='lat' dir='ltr'>Hcffmonnus</span> <span class='ocrx_word' id='word_1_162' title='bbox 450 3239 642 3340; x_wconf 90' lang='lat' dir='ltr'>imprimis,</span> <span class='ocrx_word' id='word_1_163' title='bbox 663 3240 721 3314; x_wconf 90' lang='lat' dir='ltr'>vir</span> <span class='ocrx_word' id='word_1_164' title='bbox 736 3222 902 3340; x_wconf 71' lang='lat' dir='ltr'>apprime</span> <span class='ocrx_word' id='word_1_165' title='bbox 918 3238 1059 3324; x_wconf 91' lang='lat' dir='ltr'>doctus,</span> <span class='ocrx_word' id='word_1_166' title='bbox 1086 3237 1198 3310; x_wconf 89' lang='lat' dir='ltr'>medi-</span> 
     </span>
     <span class='ocr_line' id='line_1_27' title="bbox 127 3348 1198 3452; baseline -0.001 -28"><span class='ocrx_word' id='word_1_167' title='bbox 127 3371 185 3424; x_wconf 88' lang='lat' dir='ltr'>cus</span> <span class='ocrx_word' id='word_1_168' title='bbox 210 3353 474 3452; x_wconf 79' lang='lat' dir='ltr'>sagacissimus,</span> <span class='ocrx_word' id='word_1_169' title='bbox 499 3351 764 3440; x_wconf 88' lang='lat' dir='ltr'>solertissimus,</span> <span class='ocrx_word' id='word_1_170' title='bbox 789 3348 1135 3449; x_wconf 89' lang='lat' dir='ltr'>experientissimus,</span> <span class='ocrx_word' id='word_1_171' title='bbox 1159 3359 1198 3423; x_wconf 90' lang='lat' dir='ltr'>et</span> 
     </span>
     <span class='ocr_line' id='line_1_28' title="bbox 125 3461 1199 3562; baseline -0.003 -26"><span class='ocrx_word' id='word_1_172' title='bbox 125 3463 272 3562; x_wconf 83' lang='lat' dir='ltr'>scriptor</span> <span class='ocrx_word' id='word_1_173' title='bbox 298 3466 510 3553; x_wconf 89' lang='lat' dir='ltr'>immensus,</span> <span class='ocrx_word' id='word_1_174' title='bbox 534 3463 711 3537; x_wconf 89' lang='lat' dir='ltr'>nimirum</span> <span class='ocrx_word' id='word_1_175' title='bbox 737 3463 803 3562; x_wconf 92' lang='lat' dir='ltr'>qui</span> <span class='ocrx_word' id='word_1_176' title='bbox 833 3484 900 3559; x_wconf 91' lang='lat' dir='ltr'>per</span> <span class='ocrx_word' id='word_1_177' title='bbox 928 3461 1199 3559; x_wconf 83' lang='lat' dir='ltr'>qninquaginta</span> 
     </span>
     <span class='ocr_line' id='line_1_29' title="bbox 124 3572 1198 3675; baseline -0.001 -29"><span class='ocrx_word' id='word_1_178' title='bbox 124 3595 233 3650; x_wconf 83' lang='lat' dir='ltr'>mnus</span> <span class='ocrx_word' id='word_1_179' title='bbox 256 3586 296 3650; x_wconf 90' lang='lat' dir='ltr'>et</span> <span class='ocrx_word' id='word_1_180' title='bbox 321 3575 482 3675; x_wconf 86' lang='lat' dir='ltr'>amplius</span> <span class='ocrx_word' id='word_1_181' title='bbox 511 3574 675 3663; x_wconf 88' lang='lat' dir='ltr'>florebat,</span> <span class='ocrx_word' id='word_1_182' title='bbox 704 3583 743 3648; x_wconf 92' lang='lat' dir='ltr'>et</span> <span class='ocrx_word' id='word_1_183' title='bbox 759 3573 833 3647; x_wconf 88' lang='lat' dir='ltr'>fere</span> <span class='ocrx_word' id='word_1_184' title='bbox 849 3572 991 3646; x_wconf 89' lang='lat' dir='ltr'>tamdiu</span> <span class='ocrx_word' id='word_1_185' title='bbox 1009 3572 1198 3659; x_wconf 89' lang='lat' dir='ltr'>scribebat,</span> 
     </span>
     <span class='ocr_line' id='line_1_30' title="bbox 124 3684 1198 3787; baseline -0.001 -28"><span class='ocrx_word' id='word_1_186' title='bbox 124 3684 295 3783; x_wconf 88' lang='lat' dir='ltr'>plurimas</span> <span class='ocrx_word' id='word_1_187' title='bbox 307 3699 486 3787; x_wconf 80' lang='lat' dir='ltr'>etgraves</span> <span class='ocrx_word' id='word_1_188' title='bbox 498 3688 546 3760; x_wconf 88' lang='lat' dir='ltr'>de</span> <span class='ocrx_word' id='word_1_189' title='bbox 558 3696 689 3760; x_wconf 88' lang='lat' dir='ltr'>natura</span> <span class='ocrx_word' id='word_1_190' title='bbox 701 3685 913 3760; x_wconf 90' lang='lat' dir='ltr'>morborum</span> <span class='ocrx_word' id='word_1_191' title='bbox 927 3684 1198 3758; x_wconf 87' lang='lat' dir='ltr'>observationes</span> 
     </span>
     <span class='ocr_line' id='line_1_31' title="bbox 124 3794 1198 3896; baseline -0.004 -25"><span class='ocrx_word' id='word_1_192' title='bbox 124 3821 247 3874; x_wconf 86' lang='lat' dir='ltr'>acervo</span> <span class='ocrx_word' id='word_1_193' title='bbox 263 3801 428 3875; x_wconf 69' lang='lat' dir='ltr'>scientiae</span> <span class='ocrx_word' id='word_1_194' title='bbox 444 3800 596 3874; x_wconf 85' lang='lat' dir='ltr'>medicae</span> <span class='ocrx_word' id='word_1_195' title='bbox 612 3797 753 3896; x_wconf 84' lang='lat' dir='ltr'>adjecit</span> <span class='ocrx_word' id='word_1_196' title='bbox 806 3795 910 3870; x_wconf 90' lang='lat' dir='ltr'>Huic</span> <span class='ocrx_word' id='word_1_197' title='bbox 934 3796 1075 3870; x_wconf 84' lang='lat' dir='ltr'>auctori</span> <span class='ocrx_word' id='word_1_198' title='bbox 1103 3794 1198 3868; x_wconf 88' lang='lat' dir='ltr'>bene</span> 
     </span>
     <span class='ocr_line' id='line_1_32' title="bbox 124 3906 1196 4013; baseline -0.008 -25"><span class='ocrx_word' id='word_1_199' title='bbox 124 3923 353 4013; x_wconf 79' lang='lat' dir='ltr'>perspectum</span> <span class='ocrx_word' id='word_1_200' title='bbox 378 3920 456 3985; x_wconf 81' lang='lat' dir='ltr'>erat</span> <span class='ocrx_word' id='word_1_201' title='bbox 481 3922 644 4010; x_wconf 90' lang='lat' dir='ltr'>quantus</span> <span class='ocrx_word' id='word_1_202' title='bbox 673 3932 801 3983; x_wconf 89' lang='lat' dir='ltr'>eorum</span> <span class='ocrx_word' id='word_1_203' title='bbox 830 3933 928 3982; x_wconf 88' lang='lat' dir='ltr'>error</span> <span class='ocrx_word' id='word_1_204' title='bbox 956 3906 1095 3994; x_wconf 87' lang='lat' dir='ltr'>fuisset,</span> <span class='ocrx_word' id='word_1_205' title='bbox 1120 3906 1196 4005; x_wconf 86' lang='lat' dir='ltr'>qui,</span> 
     </span>
     <span class='ocr_line' id='line_1_33' title="bbox 125 4018 1197 4122; baseline -0.009 -26"><span class='ocrx_word' id='word_1_206' title='bbox 125 4018 315 4097; x_wconf 86' lang='lat' dir='ltr'>humorum</span> <span class='ocrx_word' id='word_1_207' title='bbox 327 4020 555 4122; x_wconf 76' lang='lat' dir='ltr'>Potlologzb</span> <span class='ocrx_word' id='word_1_208' title='bbox 567 4022 676 4096; x_wconf 88' lang='lat' dir='ltr'>nimis</span> <span class='ocrx_word' id='word_1_209' title='bbox 688 4021 868 4120; x_wconf 87' lang='lat' dir='ltr'>occupati,</span> <span class='ocrx_word' id='word_1_210' title='bbox 884 4019 974 4093; x_wconf 89' lang='lat' dir='ltr'>etin</span> <span class='ocrx_word' id='word_1_211' title='bbox 988 4024 1197 4093; x_wconf 83' lang='lat' dir='ltr'>commenta</span> 
     </span>
    </p>
   </div>
   <div class='ocr_carea' id='block_1_3' title="bbox 127 4123 1294 4211">
    <p class='ocr_par' dir='ltr' id='par_1_6' title="bbox 127 4123 1294 4211">
     <span class='ocr_line' id='line_1_34' title="bbox 127 4123 1294 4211; baseline 0 0"><span class='ocrx_word' id='word_1_212' title='bbox 127 4131 373 4211; x_wconf 72' lang='lat' dir='ltr'>(bcmicorrrm</span> <span class='ocrx_word' id='word_1_213' title='bbox 389 4145 428 4209; x_wconf 93' lang='lat' dir='ltr'>et</span> <span class='ocrx_word' id='word_1_214' title='bbox 445 4132 797 4209; x_wconf 86' lang='lat' dir='ltr'>Mathematicorum</span> <span class='ocrx_word' id='word_1_215' title='bbox 809 4134 857 4206; x_wconf 89' lang='lat' dir='ltr'>de</span> <span class='ocrx_word' id='word_1_216' title='bbox 868 4131 1005 4206; x_wconf 92' lang='lat' dir='ltr'>morbis</span> <span class='ocrx_word' id='word_1_217' title='bbox 1017 4153 1102 4204; x_wconf 91' lang='lat' dir='ltr'>cum</span> <span class='ocrx_word' id='word_1_218' title='bbox 1114 4123 1196 4197; x_wconf 87' lang='lat' dir='ltr'>flui-</span> <span class='ocrx_word' id='word_1_219' title='bbox 1292 4208 1294 4211; x_wconf 83' lang='lat'>.</span> 
     </span>
    </p>
   </div>
   <div class='ocr_carea' id='block_1_4' title="bbox 124 4235 1195 4345">
    <p class='ocr_par' dir='ltr' id='par_1_7' title="bbox 124 4235 1195 4345">
     <span class='ocr_line' id='line_1_35' title="bbox 124 4235 1195 4345; baseline -0.01 -23"><span class='ocrx_word' id='word_1_220' title='bbox 124 4241 251 4322; x_wconf 77' lang='lat' dir='ltr'>durum</span> <span class='ocrx_word' id='word_1_221' title='bbox 264 4258 348 4322; x_wconf 91' lang='lat' dir='ltr'>tum</span> <span class='ocrx_word' id='word_1_222' title='bbox 359 4246 557 4321; x_wconf 89' lang='lat' dir='ltr'>solidarum</span> <span class='ocrx_word' id='word_1_223' title='bbox 574 4247 736 4345; x_wconf 87' lang='lat' dir='ltr'>partium</span> <span class='ocrx_word' id='word_1_224' title='bbox 752 4243 838 4345; x_wconf 91' lang='lat' dir='ltr'>plus</span> <span class='ocrx_word' id='word_1_225' title='bbox 854 4267 963 4343; x_wconf 76' lang='lat' dir='ltr'>aequo</span> <span class='ocrx_word' id='word_1_226' title='bbox 977 4235 1123 4321; x_wconf 82' lang='lat' dir='ltr'>intenti,</span> <span class='ocrx_word' id='word_1_227' title='bbox 1140 4258 1195 4311; x_wconf 86' lang='lat' dir='ltr'>ac-</span> 
     </span>
    </p>
   </div>
   <div class='ocr_carea' id='block_1_5' title="bbox 0 0 1344 4794">
    <p class='ocr_par' dir='ltr' id='par_1_8' title="bbox 0 0 1344 4794">
     <span class='ocr_line' id='line_1_36' title="bbox 0 0 1344 4794; baseline 0 2"><span class='ocrx_word' id='word_1_228' title='bbox 0 0 1344 4794; x_wconf 95' lang='lat' dir='ltr'> </span> 
     </span>
    </p>
   </div>
  </div>
 </body>
</html>
